4884 6717
432 4845 591 4896 ronanam.

613 467 679 531 514
1086 475 1138 530 44.
1175 474 1395 533 CONOILIUM
1418 476 1645 534 PARISIENSE
1669 477 1706 532 Α.
1725 475 1799 532 825.

613 677 643 725 et
664 671 756 740 fissile,
785 673 905 741 leonum,
934 671 1019 726 boum
1042 679 1071 726 et
1091 673 1246 742 palmarum
1276 681 1304 726 et
1326 674 1464 727 hominnm
1503 682 1532 727 et
1560 691 1616 727 non
1647 679 1689 727 est
1715 674 1896 744 reprehensus
1919 691 1937 727 a
1959 674 2031 727 Deo.
2078 673 2106 728 Si
2131 674 2204 729 enirn
2228 692 2272 728 mc

613 778 816 848 reprehendere
839 780 881 832 ris
903 797 953 849 pro
977 778 1151 850 imaginihus,
1172 779 1346 849 reprehende
1369 781 1469 847 Deum,
1492 781 1539 850 qui
1563 781 1632 835 haec
1655 778 1714 833 fieri
1738 781 1823 849 iussit,
1846 781 1874 833 in
1897 781 2029 834 memoria
2052 782 2110 835 eius
2126 798 2187 834 esse
2204 798 2273 852 erga

613 902 672 939 uos.
718 885 838 939 Iudaeus
860 885 943 939 dixit:
977 884 1032 940 Sed
1062 903 1118 939 non
1148 886 1336 939 adorabantur
1365 887 1431 940 illae
1461 887 1530 940 sieut
1553 887 1590 940 dii
1613 887 1812 952 similitudines,
1841 887 1890 940 sed
1919 887 2050 940 memoria
2080 889 2271 941 tantummodo

614 990 709 1045 fiebat.
756 990 926 1046 christinus
955 993 1038 1045 dixit:
1076 991 1153 1046 Bene
1184 993 1286 1057 dixisti,
1323 1010 1414 1063 neque
1445 1011 1462 1047 a
1490 992 1571 1047 nohis
1600 1001 1630 1046 ut
1660 994 1697 1046 dii
1734 993 1883 1046 adorantur
1919 1001 2073 1047 sauctorum
2103 993 2211 1065 effigies
2242 1003 2271 1048 et

615 1098 750 1170 imagines
773 1105 801 1151 et
824 1098 909 1169 signa.
956 1098 985 1152 Si
1009 1099 1079 1153 enim
1103 1109 1133 1152 nt
1155 1099 1247 1154 Deum
1270 1100 1387 1153 adorant
1409 1101 1543 1171 lignorum
1566 1100 1709 1170 imagines,
1732 1098 1870 1154 debebunt
1893 1101 2002 1154 omnino
2027 1109 2054 1153 et
2077 1110 2170 1154 cetera
2193 1102 2270 1172 ligna
2292 1119 2306 1157 a

616 1206 749 1272 adorare,
773 1204 794 1258 si
817 1222 883 1257 vero
906 1213 938 1258 nt
960 1206 1051 1259 Deum
1074 1206 1221 1259 adorarent
1245 1206 1358 1277 lignum,
1380 1224 1435 1260 non
1457 1208 1566 1260 omnino
1590 1207 1684 1260 deleta
1707 1205 1799 1276 effigie
1823 1206 1971 1277 imaginem
1994 1207 2179 1261 incenderent.

722 1301 767 1365 Et
789 1302 924 1365 iterum:
949 1308 1075 1366 Damns¹
1099 1329 1154 1383 que
1178 1322 1240 1366 sunt
1263 1331 1371 1367 annexa
1394 1314 1448 1366 duo
1472 1314 1547 1384 ligna
1569 1313 1667 1382 erucis,
1690 1314 1774 1366 adoro
1798 1313 1905 1383 signum
1921 1321 2035 1382 propter
2050 1312 2196 1382 (hristum,
2220 1315 2268 1384 qui

615 1418 643 1471 in
668 1435 702 1472 ea
724 1417 868 1471 curcifixns
892 1427 948 1486 est3
980 1427 1009 1472 at
1030 1418 1078 1472 uhi
1101 1419 1189 1472 divisa
1211 1418 1312 1472 fuerint
1335 1419 1371 1472 ab
1395 1420 1566 1486 alterutram,
1588 1419 1691 1489 proieio
1715 1437 1750 1472 ea
1773 1426 1801 1472 et
1823 1420 1947 1473 incendo.
1993 1421 2030 1472 Et
2052 1421 2121 1473 sicut
2145 1421 2191 1490 qui
2215 1421 2269 1474 ius·

616 1526 719 1578 sionem
743 1525 914 1594 imperatoris
937 1525 1087 1595 suscipiens
1111 1533 1139 1578 et
1161 1526 1301 1579 osculatus
1324 1534 1366 1579 est
1388 1508 1503 1596 signum,
1525 1543 1580 1579 non
1603 1527 1690 1579 lutum
1710 1526 1828 1579 honorat
1850 1533 1899 1579 aut
1922 1535 2026 1580 sartam
2049 1535 2096 1580 ant
2117 1528 2270 1597 plumbum,

616 1633 665 1686 scd
687 1633 845 1702 imperatori
870 1633 987 1686 salutem
1011 1641 1039 1685 et
1061 1632 1266 1685 veneretIonem
1291 1633 1417 1700 reddidit,
1440 1633 1477 1685 sie
1501 1641 1529 1686 et
1545 1631 1759 1686 Christianorum
1781 1633 1859 1702 pueri
1882 1633 1988 1704 signum
2012 1634 2098 1687 crucis
2121 1635 2269 1688 adorantes
2291 1653 2317 1690 ro

615 1757 670 1793 non
693 1746 818 1792 naturam
843 1739 909 1810 ligni
933 1755 1105 1804 veneramur,
1128 1739 1176 1792 sed
1199 1739 1306 1809 signum
1330 1747 1357 1792 et
1379 1738 1494 1810 figuram
1511 1738 1619 1792 Christi.
1656 1739 1749 1808 Ipsum
1773 1740 1897 1792 videntes
1919 1757 1971 1809 per
1993 1740 2090 1809 ipsum,
2113 1741 2160 1810 qui
2182 1742 2210 1794 in
2234 1759 2269 1795 ea

615 1844 759 1899 crucifixus
783 1855 833 1912 est,
856 1846 1011 1899 osculamur
1033 1853 1062 1898 et
1084 1845 1230 1898 adoramus
1253 1848 1285 1898 et
1309 1847 1426 1899 cetera.

723 1941 766 2005 Et
790 1953 863 2028 post
886 1964 1008 2028 pauca:
1034 1947 1131 2005 Sicut²
1155 1951 1227 2004 enim
1250 1952 1355 2022 virgam
1375 1951 1484 2020 Christi,
1507 1969 1615 2006 emcem
1638 1953 1792 2021 adoramus,
1815 1954 1884 2007 sieut
1904 1954 1975 2007 enim
1998 1955 2092 2007 sedem
2115 1961 2144 2008 et
2167 1955 2268 2008 laetum

618 2058 686 2128 eius,
709 2065 833 2111 sanctum
856 2058 1038 2128 sepulchrum,
1062 2045 1129 2110 sicut
1154 2058 1224 2111 enim
1248 2059 1367 2122 donrnm,
1390 2059 1563 2128 praesepium
1580 2067 1608 2111 et
1622 2059 1757 2126 Betleem,
1781 2067 1809 2112 et
1831 2069 1925 2112 cetera
1948 2068 2042 2114 saneta
2066 2061 2124 2114 eius
2140 2061 2267 2115 taberna·

617 2166 690 2230 cula,
720 2166 790 2218 sieut
820 2165 892 2219 enim
921 2164 1024 2218 amieos
1048 2164 1115 2232 eius,
1145 2165 1285 2234 apostolos
1317 2165 1375 2218 eins
1399 2173 1426 2218 et
1450 2173 1558 2218 sanctos
1579 2174 1714 2235 martyres
1737 2174 1764 2218 et
1787 2166 1909 2235 reliquos
1932 2173 2050 2234 sanctos,
2079 2167 2178 2220 Christi
2201 2184 2267 2220 vero
2289 2184 2313 2221 ra

617 2272 771 2342 passionem
796 2272 823 2324 in
847 2271 970 2325 ecclesiis
993 2279 1021 2324 et
1043 2271 1070 2325 in
1094 2270 1219 2325 domibus
1244 2279 1272 2324 et
1293 2271 1321 2323 in
1344 2272 1444 2341 plateis
1468 2279 1496 2324 et
1519 2272 1546 2323 in
1569 2271 1733 2342 imaginihus
1756 2280 1783 2326 et
1805 2272 1833 2325 in
1856 2274 1926 2326 velis
1949 2281 1977 2327 et
1998 2273 2027 2327 in
2050 2273 2181 2327 cubiculis
2196 2275 2267 2327 etin

617 2379 737 2432 restibus
761 2387 789 2432 et
811 2379 839 2432 in
862 2378 935 2431 omni
959 2379 1019 2430 loco
1043 2378 1228 2448 designamus,
1251 2387 1282 2430 nt
1300 2377 1484 2431 indesinenter
1499 2378 1664 2448 aspicientes
1679 2378 1748 2431 haee
1763 2380 1939 2432 recordemur
1954 2388 1982 2433 et
1996 2397 2050 2433 non
2066 2379 2267 2448 obliviscamur,

617 2485 686 2538 sieut
708 2495 738 2539 tu
761 2485 861 2539 oblitus
885 2503 914 2538 es
936 2484 1038 2537 dornini
1061 2484 1116 2537 Dei
1145 2483 1183 2537 tui
1215 2492 1242 2536 et
1266 2485 1335 2536 sicut
1364 2493 1394 2536 tu
1417 2484 1535 2538 adorans
1564 2485 1663 2538 librum
1690 2485 1760 2555 legis
1782 2503 1836 2538 non
1860 2496 1983 2541 naturam
2006 2487 2122 2556 pellium
2145 2497 2173 2540 et
2194 2497 2264 2541 atra·

616 2592 700 2646 menti
724 2593 832 2656 adoras,
861 2592 910 2645 sed
941 2589 1025 2645 verba
1050 2591 1113 2656 Dei,
1142 2608 1214 2660 quae
1246 2591 1272 2644 in
1297 2609 1330 2644 eo
1354 2592 1535 2654 corrodantur,
1565 2592 1603 2644 sie
1634 2599 1661 2644 et
1691 2609 1743 2662 ego
1773 2592 1920 2662 imaginem
1944 2591 2042 2646 (bristi
2073 2594 2190 2647 adorans
2211 2611 2266 2647 non

615 2709 743 2753 natruam
767 2700 901 2770 lignorum
923 2705 972 2752 aut
987 2699 1110 2752 colorum
1126 2699 1220 2764 adoro,
1243 2698 1331 2762 absit3
1356 2698 1403 2750 sed
1421 2698 1571 2751 inanimata
1586 2699 1614 2751 in
1630 2696 1745 2769 liguram
1761 2698 1861 2752 Christi
1876 2707 1974 2753 tenens
1987 2717 2038 2769 per
2054 2717 2115 2753 eam
2131 2698 2264 2753 Christum
2285 2717 2311 2754 ro

616 2823 696 2875 spero
719 2815 813 2859 tenere
838 2816 865 2858 et
888 2806 1013 2858 adorare.

723 2902 766 2966 Et
789 2902 874 2965 infra
897 2903 1059 2988 sequitur:
1084 2894 1185 2964 'nand
1215 2919 1243 2963 ct
1272 2912 1346 2980 ipsos
1374 2910 1446 2964 filios
1475 2919 1582 2965 nostros
1610 2919 1637 2964 et
1659 2919 1752 2982 patres
1774 2912 1863 2965 factos
1886 2912 2032 2966 existentes
2055 2922 2083 2965 et
2106 2921 2266 2982 peccatores

615 3020 724 3089 saepius
747 3019 902 3072 osculamur
926 3027 953 3072 et
975 3037 1030 3071 non
1053 3018 1081 3071 in
1104 3019 1155 3071 hoe
1179 3018 1436 3084 condernnalrinrur3
1462 3037 1518 3071 nou
1540 3027 1570 3071 ut
1593 3020 1660 3072 deos
1683 3037 1730 3070 eos
1753 3020 1917 3087 osculamur,
1940 3020 1988 3073 sed
2012 3036 2133 3072 amorem
2156 3027 2264 3072 nostrae

614 3134 741 3192 naturae,
764 3143 846 3195 quem
869 3143 936 3196 erga
960 3142 1007 3178 eos
1029 3124 1171 3190 hahemus,
1193 3141 1244 3193 per
1267 3125 1388 3177 osculum
1412 3125 1587 3178 ostendimus.
1623 3124 1699 3178 Sicut
1722 3125 1793 3178 enim
1816 3125 1973 3178 multotiens
1995 3125 2066 3178 dixi:
2090 3125 2170 3179 Mens
2192 3143 2263 3178 scru-

614 3241 688 3285 tatur
711 3233 738 3285 in
762 3232 834 3285 omni
858 3231 953 3285 osculo
977 3239 1004 3284 et
1027 3231 1054 3284 in
1078 3231 1151 3284 omui
1175 3231 1335 3284 adoratione
1359 3232 1391 3284 et
1415 3235 1533 3300 cetera,
1558 3232 1605 3298 sic,
1629 3251 1645 3282 o
1668 3232 1760 3298 homo,
1783 3232 1997 3285 Christianorum
2020 3232 2125 3301 populi,
2157 3233 2263 3302 quanti·
2283 3251 2309 3289 aa

615 3356 733 3409 cumque
757 3339 834 3410 signa
857 3339 944 3392 crucis
968 3347 996 3390 ct
1019 3338 1167 3408 imagimun
1191 3338 1356 3405 osculantur,
1385 3356 1440 3391 non
1471 3338 1537 3407 ipsis
1560 3340 1765 3392 venerationem
1788 3338 1869 3408 lignis
1893 3346 1941 3392 ant
1965 3338 2100 3409 lapidihrus
2124 3338 2264 3407 proferunt

615 3454 662 3499 ant
685 3463 752 3498 auro
776 3454 822 3498 aut
846 3453 990 3514 corruptae
1014 3444 1126 3514 imagini
1149 3451 1195 3497 aut
1220 3445 1352 3514 lypsanis,
1382 3446 1430 3497 sed
1453 3463 1503 3515 per
1525 3445 1574 3497 illa
1599 3446 1660 3497 lico
1684 3446 1810 3508 creatori,
1841 3446 1888 3514 qui
1919 3454 1947 3498 et
1977 3462 2071 3498 eonun
2095 3456 2122 3498 et
2146 3446 2263 3499 omnium

614 3561 722 3606 creator
745 3559 795 3624 cst,
817 3553 933 3623 gloriam
957 3563 985 3604 et
1008 3552 1130 3604 osculum
1155 3557 1183 3603 et
1205 3552 1410 3605 venerationem
1433 3551 1561 3604 offerruit.

720 3649 764 3711 Et
787 3649 887 3712 infra:
920 3654 994 3721 eri⁴
1018 3658 1089 3711 eninr
1113 3657 1202 3728 diligit
1227 3659 1344 3710 amicum
1367 3677 1443 3710 snum
1467 3667 1515 3711 aut
1537 3676 1631 3726 regern
1656 3668 1682 3711 et
1705 3659 1792 3728 inagis
1815 3659 1885 3712 benc
1908 3667 2068 3718 merentem,
2097 3659 2155 3712 sive
2177 3658 2262 3712 filium

614 3766 672 3819 eins
702 3766 797 3819 videns
826 3766 883 3818 sive
913 3765 1019 3834 virgam
1049 3764 1106 3817 sive
1137 3764 1230 3817 sedem
1260 3765 1317 3817 sive
1347 3781 1475 3817 coronam
1506 3765 1563 3818 sire
1594 3765 1702 3818 domum
1728 3767 1785 3818 sive
1809 3784 1916 3819 servum
1940 3775 2046 3829 tenens,
2074 3766 2212 3819 osculatur
2233 3777 2263 3818 et
2281 3784 2309 3820 ao

612 3873 730 3926 honorat
752 3889 802 3941 per
823 3871 874 3925 bos
897 3871 1101 3925 benefactorem
1125 3879 1152 3924 et
1175 3871 1263 3940 magis
1286 3872 1384 3924 Derun.
1431 3871 1548 3934 Quando
1577 3872 1649 3924 enirn
1681 3872 1757 3925 vides
1781 3871 1948 3925 ('lrristianos
1978 3873 2123 3925 adorantes
2146 3891 2263 3934 crucem,

613 3997 758 4050 cognosce,
788 3979 917 4049 quoniam
948 3977 1076 4030 cnrcitixo
1107 3976 1214 4030 Christo
1245 3979 1434 4031 adorationem
1463 3979 1605 4047 proferunt
1636 3986 1664 4031 et
1693 3997 1747 4032 non
1777 3979 1860 4049 ligno.
1908 3980 1978 4032 Nam
2002 3979 2024 4031 si
2047 3987 2171 4032 naturam
2195 3979 2261 4048 ligni

613 4086 736 4140 venerati
771 4094 870 4150 essent,
905 4085 1013 4138 orunino
1045 4094 1072 4138 et
1102 4084 1214 4137 arbores
1245 4095 1272 4138 et
1301 4102 1413 4138 nemora
1444 4086 1600 4145 adnatant,
1634 4085 1704 4138 sicut
1733 4095 1761 4138 et
1790 4095 1820 4138 tu
1852 4086 2013 4155 aliquando,
2047 4086 2163 4152 Israhel,
2196 4088 2260 4139 ado·

612 4193 694 4247 rahas
717 4193 810 4246 dicens
833 4193 924 4246 arbori
950 4201 976 4246 et
1000 4192 1090 4262 ligno:
1120 4192 1164 4244 Tu
1194 4192 1258 4244 nrihi
1290 4211 1319 4245 es
1343 4193 1420 4245 Dens
1449 4200 1477 4244 et
1502 4201 1532 4245 tn
1562 4210 1604 4245 ure
1634 4191 1760 4261 genuisti.
1806 4192 1880 4261 Ergo
1904 4211 1958 4244 non
1982 4192 2019 4244 sie
2048 4192 2162 4245 dicimus
2188 4193 2260 4246 cruci

612 4318 702 4370 neque
726 4298 819 4371 liguris
842 4310 1011 4352 sanctorum:
1044 4298 1090 4351 Dii
1113 4298 1197 4351 nostri
1221 4298 1293 4351 estis.
1339 4299 1401 4351 Nou
1425 4299 1496 4351 enirn
1520 4307 1581 4351 sunt
1604 4299 1640 4351 dii
1664 4299 1758 4357 nostri,
1788 4300 1837 4351 sed
1866 4298 2055 4353 similitudines
2078 4306 2105 4352 et
2128 4299 2260 4369 imagines
2278 4314 2306 4356 ab

612 4407 711 4459 (bristi
742 4414 770 4459 ct
800 4415 954 4459 sanctorum
985 4406 1043 4458 eius
1072 4413 1101 4458 et
1130 4406 1166 4457 ad
1195 4405 1353 4457 memoriam
1384 4414 1411 4458 et
1441 4405 1572 4458 honorem
1603 4413 1631 4456 et
1660 4406 1787 4456 decorem
1819 4406 1995 4458 ecclesiannn
2026 4405 2208 4459 adiacentium
2231 4417 2260 4459 et

612 4514 791 4568 adorantium.
837 4513 888 4576 eni
920 4512 992 4566 euim
1022 4512 1138 4564 honorat
1166 4520 1314 4580 urartyrern
1337 4512 1429 4564 l‘leuur
1458 4512 1574 4564 honorat
1604 4522 1631 4563 et
1662 4511 1708 4580 qni
1738 4521 1854 4565 rnntrern
1883 4512 1940 4565 eius
1971 4512 2087 4565 honorat
2116 4513 2168 4582 ipsi
2198 4513 2260 4565 Deo

611 4622 741 4674 honorem
765 4621 846 4674 offert
870 4629 897 4670 et
921 4618 967 4689 qui
992 4619 1147 4687 apostolum
1171 4619 1287 4671 honorat
1310 4618 1357 4688 qui
1380 4618 1452 4670 misit
1476 4635 1538 4670 euru
1562 4617 1677 4670 honorat
1701 4620 1732 4670 et
1756 4621 1873 4671 cetera.

718 4717 800 4780 Item
830 4715 918 4779 beati
940 4715 1115 4799 Augustini
1146 4713 1187 4777 de
1211 4736 1260 4794 eo,
1292 4713 1379 4800 quod
1403 4715 1554 4799 apparuit
1577 4714 1669 4777 Deus
1692 4713 1809 4800 Moysi,
1842 4726 1874 4777 et
1904 4714 1944 4778 de
1974 4716 2068 4800 virga
2100 4726 2132 4779 et
2161 4739 2260 4779 manu

612 4824 754 4888 colorata
778 4835 810 4886 et
833 4845 919 4908 aqna
949 4823 982 4884 in
1014 4821 1203 4905 sangninem
1237 4833 1268 4884 et
1297 4833 1370 4907 post
1402 4819 1562 4906 quaedam
1593 4820 1784 4905 interposita
1807 4819 1990 4883 subiunxit:
2023 4826 2123 4886 Sicut⁵
2148 4830 2261 4904 Moyses
2278 4850 2308 4886 so

612 4938 748 4996 exaltor-it
768 4946 922 5013 serpentem
947 4937 976 4993 in
1001 4936 1120 5005 hererrm,
1151 4936 1191 4992 ita
1221 4935 1347 4992 exaltrrrr'
1375 4943 1484 5011 oportet
1498 4935 1591 5012 filiam
1623 4934 1749 5003 leontinis,
1781 4943 1811 4991 nt
1833 4935 1931 5004 omnis,
1955 4936 2004 5011 qni
2026 4937 2116 4993 credit
2136 4936 2165 4992 in
2189 4955 2259 5005 earn,

610 5065 666 5103 non
685 5053 797 5121 pereat,
821 5046 873 5101 sed
894 5043 997 5100 lrabeat
1016 5043 1100 5100 vitam
1124 5052 1280 5099 aeternam.
1315 5045 1377 5097 lloe
1402 5051 1456 5096 est:
1480 5044 1646 5114 quicumque
1670 5060 1813 5114 percussus
1836 5043 1919 5097 inerit
1935 5063 1952 5096 a
1967 5044 2139 5113 serpentibus
2162 5062 2259 5114 pecca·

610 5161 697 5208 torum
721 5154 857 5206 (hristum
880 5152 1017 5206 intueatur
1040 5162 1067 5204 et
1090 5150 1202 5204 habebit
1227 5150 1370 5203 sanitatem
1394 5150 1421 5203 in
1445 5151 1630 5204 remissionem
1654 5159 1837 5220 peccatorum.

716 5346 747 5395 27
770 5339 899 5409 lypsanis]
927 5344 961 5393 al.
980 5360 1048 5393 nana.
1066 5342 1094 5390 in
1112 5358 1190 5407 marg.
1209 5340 1344 5404 adscripsit
1368 5341 1395 5390 id
1421 5348 1462 5390 est
1481 5340 1603 5405 reliquiis
1623 5340 1653 5390 P.
1735 5343 1767 5390 29
1795 5343 1910 5390 merenti
1930 5340 1960 5390 P.
2051 5343 2086 5392 40
2110 5338 2197 5405 Sient]
2217 5343 2260 5392 De

610 5450 690 5484 cruce
710 5435 737 5483 in
756 5453 834 5498 nrnry.
855 5429 885 5482 P.
2278 5452 2310 5492 db

718 5607 747 5686 1)
773 5612 822 5686 Cf.
849 5612 933 5671 (hnc.
957 5612 1021 5669 Nic.
1046 5621 1100 5668 net.
1125 5612 1190 5680 IV,
1217 5610 1317 5666 silensi
1340 5609 1425 5676 XIII,
1449 5614 1500 5669 44.
1585 5601 1615 5682 2)
1641 5610 1734 5678 Ihid.;
1770 5613 1787 5668 l.
1813 5614 1832 5668 t
1858 5611 1944 5682 XIII,
1968 5616 2018 5672 45.
2108 5605 2139 5688 3)
2163 5612 2259 5682 lbid.;

609 5725 627 5779 l.
652 5725 669 5778 l.
694 5721 781 5790 XIII,
805 5725 853 5779 49.
939 5714 969 5794 4)
993 5719 1086 5788 Ilid.;
1118 5720 1135 5774 1.
1161 5720 1178 5773 l.
1204 5716 1291 5785 XIII,
1316 5721 1366 5775 52.
1449 5709 1479 5794 5)
1503 5716 1682 5793 Augustinus,
1708 5718 1807 5774 Seiano
1832 5723 1851 5778 6
1874 5723 1935 5777 e.5
1957 5714 2034 5794 §7;
2059 5717 2132 5794 opp
2158 5719 2258 5788 V,36.

610 5830 659 5901 (J.
683 5827 834 5885 Hadriani
856 5827 944 5902 epist,
971 5825 1044 5883 ΜΘ.
1070 5825 1148 5900 Epp.
1173 5824 1203 5888 V,
1220 5829 1271 5882 28.
