4884 6717
732 548 784 604 46.
821 547 1040 605 COXCILIUM
1063 549 1264 604 ROIIAXUII
1287 550 1323 603 A.
1346 547 1420 604 826.
1838 541 1902 604 575

356 734 465 798 XVII.
501 734 564 798 Dc
595 733 929 821 presbyteris,
961 736 1038 821 qui
1069 758 1150 821 pro
1180 737 1321 799 unius
1346 733 1597 800 oblatione
1630 734 1809 800 alterius
1840 757 1902 798 re·

249 843 393 926 cipere
428 841 582 906 nolunt.
629 839 818 927 Presbyteri
848 841 966 905 nullius
990 840 1199 906 blandiantur
1222 854 1279 906 aut
1302 841 1501 906 suadeantur
1529 841 1742 923 sermonibus,
1772 852 1808 906 ut
1837 864 1902 904 uon

249 949 392 1011 omnium
417 947 458 1011 ad
483 970 517 1011 sc
542 949 803 1012 concurrentium
828 948 860 1011 in
885 947 1085 1033 quibuslibet
1109 950 1209 1012 sacris
1234 948 1314 1013 loeis
1331 947 1512 1013 oblationes
1529 949 1571 1013 ad
1586 950 1759 1013 missarum
1776 947 1902 1012 sollem-

248 1055 384 1118 nitatem
408 1055 576 1140 recipiant,
601 1056 687 1139 quia,
713 1077 787 1118 cum
810 1054 1006 1118 mediatores
1030 1054 1095 1119 Dei
1118 1055 1350 1142 hominumque
1376 1057 1529 1136 existunt,
1553 1057 1586 1119 in
1607 1054 1802 1119 exercendis
1818 1055 1902 1118 votis

213 1159 501 1247 arelaxandisqne
525 1162 669 1247 peccatis
694 1160 910 1246 largissimam
934 1160 1056 1226 debent
1079 1163 1258 1226 orationem
1282 1185 1452 1248 peragere.
1500 1163 1535 1227 Si
1560 1162 1632 1248 quis
1657 1173 1765 1226 autem
1790 1172 1903 1225 eontra

248 1266 329 1331 hacc
353 1280 527 1331 temerator
550 1268 703 1348 extiterit,
727 1279 783 1331 aut
806 1267 933 1331 desinat
956 1279 1011 1333 aut
1034 1268 1176 1332 doctoris
1200 1270 1323 1355 proprii
1345 1269 1585 1354 constringatur
1603 1268 1773 1332 sententia.
1817 1266 1902 1331 Red-

249 1387 376 1459 emptor
406 1374 524 1437 etenim
555 1386 679 1454 noster,
710 1397 784 1438 cum
808 1375 849 1437 sit
873 1375 1075 1460 omnipotens
1105 1377 1339 1461 inmensaeque
1370 1375 1613 1439 misericordiae
1643 1374 1769 1460 plenus,
1801 1396 1902 1461 quan-

248 1493 354 1544 torum
377 1479 568 1565 populorum
593 1492 669 1544 vota
693 1504 756 1544 non
782 1482 899 1568 recipit
923 1493 954 1545 et
978 1481 1109 1545 vincula
1132 1493 1341 1567 peccatorum
1365 1493 1527 1545 unatenns
1550 1503 1614 1545 non
1639 1479 1789 1545 resolvit!

296 1612 404 1669 Fomna
428 1612 528 1670 minor.
575 1614 669 1668 XVII.
705 1616 862 1692 Presbyter
884 1634 935 1687 pro
959 1616 1040 1670 unius
1064 1616 1208 1670 oblatione
1233 1616 1352 1670 alterius
1376 1634 1432 1670 non
1456 1623 1581 1687 spernat.

204 1790 232 1828 ro
357 1764 482 1828 XVIII.
520 1765 615 1846 Qua
649 1787 695 1828 re
731 1777 809 1830 aut
843 1766 1147 1831 auctoritate
1183 1766 1496 1830 dimissoriae
1532 1766 1658 1829 fiant
1693 1775 1770 1829 aut
1800 1787 1902 1829 ere·

250 1872 431 1937 dantur.
479 1872 684 1958 Episcopus¹
715 1871 862 1936 subiecto
894 1871 955 1936 sibi
985 1872 1146 1937 sacerdoti
1178 1872 1230 1937 vel
1261 1872 1315 1937 alii
1341 1873 1460 1937 clerico
1483 1873 1545 1937 nisi
1570 1871 1611 1936 ab
1636 1871 1699 1936 alio
1722 1871 1903 1957 postulatus

249 1979 472 2044 dimissorias⁸2
494 2001 559 2042 non
583 1978 692 2059 iaciat,
716 2002 757 2042 ne
782 1980 852 2043 ovis
877 1980 970 2065 qnasi
994 1979 1123 2066 perdita
1139 1991 1196 2044 aut
1212 2002 1324 2043 errans
1340 1980 1534 2060 inveniatur,
1560 1978 1617 2042 sed
1633 2000 1693 2065 per
1709 2000 1904 2042 eonsensum

248 2088 344 2151 unius
367 2087 400 2149 in
431 2086 563 2150 alterins
595 2086 781 2149 inveniatur
811 2085 898 2150 ovili.
945 2086 989 2150 Et
1018 2108 1059 2150 ne
1090 2085 1170 2149 false
1200 2098 1237 2149 nt
1267 2108 1344 2150 vere
1376 2085 1556 2159 credantur=
1580 2095 1613 2149 et
1642 2107 1718 2149 vere
1743 2097 1779 2149 ut
1802 2084 1903 2149 salsae

250 2195 463 2280 suspicentur,
488 2192 682 2256 universalis
705 2193 868 2278 pontilicis
892 2204 948 2258 aut
970 2191 1148 2279 imperialis
1165 2192 1217 2256 vel
1234 2191 1474 2279 metropolitani
1497 2191 1587 2256 bulla
1602 2190 1750 2256 roborari
1766 2202 1901 2278 oportet.

206 2348 231 2386 rs
296 2326 404 2382 fibram
428 2326 528 2383 aninor.
575 2327 685 2382 XVIII.
728 2328 887 2400 Episcopus
922 2328 1025 2383 clerico
1054 2327 1107 2381 sibi
1138 2327 1268 2380 subiecto
1299 2345 1355 2381 non
1386 2325 1472 2382 iaciat
1502 2327 1671 2381 dimissorias
1703 2326 1756 2379 nisi
1789 2333 1903 2397 rogatus

410 2435 446 2488 ab
470 2435 534 2489 alio.

359 2584 501 2650 XVIIII.
546 2584 602 2650 Ut
640 2587 863 2672 episcopi
904 2586 1223 2671 universique
1259 2583 1545 2648 sacerdotes
1580 2582 1790 2647 habeant
1824 2581 1902 2646 ad·

252 2705 460 2756 vocatos.
498 2691 607 2772 Quia³
630 2693 777 2778 episcopi
800 2692 1008 2778 universique
1033 2690 1219 2755 sacerdotes
1244 2690 1287 2755 ad
1311 2689 1412 2754 solam
1436 2689 1566 2755 laudem
1590 2691 1656 2755 Dei
1678 2688 1901 2776 bonorumque

252 2822 384 2884 operum
414 2800 574 2863 actionem
606 2799 854 2879 constituuntur,
886 2797 984 2862 debet
1012 2820 1090 2884 ergo
1121 2800 1345 2884 unusquisque
1377 2820 1488 2862 eornm
1518 2809 1584 2862 tarn
1607 2819 1666 2883 pro
1691 2795 1902 2860 eclesiasticis

206 2934 234 2974 so
252 2928 349 2992 quam
380 2906 477 2969 etiam
508 2905 649 2991 propriis
673 2906 739 2968 suis
771 2903 962 2984 actionibus,
995 2915 1135 2990 excepto
1166 2902 1297 2990 publico
1328 2903 1483 2968 videlicet
1513 2904 1658 2986 crimine,
1693 2900 1815 2966 habere
1846 2901 1901 2966 ad·

252 3027 403 3077 vocatum
427 3034 491 3076 non
515 3011 619 3075 malac
643 3011 750 3074 famae
774 3022 969 3097 suspectum,
994 3010 1052 3075 sed
1075 3009 1181 3074 bonae
1206 3010 1368 3097 opinionis
1393 3023 1425 3074 et
1440 3009 1612 3074 laudabilis
1628 3010 1707 3073 artis
1723 3010 1901 3090 inventum,

250 3142 302 3201 ne,
327 3118 402 3183 dum
427 3118 567 3182 hnmana
590 3118 681 3182 lucra
705 3117 893 3199 adtendunt,
918 3130 1050 3181 aeterna
1073 3118 1219 3204 praemia
1243 3117 1392 3204 perdant.

298 3253 406 3310 Forma
429 3251 529 3307 rumor.
577 3251 700 3307 XVIIII.
737 3252 777 3307 Ut
801 3253 925 3323 episcopi
950 3260 980 3307 et
1004 3269 1100 3306 omncs
1124 3252 1289 3307 sacerdotes
1312 3252 1438 3307 babeant
1461 3251 1622 3305 advocatos.

358 3404 435 3468 XX.
486 3404 550 3467 De
590 3403 682 3484 his,
722 3405 800 3489 qui
839 3401 1122 3467 advocatum
1161 3403 1385 3467 invenire
1424 3412 1678 3488 nequeunt.
1740 3401 1776 3467 Si
1816 3403 1902 3466 enim

206 3537 233 3577 rs
251 3512 348 3576 fuerit
372 3512 531 3597 quispiam
555 3509 761 3574 sacerdotnm
792 3511 953 3589 inventus,
985 3510 1040 3595 qui
1071 3509 1265 3574 advocatum
1290 3511 1324 3573 in
1348 3508 1504 3573 iudicium
1527 3506 1673 3593 proferre
1697 3531 1761 3572 non
1784 3507 1902 3588 valeat,

357 3802 446 3852 XVII·
477 3803 487 3850 l
510 3801 601 3850 XVII.
621 3795 828 3862 Ile-uolunt]
846 3799 882 3849 ita
902 3799 934 3849 G.
954 3797 986 3860 L,
1015 3799 1103 3849 XVII.
1130 3799 1172 3848 De
1191 3799 1364 3863 presbyteris,
1390 3800 1436 3863 qni
1463 3796 1630 3848 oblationem
1650 3796 1762 3848 alterius
1782 3800 1902 3863 reprere

252 3890 348 3942 nolunt
373 3892 430 3944 t'r.
459 3890 549 3940 XVII.
575 3891 616 3939 De
643 3889 815 3955 presbyteris,
844 3889 888 3953 qui
917 3904 966 3954 pro
992 3890 1073 3937 nnius
1099 3887 1265 3938 oblationem
1292 3886 1406 3938 alterins
1432 3888 1555 3953 recipere
1581 3885 1677 3939 nolunt
1705 3885 1735 3948 F,
1763 3887 1902 3937 XVIIII.

251 3980 529 4045 2Prcsbyterisi'1.
552 3978 582 4028 F.
604 3979 636 4028 G.
702 3977 782 4028 nullis
803 3979 834 4028 G.
902 3971 958 4041 aut]
978 3983 1006 4028 et
1026 3976 1057 4026 G.
1124 3976 1274 4027 snadautnr
1294 3975 1326 4037 F,
1346 3977 1368 4025 si
1388 3977 1525 4027 adduntur
1544 3969 1575 4026 Ῑι.
1649 3978 1901 4027 3concurrentinm

250 4087 279 4119 er
297 4070 494 4120 recurrentium
513 4068 649 4117 aorr.I'1.
724 4067 909 4118 oblationibus
930 4067 962 4115 G.
1029 4063 1257 4130 sollempnitatem
1277 4063 1308 4115 F.
1381 4060 1620 4130 ⁴ihomiunmque]
1642 4072 1669 4115 et
1687 4064 1827 4114 hominnm
1848 4065 1902 4114 ΓΙ.

205 4178 232 4219 so
251 4161 366 4210 existant
386 4158 417 4208 B.
492 4156 760 4221 orolaxandnsquue
780 4155 811 4207 L.
876 4157 1013 4206 debebunt
1034 4153 1066 4212 F,
1085 4154 1165 4204 debet
1185 4151 1216 4204 L.
1282 4150 1394 4217 bliaec]
1415 4154 1488 4204 bunc
1509 4155 1542 4205 G.
1605 4155 1726 4204 existerit
1746 4152 1776 4203 F.
1840 4170 1901 4219 pro·

250 4250 315 4314 priis
336 4248 388 4297 ΓΙ.
444 4247 667 4310 constringantur
686 4239 716 4295 Ia.
772 4247 935 4296 sententiam
956 4245 1009 4293 ΓΙ.
1073 4236 1220 4308 Ietcnim]
1241 4244 1312 4292 enim
1333 4241 1365 4292 Β.
1420 4244 1457 4293 sit
1474 4243 1541 4294 deest
1559 4241 1590 4292 F.
1647 4244 1849 4308 immensaeque
1870 4242 1902 4304 B,

251 4340 425 4402 inmensaque
446 4336 478 4386 G.
551 4337 567 4385 8
587 4335 682 4401 recipit
701 4329 736 4398 et]
756 4336 869 4400 recipiet
888 4334 942 4387 ΓΙ,
963 4357 994 4366 -
1016 4358 1048 4367 -
1069 4335 1084 4381 9
1104 4331 1249 4382 oblacione
1269 4331 1322 4380 Vr.

357 4444 460 4494 XVIII.
491 4446 523 4492 1o
542 4442 647 4492 XVIII.
668 4445 728 4504 Qua
748 4434 995 4502 re-credantar]
1018 4439 1122 4492 XVIII.
1151 4441 1213 4499 Qua
1233 4437 1389 4489 re-fiant
1408 4438 1554 4489 credantur
1573 4439 1627 4494 Vr,
1655 4437 1761 4488 XVIII.
1792 4439 1901 4500 Quare

251 4543 298 4587 sut
324 4534 494 4585 auctoritatis
514 4558 547 4565 —
566 4541 613 4581 aut
638 4533 783 4583 credantur
809 4533 841 4594 G,
869 4531 974 4580 XVIII.
1005 4531 1065 4591 Qua
1090 4528 1253 4578 auctoritato
1280 4527 1451 4578 dimissoriae
1475 4529 1541 4578 liant
1560 4527 1602 4577 rel
1624 4545 1683 4577 essa
1704 4527 1851 4578 credantur
1870 4526 1902 4588 L,

204 4639 232 4680 as
249 4624 340 4674 derant
360 4623 390 4682 F,
409 4622 517 4671 XVIII.
537 4621 570 4670 Β.
627 4624 656 4670 11
678 4622 833 4672 dimissoria
853 4619 882 4682 F,
902 4619 1083 4670 dimissoriam
1102 4617 1133 4668 G.
1147 4614 1178 4666 L.
1237 4619 1269 4667 12
1289 4632 1437 4666 consensus
1459 4616 1512 4677 Vr,
1532 4633 1666 4667 consensu
1686 4615 1717 4666 L.
1775 4618 1806 4666 13
1826 4610 1902 4680 ovili]

250 4712 324 4764 oculi
344 4711 375 4762 Ι..
466 4705 562 4774 salsae]
589 4726 652 4759 vere
673 4709 704 4759 G.
795 4705 835 4771 ut]
862 4717 908 4759 aut
927 4707 960 4757 F.
1051 4723 1131 4758 veras
1151 4705 1184 4756 Β.
1205 4705 1237 4766 F,
1265 4704 1351 4756 falsae
1373 4703 1405 4755 G.
1495 4699 1570 4768 vare]
1596 4719 1677 4755 verae
1697 4705 1730 4766 B,
1758 4698 1901 4766 venircF,

250 4801 334 4853 falsae
354 4800 386 4851 G.
440 4795 537 4862 falsae]
559 4815 640 4849 verae
662 4799 693 4848 G.
768 4802 800 4849 1⁴
821 4791 991 4860 universalis]
1010 4798 1091 4845 nnius
1110 4791 1154 4844 sal
1173 4793 1204 4844 L.
1260 4789 1314 4858 vell
1333 4801 1381 4845 sut
1400 4793 1431 4844 L.
1487 4789 1573 4858 bulla]
1593 4792 1651 4845 ulla
1670 4792 1702 4854 L,
1724 4811 1770 4845 aas
1789 4793 1849 4844 odd.
1869 4793 1900 4844 B.

250 4899 357 4957 oportet
374 4890 441 4940 deest
460 4889 491 4940 G.
513 4913 544 4922 -
564 4914 599 4922 -
621 4890 652 4937 15
671 4881 784 4951 clerico]
804 4886 878 4937 clero
898 4887 960 4936 II2.
982 4886 1035 4935 1⁷2.
1049 4889 1074 4935 3.
1146 4885 1226 4934 satiat
1246 4883 1308 4933 its.
1383 4883 1537 4934 dimissorias
1556 4883 1619 4933 Ma

356 4997 479 5046 XVIIII.
510 4997 541 5046 l'I
560 4994 682 5044 XVIIII.
702 4995 783 5044 Ut-
794 4987 952 5056 advocatos]
966 4993 1002 5042 ita
1021 4992 1074 5041 t'r.
1089 4990 1120 5052 L,
1139 4990 1261 5040 XVIIII.
1281 4990 1363 5040 Ut-
1373 4991 1534 5040 advocatum
1548 4990 1668 5041 habeant
1680 4989 1713 5052 F,
1734 4989 1851 5042 XVIIII,
1866 4989 1901 5039 Ut

203 5101 232 5142 to
250 5088 399 5138 advocatos
419 5085 538 5136 babeant
558 5085 590 5146 G,
618 5083 693 5133 XIX.
713 5083 746 5133 B.
828 5083 860 5131 18
879 5083 998 5131 universi
1020 5079 1050 5130 F.
1132 5081 1164 5129 19
1184 5081 1294 5130 actione
1314 5075 1347 5129 L.
1420 5080 1623 5129 constituantur
1641 5078 1672 5129 L.
1746 5078 1828 5128 dccet
1848 5077 1901 5127 Vr.

250 5170 352 5239 eorum]
372 5175 467 5225 horum
489 5173 519 5223 F.
599 5170 794 5223 ecclesiasticis
814 5170 846 5221 Β.
866 5169 897 5220 L.
988 5172 1022 5220 ‘20
1042 5162 1133 5232 etiam]
1153 5185 1202 5233 pro
1220 5168 1282 5219 add.
1301 5167 1334 5228 B,
1353 5167 1419 5217 deest
1439 5167 1471 5218 G.
1553 5166 1671 5233 publyec
1691 5165 1723 5217 F.
1801 5167 1901 5217 habere

250 5260 423 5325 advocatum!
443 5265 605 5314 advocatum
619 5263 717 5312 babere
739 5261 771 5310 G.
826 5262 857 5311 rt
880 5254 1080 5322 malaelbonae
1096 5256 1127 5318 F,
1147 5256 1217 5307 male
1233 5256 1263 5307 L.
1318 5257 1389 5307 same
1407 5255 1435 5305 L.
1492 5250 1660 5322 suspectum]
1675 5262 1830 5320 susceptum
1847 5255 1901 5315 Vr,

249 5360 391 5419 suspectos
412 5353 444 5402 G.
517 5352 588 5401 bone
607 5349 639 5400 L.
660 5351 691 5400 G.
765 5352 894 5400 inventus
914 5351 946 5398 G.
1020 5349 1053 5400 22
1072 5347 1225 5397 adtendant
1244 5346 1297 5408 Vr,
1326 5346 1472 5396 attendunt
1490 5344 1524 5395 Β.
1544 5345 1577 5395 G.
1596 5344 1628 5395 L.

356 5459 414 5509 XX.
444 5461 477 5509 24
497 5458 554 5507 XX.
575 5451 825 5521 Des-nequeunt]
846 5457 881 5505 ito
901 5455 954 5515 ΓΙ,
980 5454 1037 5503 XX.
1057 5454 1098 5503 De
1119 5453 1169 5510 his,
1190 5454 1235 5518 qni
1256 5454 1407 5503 advocatos
1427 5459 1566 5517 noqueunt
1585 5453 1706 5502 invenire
1725 5449 1756 5512 F,
1781 5450 1839 5500 xx.
1859 5452 1901 5501 De

203 5562 232 5601 aa
250 5550 300 5606 his,
319 5551 363 5614 qui
384 5548 533 5598 advocatos
552 5548 674 5597 invenire
694 5553 832 5612 nequeunt
852 5545 884 5595 G.
905 5541 936 5605 L,
962 5543 1020 5593 XX.
1040 5542 1073 5593 B.
1146 5545 1179 5592 25
1199 5536 1255 5607 qni]
1274 5543 1338 5606 quia
1358 5534 1389 5602 F,
1409 5558 1479 5607 quae
1498 5536 1530 5590 L.
1603 5542 1706 5593 iudicio
1726 5539 1758 5590 F.

359 5802 388 5870 1)
415 5799 463 5873 Cs.
489 5803 546 5858 cI
570 5799 645 5856 Dist.
665 5802 714 5858 72.
814 5798 843 5866 2)
868 5797 900 5853 V.
923 5815 1013 5870 srrpro
1032 5815 1065 5869 p.
1083 5797 1122 5853 17
1144 5815 1214 5851 arra.
1233 5797 1260 5854 3.
1357 5794 1387 5864 3)
1419 5793 1546 5850 Transiit
1568 5793 1619 5851 doc
1642 5801 1727 5868 caput
1749 5792 1779 5849 io
1802 5791 1900 5848 librum

252 5908 418 5984 Papicnsem
444 5907 525 5963 Loth.
550 5926 574 5963 c.
593 5910 667 5974 101;
700 5903 774 5963 rto.
801 5903 863 5960 LL.
888 5902 942 5972 IV,
959 5904 1030 5960 557.
1077 5900 1108 5956 V.
1128 5909 1283 5975 praetereo
1307 5905 1368 5960 c.3
1393 5898 1462 5960 05
1485 5919 1532 5976 qu.
1551 5903 1579 5959 3.
