4884 6717
699 512 751 568 54.
787 513 1002 570 CONCILIUM
1028 513 1343 570 COMPENDIENSE.
1378 515 1414 569 Α.
1440 513 1515 570 833.
1868 507 1933 571 695

280 807 414 939 ²⁸54.
470 806 1055 940 OONOILIUM
1114 806 1932 943 COMPENDIENSE.

879 1054 973 1138 833.
1005 1078 1136 1126 mense
1163 1051 1330 1127 Octobri.

387 1256 547 1350 Annales
575 1286 764 1350 Bertiniaoi
791 1286 836 1349 ad
863 1310 980 1349 onnam
1008 1293 1082 1352 833.
1115 1285 1162 1349 ed.
1194 1285 1295 1350 Waitz
1322 1310 1359 1372 p.
1385 1296 1469 1371 669.
1501 1286 1577 1350 Iraec
1607 1287 1769 1373 referunt:
1797 1284 1934 1351 Hlotha·

280 1395 358 1474 rius,
389 1401 520 1478 arrepta
542 1402 702 1477 potestate
727 1393 828 1477 regia,
861 1440 869 1456 .
895 1440 902 1454 .
929 1441 936 1455 .
966 1402 1091 1478 patrem
1122 1413 1233 1455 secum
1264 1389 1324 1455 sub
1356 1390 1504 1455 custodia
1533 1413 1593 1478 per
1616 1391 1725 1456 Mettis
1756 1414 1859 1478 usque
1890 1391 1933 1457 ad

248 1499 466 1571 uSuossionis
490 1499 656 1563 civitatem
680 1497 874 1584 perducens,
906 1497 971 1561 illic
1002 1521 1075 1562 eum
1101 1498 1134 1561 in
1158 1499 1355 1562 monasterio
1379 1499 1484 1562 sancti
1508 1497 1657 1562 Medardi
1680 1499 1715 1561 in
1738 1498 1854 1562 eadem
1878 1522 1933 1563 cu·

281 1605 386 1671 stodia
415 1603 566 1690 reliquid.
599 1654 607 1668 .
633 1653 640 1668 .
666 1657 674 1670 .
721 1604 852 1668 Deinde
883 1603 1068 1669 condictum
1104 1603 1259 1690 placitum
1290 1603 1459 1668 Kalendas
1491 1603 1644 1669 Octobris
1673 1604 1863 1670 Hlotharius
1899 1607 1932 1670 in

281 1711 484 1799 Compendio
521 1710 643 1776 habuit.
699 1710 816 1797 Ibique
851 1711 1012 1797 episcopi,
1047 1709 1198 1791 abbates,
1235 1713 1370 1775 comites
1405 1721 1437 1776 et
1474 1712 1646 1776 universus
1683 1711 1822 1797 populus
1857 1735 1932 1776 con·

280 1821 450 1885 venientes
480 1818 566 1882 dona
597 1818 750 1883 annualia
780 1819 810 1881 ei
840 1827 1133 1904 praesentaverunt
1165 1816 1420 1905 fidelitatemque
1451 1818 1678 1904 promiserunt.
1704 1867 1712 1881 .
1738 1868 1745 1882 .
1798 1819 1837 1883 In
1867 1842 1933 1904 quo

281 1937 444 1991 conventu
474 1924 575 1989 multa
602 1927 636 1989 in
667 1924 821 1989 domnum
849 1925 1077 2010 imperatorem
1109 1924 1245 1987 crimina
1275 1923 1511 1989 confinxerunt.
1558 1924 1648 1989 Inter
1671 1947 1752 2011 quos
1775 1924 1847 1989 Ebo
1871 1926 1932 1990 Re·

237 2056 406 2103 tomorum
437 2033 610 2119 episcopus
639 2031 795 2097 falsarum
826 2030 1045 2095 obiectionum
1075 2032 1223 2095 incentor
1253 2032 1414 2095 extiterat
1461 2031 1506 2095 Et
1534 2043 1601 2095 tam
1632 2030 1688 2096 din
1717 2031 1807 2096 illum
1830 2055 1931 2098 vexa·

280 2149 407 2221 verunt,
443 2161 612 2226 quousque
646 2161 738 2203 arma
772 2136 934 2224 deponere
970 2135 1181 2224 habitumque
1216 2149 1341 2202 mutare
1372 2149 1540 2224 cogentes,
1576 2137 1742 2204 liminibus
1772 2138 1932 2204 ecclesiae

279 2244 486 2333 pepulertmt,
513 2246 560 2310 ita
581 2255 617 2309 nt
639 2243 745 2309 nullus
769 2267 842 2309 cum
867 2266 905 2309 eo
929 2243 1018 2330 loqui
1042 2243 1178 2309 auderet
1202 2246 1266 2307 nisi
1290 2242 1347 2325 illi,
1379 2246 1435 2331 qui
1465 2243 1506 2308 ad
1537 2244 1599 2309 boc
1622 2245 1752 2310 fuerant
1775 2245 1931 2333 deputati.

389 2353 457 2432 Quo
480 2356 515 2418 ira
536 2367 686 2418 conventu
708 2352 790 2438 quid
811 2354 956 2438 episcopi
974 2351 1020 2415 ad
1040 2352 1194 2438 69666666
1216 2354 1390 2438 separatim
1413 2356 1596 2440 conprepati
1622 2353 1682 2441 (cf.
1706 2353 1933 2418 Mdilbacder²

278 2486 309 2526 6
328 2466 434 2530 9266.
457 2459 594 2540 Simeon,
610 2459 820 2524 ‘Jahrbr'iclier
835 2458 890 2523 dee
897 2459 1113 2546 fritakirclren
1130 2460 1264 2525 Reicies
1279 2474 1369 2524 ariter
1380 2459 1517 2547 bedwip
1532 2460 1603 2525 dem
1615 2459 1797 2525 Frommen’
1814 2460 1863 2542 II,
1876 2463 1931 2546 65)

236 2597 261 2637 u
278 2571 444 2632 statuerint
458 2606 502 2614 -
518 2567 556 2632 de
579 2566 663 2631 Iesse
686 2568 831 2653 69666696
842 2565 1067 2630 Ambiaaenais
1089 2568 1282 2632 restitutione
1305 2592 1332 2631 v.
1358 2569 1452 2631 etiam
1472 2565 1618 2654 Tbepaui
1634 2570 1733 2632 vitam
1747 2567 1936 2633 Hladowici

280 2700 306 2739 c.
322 2682 343 2741 4
359 2689 388 2739 et
403 2674 588 2739 Flodoordi
603 2674 769 2738 beawriam
789 2672 953 2736 Remeraais
976 2673 1124 2737 ecclesiae
1139 2671 1183 2735 II
1201 2698 1226 2737 6.
1243 2679 1291 2741 20
1297 2698 1308 2754 ,·
1330 2673 1410 2738 ΜΟ.
1429 2671 1488 2738 SS.
1506 2672 1555 2752 II,
1573 2682 1649 2741 600.
1673 2673 1776 2753 XIII,
1794 2682 1862 2742 473
1878 2713 1933 2756 -,

278 2782 436 2868 reliquiae
456 2796 610 2869 pertarum
635 2780 836 2867 synodalium
861 2781 1077 2867 manifestant.
1125 2779 1206 2845 Sunt
1228 2794 1329 2845 666666
1353 2780 1429 2844 Irae:

338 3008 403 3084 *Α
443 3007 817 3086 EPISCOPORUM
838 3010 916 3083 DE
937 3009 1318 3101 POENITENTIA,
1348 3007 1500 3102 QUAM
1519 3008 1878 3087 HLUDOWIOUS

351 3128 554 3204 IMPERA
563 3128 664 3206 TOR
690 3127 989 3205 PROFESSUS
1012 3128 1121 3220 EST,
1148 3128 1290 3202 RELA
1298 3127 1386 3205 TIO
1414 3125 1860 3206 COMPENDIENSIS.

233 3299 260 3339 ro
1023 3276 1090 3336 833
1116 3265 1181 3332 Oct.

389 3410 521 3476 Codices
549 3412 763 3497 maaracrrpti
789 3413 1054 3476 etauctoratiorris
1081 3435 1161 3496 9666
1192 3411 1312 3476 dicitur
1334 3410 1522 3476 Hludowici
1548 3414 1752 3498 imperatoris
1779 3436 1841 3477 666
1864 3415 1930 3479 iam

277 3533 399 3584 mure
421 3518 577 3583 videatur.

385 3649 481 3708 Eua:
505 3649 646 3720 Pithone,
671 3649 824 3707 Annalium
849 3659 875 3707 et
896 3650 1030 3708 6666τί66
1046 3650 1228 3708 Francorum
1246 3694 1252 3706 .
1271 3692 1303 3706 ..
1327 3650 1480 3725 scriptores
1503 3650 1648 3708 coadunet
1669 3650 1737 3707 ΧΙΙ
1754 3645 1811 3726 (ed.
1831 3649 1929 3711 Germ.

277 3756 474 3829 I'rancosurti
494 3752 599 3832 1594),
628 3778 663 3833 p.
689 3760 759 3816 322.
805 3756 962 3827 Bar-onita,
993 3757 1069 3815 Arm.
1100 3759 1165 3814 eccl.
1193 3759 1256 3816 833
1278 3776 1307 3814 6.
1333 3760 1360 3816 9.
1407 3755 1511 3814 Biniaa
1533 3755 1591 3828 ΠΙ,
1620 3760 1647 3828 1,
1671 3760 1743 3817 573.
1798 3756 1928 3832 Goidast,

232 3884 259 3926 re
279 3862 493 3924 06666ᾰῶ6666
522 3863 683 3940 imperiales
705 3863 746 3934 Il,
771 3866 819 3923 16.
868 3863 1005 3922 Simoni
1025 3863 1066 3934 ΙΙ,
1090 3867 1161 3924 560.
1206 3863 1367 3934 Ducimur,
1397 3862 1544 3922 Historiae
1568 3864 1749 3922 Bbaucomm
1777 3866 1931 3942 scriptores

277 3970 319 4042 11,
336 3973 404 4031 331.
452 3968 521 4028 069.
545 3989 605 4047 669.
630 3989 707 4028 conc.
731 3970 816 4042 ΧΧΙ,
833 3973 906 4031 278.
951 3971 1089 4048 Vorbarp,
1112 3970 1188 4028 ffist.
1213 3970 1268 4041 ΧΙ,
1284 3972 1355 4030 251.
1404 3968 1645 4029 Larte-coma
1665 3971 1729 4042 Vll,
1755 3975 1855 4044 1686,·
1884 3975 1928 4032 ed.

279 4075 367 4136 Coleti
388 4076 443 4148 ΙΧ,
460 4079 530 4137 801.
572 4076 710 4134 Hardain
733 4076 788 4148 IV,
804 4079 896 4137 1377.
933 4077 1036 4155 16669,
1060 4076 1288 4136 ‘Reicisarcltio’
1312 4076 1381 4148 XV,
1397 4079 1463 4136 111.
1503 4076 1634 4154 Bouqaet
1653 4076 1702 4148 VI,
1718 4082 1790 4138 243.
1831 4078 1932 4138 Marici

277 4183 362 4255 Ην,
380 4186 451 4244 ear.
488 4180 563 4242 uo.
589 4183 652 4240 66.
677 4183 790 4254 uses.
828 4183 936 4262 6696,
961 4184 1071 4242 Patra.
1095 4185 1145 4242 za.
1169 4182 1296 4254 auru,
1314 4186 1385 4242 659.
1423 4180 1496 4242 uo.
1522 4182 1616 4260 capta.
1640 4183 1681 4255 n,
1697 4187 1747 4245 sr.
1771 4214 1815 4225 -
1838 4185 1929 4264 69..

277 4288 381 4348 ‘Neues
403 4289 524 4347 Arctio'
548 4289 663 4361 XXIV,
679 4292 760 4361 489;
783 4290 824 4362 cs.
847 4290 1197 4360 Biimer·Mtttldacher,
1220 4290 1311 4367 6699.
1336 4289 1448 4365 imperii
1471 4291 1515 4347 ed.
1539 4294 1569 4350 2.
1592 4289 1614 4347 Ι
1631 4310 1660 4347 6.
1678 4290 1769 4350 9265.

231 4551 258 4593 a
531 4510 596 4584 *B.
635 4509 919 4589 AGOBARDI
941 4511 1182 4590 CARTULA
1208 4510 1287 4584 DE
1308 4510 1677 4587 POENITENTIA

792 4631 863 4704 AB
887 4628 1240 4706 IMPERATORE
1262 4626 1410 4704 ACTA.

1020 4778 1087 4839 833
1113 4768 1178 4835 06.

382 4913 516 5001 Lepitur
530 4915 613 4978 inter
627 4911 798 5000 Apobardi
810 4913 1048 5000 archiepiscopi
1059 4912 1284 5000 Lapduueneiir
1300 4911 1340 5000 (†
1356 4913 1437 4998 840)
1462 4936 1559 5000 opera
1574 4916 1609 4979 in
1625 4913 1731 4980 codiee
1746 4914 1931 4981 Panum

278 5019 376 5086 16666
398 5025 491 5089 2853
514 5019 620 5104 (antea
643 5020 670 5085 I.
695 5019 737 5082 B.
762 5018 921 5106 Massam)
945 5022 1033 5086 circa
1055 5044 1171 5086 66666
1197 5026 1274 5088 840.
1299 5021 1483 5106 6666666966.

231 5172 258 5212 ss
384 5153 480 5212 aaa:
509 5151 639 5224 5166666,
668 5153 699 5211 S.
723 5152 872 5231 Apobardi
899 5153 1023 5231 episcopi
1043 5152 1176 5211 ecclesiae
1199 5151 1398 5230 Lapdanenrie
1419 5170 1509 5229 opera
1537 5146 1648 5228 (Paria.
1672 5147 1776 5228 1605),
1801 5173 1835 5230 p.
1853 5156 1926 5216 378.

275 5257 433 5331 Barantea,
462 5260 539 5318 Arcu.
562 5261 627 5318 eccl.
652 5263 715 5320 833
736 5280 766 5319 6.
783 5263 833 5320 20.
879 5259 1018 5319 8666666
1037 5259 1078 5330 ΙΙ,
1094 5262 1166 5319 564.
1213 5259 1372 5330 06666666,
1404 5257 1566 5334 Scriptores
1587 5258 1629 5330 ΙΙ,
1652 5263 1722 5319 329.
1771 5258 1841 5319 060.
1864 5281 1926 5339 669.

276 5385 353 5424 conc.
384 5365 469 5437 m,
491 5370 566 5427 285.
612 5367 731 5437 naute,
763 5366 911 5445 Apobardi
937 5385 1027 5445 opera
1056 5366 1097 5437 II,
1122 5369 1172 5426 73.
1217 5365 1355 5443 Vardarp,
1384 5364 1458 5424 lsret.
1488 5365 1543 5436 XI,
1567 5369 1640 5426 255.
1687 5365 1929 5426 Labie-Gom

282 5471 346 5544 VII,
362 5473 442 5534 1691
449 5493 460 5543 ,·
483 5474 526 5530 ed
550 5471 639 5532 Coleti
659 5473 715 5544 ΙΧ,
731 5477 804 5534 806.
838 5473 1013 5532 Bibliotheca
1033 5482 1149 5550 pateam
1173 5473 1372 5552 Luqdemensie
1394 5472 1479 5543 XIV,
1497 5475 1565 5532 319.
1600 5473 1739 5531 Hardain
1761 5473 1924 5545 1151382.

275 5578 406 5656 Bouqaet
425 5577 474 5650 VI,
497 5582 569 5640 246.
616 5579 717 5639 Marsi
745 5579 830 5651 XIV,
855 5583 927 5640 652.
975 5578 1049 5640 Mo.
1082 5580 1146 5637 ΕΙ..
1170 5579 1195 5651 Ι,
1220 5583 1292 5641 369.
1339 5579 1453 5658 66966,
1484 5578 1595 5638 Patrai.
1625 5581 1676 5638 lat.
1705 5577 1830 5652 XCVII,
1855 5583 1926 5642 664.

230 5706 257 5746 eo
277 5683 356 5758 (111⁷,
373 5687 443 5747 319.
491 5684 565 5746 310.
591 5684 684 5763 Capit.
708 5686 749 5760 11,
766 5690 817 5747 56.
841 5716 885 5727 -
908 5687 1000 5766 669.
1023 5686 1126 5746 ‘Neues
1148 5687 1271 5746 Arcbir'
1294 5687 1409 5758 XXIV,
1425 5689 1497 5748 189.
