4884 6717
266 551 477 608 APPENDIX.
504 550 534 609 9.
552 550 657 607 ACTA
674 551 817 609 SPURIA
833 553 887 612 AD
905 551 1125 609 CONCILIUM
1142 550 1423 608 eeulsmceusu
1441 550 1687 608 SPECTAN'I'IA
1704 554 1740 609 A.
1755 552 1831 610 838.
1856 547 1921 610 843

263 737 386 802 factum
403 749 452 802 est
467 761 553 803 anno
569 739 803 822 incarnationis
820 739 1003 804 dominicae
1019 737 1351 816 Deecxxxvnl„
1376 738 1554 803 indictione
1570 739 1613 804 Il.
1639 751 1672 804 et
1688 761 1773 804 anno
1794 740 1924 827 imperii

263 843 401 931 praefati
434 843 545 909 domni
569 844 747 910 Hludovici
770 846 909 932 piissimi
932 846 1138 932 imperatoris
1163 845 1285 924 XXV„
1310 868 1395 910 anno
1419 868 1498 910 vero
1526 846 1739 911 ordinationis
1763 846 1923 934 sepedicti

262 950 389 1017 Aldrici
413 952 559 1038 episcopi
583 951 674 1036 VI.¹;
706 952 811 1039 pridie
835 974 965 1038 quoque
988 951 1214 1017 Kalendarum
1245 952 1430 1017 Maiarum²
1452 951 1653 1039 Aquisgrani
1680 952 1802 1040 palatie
1829 977 1924 1041 prae·

263 1057 386 1123 dietam
409 1057 566 1122 iudicium
590 1070 641 1122 est
663 1069 772 1123 actum
796 1069 829 1124 et
851 1060 884 1123 in
908 1060 981 1145 ipsa
996 1059 1049 1123 die
1074 1060 1146 1145 ipsa
1171 1060 1253 1124 ratio
1278 1081 1298 1122 a
1327 1060 1474 1145 praefixo
1498 1061 1695 1147 imperatore
1719 1058 1847 1146 legibus
1872 1070 1922 1126 est

230 1163 440 1252 aadimpleta
463 1176 496 1229 et
519 1165 616 1251 plena
638 1166 765 1230 ratione
788 1177 932 1252 pometa.

369 1289 548 1376 Propterea
572 1311 650 1374 erge
674 1289 737 1354 hoc
759 1290 948 1355 memoriale
973 1289 1180 1355 conscribere
1204 1289 1309 1372 libuit,
1333 1282 1378 1372 ut,
1403 1292 1431 1355 si
1447 1290 1557 1378 aliqua
1573 1290 1742 1356 altercatio
1766 1291 1923 1379 deinceps

263 1408 377 1460 exorta
406 1397 513 1478 fuerit,
546 1395 685 1482 qualiter
714 1396 797 1461 haee
827 1419 879 1461 res
903 1409 978 1462 acta
1001 1398 1052 1478 sit,
1076 1421 1136 1484 per
1158 1398 1220 1462 hee
1244 1397 1432 1462 memoriale
1456 1396 1660 1463 declaratum
1685 1411 1852 1485 appareat,
1877 1409 1923 1481 ut,

263 1503 290 1567 si
326 1502 443 1590 aliquis
478 1525 521 1567 ex
556 1502 619 1567 boe
653 1503 797 1590 aliquam
832 1503 999 1589 querelam
1030 1505 1138 1569 faeere
1169 1506 1389 1592 temptaverit,
1420 1504 1610 1570 evindicare
1640 1506 1772 1570 minime
1803 1506 1921 1570 valeat.

261 1609 381 1674 Actum
405 1620 503 1696 atque
527 1611 747 1697 conscriptum
772 1620 821 1674 est
843 1610 905 1675 hoc
929 1611 1117 1675 memoriale
1133 1612 1336 1697 Aquisgrani
1360 1611 1480 1697 palatio
1501 1611 1576 1676 Kal.
1593 1612 1698 1676 Maii³
1722 1613 1755 1676 in
1778 1613 1922 1676 sacrario

217 1739 244 1777 ro
264 1716 424 1782 ecelesiae
449 1729 582 1781 sanetae
607 1717 743 1798 Mariae,
766 1729 924 1804 regnante
949 1718 1079 1782 domino
1103 1729 1213 1783 nostro
1237 1717 1336 1782 Ihesu
1360 1717 1490 1782 Christo
1514 1721 1548 1782 in
1572 1730 1774 1805 perpetuum.

368 1840 440 1905 Hae
457 1864 536 1905 vero
553 1841 685 1906 chartae
711 1853 742 1906 et
757 1841 840 1906 haec
864 1855 1043 1928 praecepta
1066 1841 1196 1929 publice
1221 1842 1342 1907 relecta
1366 1854 1399 1906 et
1414 1844 1552 1908 recitata
1575 1855 1650 1908 sunt
1674 1854 1749 1907 ante
1767 1842 1922 1907 domnum

261 1949 489 2033 imperatorem
521 1959 553 2012 et
583 1948 798 2034 Drogcnem⁴
828 1951 897 2013 eius
932 1949 1065 2014 fratrem
1101 1960 1132 2013 et
1166 1948 1465 2035 archicapellanum
1501 1951 1570 2014 aive
1606 1950 1705 2013 etiam
1740 1958 1816 2013 ante
1847 1971 1922 2015 suos

261 2056 387 2136 missos,
413 2077 494 2142 quos
518 2054 656 2120 domnus
680 2055 857 2142 imperator
880 2055 1024 2120 adhunc
1041 2078 1173 2121 causam
1190 2054 1388 2120 audiendam
1413 2067 1446 2120 et
1470 2054 1718 2120 discernendam
1744 2057 1921 2134 constituit,

260 2184 319 2226 seu
342 2173 417 2226 ante
443 2163 644 2249 conscriptos
668 2163 839 2248 episcopos
863 2172 897 2226 et
919 2163 1055 2227 comites
1079 2174 1111 2226 et
1126 2163 1290 2226 ministros
1315 2184 1353 2226 ae
1377 2160 1513 2243 indices,
1538 2161 1670 2250 quando
1686 2161 1747 2226 hoc
1764 2161 1922 2228 iudicium

217 2289 241 2329 u
260 2269 293 2332 in
317 2271 519 2357 praescripto
544 2268 665 2357 palatio
689 2268 869 2334 iudicatum
893 2281 943 2333 est
966 2280 998 2333 et
1021 2268 1152 2356 quando
1172 2268 1354 2354 praefatum
1377 2270 1609 2333 monasterium
1634 2268 1750 2333 adius
1774 2269 1922 2356 praelixa

370 2530 381 2575 l
404 2520 453 2589 11.]
474 2525 510 2575 itu
527 2542 557 2586 e,
576 2524 667 2574 rectius
684 2532 720 2574 eat
738 2525 760 2574 Ι.
834 2525 849 2573 9
868 2525 1017 2576 sacrarium
1036 2541 1057 2574 c.

260 2755 298 2832 (n.
321 2781 351 2834 p.
367 2762 430 2820 842
459 2761 477 2816 ἱ.
496 2755 547 2834 35)
576 2759 673 2816 missos
696 2758 889 2816 investituram
912 2778 971 2817 esse
994 2769 1139 2830 executum
1172 2761 1334 2818 ›rueruoriule
1357 2762 1476 2838 denique
1499 2757 1537 2836 (u.
1556 2782 1590 2838 p.
1609 2765 1670 2822 843
1693 2764 1711 2819 l.
1730 2758 1763 2838 8)
1786 2762 1922 2837 emperor

261 2886 318 2924 ease
345 2869 404 2924 vult
432 2867 477 2923 die
500 2870 526 2926 1.
552 2865 653 2922 eucrasia
678 2865 754 2922 Maii
776 2869 848 2924 838.
897 2865 947 2939 Cf.
973 2867 1054 2924 etiam
1085 2887 1159 2943 quae
1188 2868 1298 2925 exbibet
1327 2887 1441 2925 carruca
1468 2866 1703 2926 Cenomannicum
1735 2871 1771 2924 de
1796 2870 1922 2925 dedica·

260 2975 338 3030 tione
361 2981 391 3030 et
407 2975 566 3030 redditione
583 2974 746 3030 monasterii
762 2973 907 3042 Anisolae,
931 2975 960 3029 in
984 2992 1039 3046 quo
1062 2983 1178 3031 sanctus
1193 2976 1366 3048 Karilepbus
1390 2992 1507 3047 corpere
1531 2976 1687 3047 requiescit
1710 2969 1798 3048 (MG.
1817 2974 1923 3032 Poetae

214 3101 242 3140 ro
260 3081 343 3138 latini
364 3079 428 3138 aeui
452 3077 582 3138 Carolim'
604 3080 643 3150 H,
669 3083 730 3139 633
740 3077 814 3156 aq.).·

581 3187 629 3242 Bis
653 3189 875 3260 quadringentos
900 3190 965 3243 dum
989 3191 1110 3244 mundus
1133 3191 1265 3245 volveret
1288 3207 1377 3245 annos

581 3294 624 3350 Ac
648 3294 691 3348 bis
716 3295 874 3365 quindenos
898 3303 1020 3367 cetoque
1045 3296 1106 3351 iure
1130 3295 1212 3350 simul
1236 3290 1290 3368 ζτ-
1309 3290 1394 3368 338),

582 3402 624 3456 Ex
649 3419 706 3472 quo
729 3401 854 3456 salrator
877 3402 965 3457 voluit
988 3403 1024 3456 de
1049 3402 1158 3474 virgine
1182 3403 1270 3468 nasci,

581 3507 713 3564 Solveret
737 3516 768 3562 ut
791 3510 889 3564 mortis
913 3510 1013 3564 debita
1035 3510 1107 3564 dura
1129 3516 1243 3580 potens,

582 3614 709 3687 Cumque
733 3634 815 3670 auum
839 3617 949 3672 faceret
972 3617 1089 3671 indictio
1113 3617 1204 3688 prima
1226 3635 1370 3671 recursum
1396 3611 1433 3689 (u.
1454 3635 1486 3690 p.
1503 3617 1565 3674 843
1588 3617 1606 3672 l.
1625 3618 1641 3674 1
1659 3625 1684 3671 et
1699 3615 1750 3692 15)

581 3723 710 3777 instabili
735 3741 851 3778 currens
874 3731 959 3779 nocte
984 3724 1090 3794 dieque
1115 3724 1215 3794 gradu,

582 3829 804 3901 Compleretque
829 3848 916 3885 anuos
939 3831 1038 3902 viginti
1064 3838 1094 3884 et
1119 3831 1243 3901 quinque
1268 3829 1376 3884 volutos

581 3937 763 3992 Hludowieua
786 3938 866 4008 regui
891 3947 1005 4009 secptra
1029 3938 1155 4008 regendo
1179 3937 1225 4008 pie
1251 3931 1288 4008 (r.
1309 3937 1418 4010 1).de
1442 3937 1460 3991 l.
1477 3931 1521 4009 22),

582 4044 706 4115 implens
730 4043 862 4098 Aldricus
884 4044 928 4098 bia
952 4054 1049 4100 ternos
1072 4045 1178 4116 optime
1203 4043 1289 4108 solea,

583 4152 624 4205 Ex
648 4170 704 4222 quo
728 4152 854 4223 suscepit
875 4150 1040 4222 pontificale
1065 4153 1153 4206 decus
1177 4145 1214 4222 (r.
1236 4171 1267 4225 p.
1285 4153 1347 4209 843
1369 4152 1388 4206 l.
1406 4153 1479 4226 qu.
1504 4158 1530 4206 el
1551 4145 1696 4224 42aqq7lz

582 4258 691 4312 'semes
715 4265 782 4312 ante
807 4258 868 4312 dies
892 4275 976 4328 quam
1000 4258 1091 4312 Maius
1115 4277 1229 4312 currere
1252 4259 1356 4312 ariundo

583 4363 733 4435 Coepisset
757 4383 866 4419 cursum
889 4363 1065 4435 perficiendo
1089 4382 1169 4418 aurun
1193 4359 1247 4436 (z
1267 4369 1318 4421 28.
1336 4362 1460 4438 spritu
1484 4382 1509 4418 o.
1531 4383 1563 4438 p.
1580 4365 1643 4422 842
1666 4365 1684 4418 l.
1701 4358 1837 4439 resqq),

582 4471 725 4526 Redditur
748 4471 875 4538 Aldricm
900 4470 1069 4542 Carilepbue
1093 4488 1209 4542 corpore
1234 4479 1348 4524 serietas

582 4577 614 4631 Iu
639 4597 694 4649 quo
719 4579 779 4633 iure
803 4578 889 4644 iacet,
913 4579 967 4632 rite
992 4578 1190 4632 monasterium

584 4684 654 4738 Cum
677 4685 750 4739 villis
773 4686 892 4752 eunctis,
917 4703 979 4739 eum
1003 4685 1088 4739 rebus
1112 4684 1237 4755 denique
1263 4683 1339 4738 totis.

582 4790 756 4846 Confirmans
779 4792 890 4863 scriptis
913 4793 1018 4862 optime
1043 4799 1147 4846 cuneta
1169 4792 1248 4856 satis,

581 4900 606 4952 A
631 4907 728 4953 sancto
753 4907 838 4969 atque
863 4899 913 4953 Pio
937 4897 1103 4952 Hludowieo
1128 4895 1250 4952 (laesere
1275 4915 1390 4952 stimmo.

582 5007 744 5077 Disponens
767 5022 884 5074 regnum
908 5006 973 5058 dum
997 5006 1136 5060 resideret
1162 5005 1261 5074 Aquis.

581 5113 643 5167 Hoc
668 5130 782 5183 quoque
806 5112 969 5182 praedictus
992 5111 1126 5183 legaliter
1148 5110 1334 5181 induperator

581 5220 649 5291 Egit
673 5218 803 5274 consultu
827 5219 962 5272 nobilium
985 5237 1140 5289 procerrun.

582 5325 634 5379 Cui
655 5327 701 5392 (irs,
727 5325 839 5379 Christe
864 5331 975 5395 potens,
999 5325 1126 5395 requiem
1151 5324 1210 5377 sine
1235 5323 1291 5377 fine
1316 5331 1488 5388 manentem,

581 5433 748 5488 Consortem
772 5432 881 5486 faciens
904 5431 1012 5484 civibus
1035 5430 1179 5501 angelicis.

264 5558 293 5626 1)
329 5557 462 5614 Alaricus
496 5565 675 5614 ecresceretua
711 5565 775 5613 erat
808 5556 853 5612 die
887 5559 937 5614 22.
970 5554 1071 5610 rrrerrar'e
1102 5552 1266 5609 Decembris
1296 5559 1376 5620 83&
1411 5554 1451 5624 ef.
1489 5551 1578 5610 Gesta
1609 5554 1720 5610 ⁴ildrici
1753 5575 1776 5610 c.
1802 5557 1818 5613 1
1854 5555 1918 5610 edd.

263 5662 383 5722 Clurlea
406 5672 432 5720 et
455 5664 568 5740 Froper
585 5683 618 5739 p.
635 5667 683 5722 10.
730 5664 817 5720 Actus
835 5670 928 5738 pontt.
955 5661 1129 5718 Gereoniumn
1155 5681 1177 5716 c.
1198 5663 1240 5719 23
1265 5661 1328 5714 edd.
1353 5659 1465 5716 Bouron
1490 5669 1515 5716 et
1540 5660 1636 5716 Ledrrr
1656 5681 1687 5735 p.
1707 5667 1821 5737 L’lttlaq.
1847 5665 1918 5730 307,

213 5781 242 5822 ee
261 5779 290 5827 ut
313 5770 369 5827 iam
392 5790 483 5845 repre
501 5791 535 5845 p.
554 5773 614 5828 784
638 5773 743 5828 ursel
767 5769 868 5826 dictum
893 5776 941 5824 eat.
1027 5767 1057 5837 2)
1081 5765 1174 5841 April.
1193 5770 1241 5824 30.
1326 5767 1356 5834 3)
1381 5769 1444 5824 838
1468 5786 1553 5822 recena
1580 5766 1655 5822 Maii
1678 5770 1704 5825 Ι.
1790 5769 1820 5828 ll
1847 5769 1918 5825 Met·

260 5885 362 5934 tenerur
387 5876 544 5952 episcopum
569 5871 793 5952 (eae-855).

1636 6027 1703 6080 106*
