4884 6717
528 1476 628 1600 56.
676 1461 1243 1596 CONCILIUM
1292 1462 2186 1604 AQUISGRANENSEz

1108 1707 1204 1791 836.
1231 1732 1363 1780 mense
1390 1706 1608 1780 Februario.

635 1971 797 2064 Annales
821 1995 1009 2058 Bertiniani
1030 1991 1203 2056 Prudentia
1233 1991 1383 2056 Trecensi
1402 2006 1528 2057 auctore
1550 1992 1597 2056 ad
1617 2018 1734 2057 annunt
1757 2003 1833 2061 837.
1865 1994 1927 2076 (ed.
1952 1994 2051 2059 Waitz
2068 2019 2104 2081 p.
2127 1995 2184 2078 13)

527 2106 604 2168 baec
627 2105 789 2191 referunt:
812 2100 851 2164 In
873 2110 1017 2186 tompore
1035 2148 1042 2162 .
1062 2148 1069 2161 .
1087 2146 1095 2162 .
1112 2109 1185 2183 post
1200 2096 1367 2161 natalitiae
1384 2096 1582 2162 celebritatis
1598 2098 1800 2185 sollempnia,
1824 2100 2050 2187 purificatione
2068 2099 2184 2165 beatae

528 2232 657 2296 semper
684 2208 821 2293 virginis
845 2206 970 2271 Mariae
1001 2207 1230 2291 episcoporum
1260 2213 1455 2269 conventum
1485 2205 1518 2268 in
1542 2204 1647 2290 Aquis
1671 2204 1785 2271 habuit
1812 2208 1867 2290 (sc.
1892 2207 2102 2272 Hludotaicus
2127 2211 2217 2275 rin-s

522 2319 680 2404 perator),
703 2316 736 2378 in
761 2336 825 2400 quo
849 2325 982 2377 sanctae
1007 2312 1072 2377 Dei
1095 2308 1255 2375 ecclcsiae
1279 2309 1454 2396 plurimum
1477 2322 1651 2377 tractatum
1675 2323 1733 2392 est,
1766 2324 1799 2378 st
1829 2312 1907 2399 quid
1935 2313 2053 2400 cuique
2077 2312 2184 2377 ordini

528 2423 659 2509 proprie
683 2420 883 2500 conveniret,
908 2418 1106 2505 patefactum
1129 2428 1229 2503 atque
1253 2416 1452 2504 descriptum
1476 2428 1534 2482 est.
1569 2418 1718 2505 Epistola
1735 2420 1832 2484 etiam
1849 2418 1892 2484 ab
1916 2420 2031 2485 eodem
2047 2442 2183 2484 venera·

528 2528 641 2594 biliam
678 2528 905 2614 episcoporum
936 2536 1098 2588 conventu
1128 2523 1171 2588 ad
1200 2523 1378 2610 Pippinum
1413 2523 1573 2589 directum
1603 2535 1662 2608 est,
1697 2526 1731 2589 in
1763 2548 1829 2612 qua
1857 2549 1932 2592 eum
1962 2524 2074 2591 salutis
2104 2547 2183 2591 suae

528 2657 726 2721 magnopere
750 2644 944 2697 monuerunt
967 2631 1166 2716 missaper,
1198 2640 1233 2694 ut
1262 2652 1387 2694 memor
1409 2632 1508 2695 moris
1538 2633 1782 2718 progenitorum
1809 2656 1941 2698 suorum
1964 2655 2003 2697 ac
2027 2633 2182 2720 precipue

527 2743 665 2829 piissimi
688 2740 844 2827 genitoris
868 2740 918 2803 sni
942 2760 994 2802 res
1018 2736 1232 2801 ecclesiarum
1255 2736 1320 2801 Dei
1344 2736 1471 2823 pridem
1494 2760 1515 2802 a
1537 2740 1604 2802 suis
1633 2740 1764 2803 invasas
1794 2752 1892 2826 atque
1923 2738 2069 2826 direptas
2101 2740 2182 2803 ints·
2202 2768 2230 2810 ro

530 2849 641 2935 gritati
665 2870 777 2912 earum
800 2847 995 2924 restitueret,
1019 2866 1060 2908 ne
1084 2843 1141 2907 tali
1165 2844 1264 2907 etiam
1287 2845 1459 2908 occasione
1484 2844 1629 2910 divinam
1653 2857 1766 2910 contra
1789 2868 1823 2910 se
1847 2845 2049 2911 iracundiam
2065 2845 2181 2910 arden-

528 2956 591 3020 tius
614 2956 775 3019 incitaret.

635 3063 724 3126 Patet
745 3060 953 3124 Prudentium
977 3060 1033 3122 boc
1056 3060 1226 3123 concilium
1248 3059 1506 3146 Aquispranense
1529 3061 1633 3122 minua
1655 3075 1734 3123 recte
1762 3085 1844 3124 antio
1869 3069 1946 3128 837.
1971 3060 2183 3146 adscripsisse

528 3169 588 3256 (cf.
614 3169 751 3248 Simeon,
774 3167 984 3231 ‘Jabrbu'cber
1007 3166 1062 3228 des
1077 3166 1293 3253 frankiscben
1317 3166 1450 3230 Reicbes
1473 3180 1562 3229 uniter
1584 3166 1721 3252 Ludwip
1744 3167 1814 3230 deni
1838 3167 2020 3231 Frontnren’
2045 3166 2093 3244 II,
2116 3175 2184 3233 148

528 3301 600 3340 ann
625 3281 675 3358 2),
706 3301 774 3338 eum
805 3277 840 3337 in
869 3273 1060 3337 editionibus
1089 3297 1192 3336 annius
1215 3286 1360 3336 occurrat
1382 3274 1613 3337 'incarnationis
1637 3281 1723 3351 836..
1757 3276 1888 3358 imperii
1909 3273 2095 3337 illudowici
2114 3279 2183 3352 24..
2202 3300 2229 3340 rs

530 3383 661 3447 indictio
685 3389 736 3448 11.
788 3379 1023 3444 Observandum
1048 3393 1147 3442 auum
1173 3394 1217 3442 est
1248 3380 1372 3443 unicum
1401 3380 1531 3444 illorum
1554 3379 1691 3442 codicem
1714 3382 1871 3466 praebere
1893 3404 2010 3443 annum
2036 3382 2182 3444 incarna-

530 3491 625 3553 tionis
650 3499 725 3556 s33.
774 3487 839 3552 Sed
857 3511 919 3572 pro
943 3484 1235 3550 DCCCXXXJH.
1263 3485 1424 3572 lependurn
1448 3500 1493 3550 est
1521 3485 1817 3564 DUCCXXXVI„
1844 3486 1931 3572 qaod
1954 3487 2019 3551 leri
2039 3487 2185 3551 emenda·

529 3598 610 3659 tione
622 3598 720 3659 statui
726 3608 840 3680 potest,
863 3619 980 3656 annana
999 3595 1130 3678 imperii
1143 3591 1293 3654 XXIIII
1305 3607 1423 3657 rnutarc
1440 3594 1473 3656 in
1489 3591 1636 3672 XXIII,
1659 3595 1719 3679 qui
1732 3595 1877 3658 currebat
1892 3593 1966 3657 inde
1982 3619 2002 3656 a
2019 3593 2071 3658 die
2086 3603 2116 3658 si.
2134 3593 2186 3658 ael

528 3709 559 3767 4.
585 3701 752 3765 liniendas
777 3701 953 3764 Februarii
974 3711 1049 3766 836.
1074 3724 1170 3784 usqne
1195 3678 1458 3784 ‹iliis-equidem
1481 3713 1602 3763 mutare
1625 3725 1684 3764 non
1709 3705 1824 3780 aasirn,
1848 3716 2016 3787 propterea
2041 3701 2127 3786 pared
2150 3702 2183 3764 in

527 3809 707 3872 decorarento
737 3833 798 3870 non
829 3810 862 3871 in
894 3809 963 3893 ipso
994 3807 1152 3869 tabellario
1186 3808 1388 3891 imperatoris
1417 3807 1558 3892 confecto
1574 3807 1682 3891 facile
1706 3832 1795 3870 error
1820 3810 1950 3892 irrepsit
1956 3830 1967 3888 ,·
1998 3807 2183 3870 indictionis
2199 3832 2228 3872 ro

527 3915 660 4000 denique
676 3939 823 3978 ursmarus
846 3916 879 3977 in
894 3939 990 3976 unurn
1006 3939 1121 3976 annam
1140 3921 1215 3979 836.
1234 3912 1381 3997 quadrat.
1418 3912 1498 3975 Ilias
1515 3919 1548 3979 2.
1566 3916 1681 3977 niensis
1698 3913 1875 3977 Februarii
1888 3915 1970 3994 (erat
1980 3915 2076 4000 feria
2093 3912 2115 3975 Ι
2121 3912 2182 3997 li),

527 4047 615 4107 quern
637 4023 767 4108 praebet
789 4020 981 4084 Prudentius
1005 4019 1040 4090 (l.
1067 4021 1115 4103 l),
1138 4020 1283 4107 fortasse
1307 4033 1351 4083 est
1375 4019 1438 4097 ille,
1467 4043 1530 4104 quo
1556 4020 1695 4105 synodus
1722 4035 1889 4084 conrecata
1912 4035 2032 4084 estant
2055 4034 2182 4105 σοφίας

526 4129 571 4216 cf.
597 4127 826 4192 llltlltlbecbefl
850 4153 877 4190 n.
897 4135 999 4192 usta.

799 4369 845 4464 a
886 4386 1136 4465 oausam
1164 4387 1408 4466 cenesca
1427 4387 1904 4483 laurasamensis

923 4547 926 4552 ’
1234 4555 1309 4613 836.
1337 4547 1428 4610 Febr.
1448 4557 1477 4614 6.
2199 4577 2227 4618 s

633 4725 767 4789 Decreta
791 4724 960 4811 synodalia
985 4749 1046 4788 non
1065 4749 1201 4810 prorsus
1226 4748 1306 4787 riona
1329 4725 1475 4809 afferunt.
1520 4724 1674 4810 Repetunt
1697 4727 1778 4790 enim
1803 4728 1909 4811 capita
1933 4727 2086 4790 nonnulla
2109 4751 2180 4790 eon·

525 4833 600 4897 cilii
628 4832 823 4896 Parisiensis
853 4855 935 4894 anno
967 4839 1045 4898 829.
1077 4832 1228 4894 celebrati
1260 4855 1298 4894 ac
1331 4855 1424 4915 saepe
1454 4856 1501 4908 ea,
1537 4855 1616 4916 quac
1653 4832 1725 4896 inde
1756 4846 1784 4896 et
1819 4835 1851 4896 in
1882 4834 2098 4920 episcoporum
2137 4832 2183 4896 ad

526 4940 749 5003 Illudotcicurn
786 4941 1007 5024 imperatorem
1040 4937 1220 5000 relationem
1252 4939 1334 5000 anni
1355 4943 1432 5003 829.
1466 4937 1560 5012 (ild.
1589 4937 1693 5025 Capit.
1718 4938 1765 5020 ll,
1789 4945 1836 5006 26
1847 4941 1930 5025 sqq.)
1961 4954 1990 5003 et
2021 4941 2051 5004 in
2084 4938 2181 5004 Ionae

527 5047 770 5109 Aurelianensis
787 5046 926 5108 libellum
946 5044 984 5106 de
1002 5045 1191 5107 institutione
1209 5046 1298 5129 repia
1315 5043 1376 5118 (ed.
1397 5043 1433 5105 L.
1453 5044 1622 5131 dArhiry,
1647 5045 1853 5133 Spieileyiurn
1872 5046 1919 5111 ed.
1937 5053 1970 5113 2.
1988 5045 2017 5126 I,
2035 5053 2103 5114 324
2111 5071 2179 5132 sqq.

527 5181 569 5207 =
585 5152 705 5239 llipne,
721 5151 841 5214 I'etrol.
859 5151 912 5214 lot.
934 5151 961 5212 U
970 5149 1023 5228 VI,
1035 5153 1198 5234 285399.)
1215 5152 1415 5213 transierunt.
1452 5149 1507 5212 Er
1521 5154 1774 5216 annotationibus
1788 5167 1890 5216 eumn
1909 5155 2000 5241 infra
2017 5153 2181 5239 adspersas
2199 5179 2227 5219 ro

527 5261 695 5345 apparebit
724 5259 780 5321 lios
810 5272 872 5321 tres
895 5259 1006 5345 fontes
1031 5257 1218 5332 (conciliant
1236 5255 1429 5336 Partiriense,
1460 5258 1641 5320 relationem
1666 5261 1893 5345 episcoporum,
1924 5259 2021 5324 Ionae
2049 5261 2179 5344 librum)

521 5369 703 5452 prorniscue
734 5390 797 5428 esse
828 5364 998 5442 adhibitos,
1036 5366 1078 5426 ita
1111 5378 1141 5425 nt
1171 5363 1262 5426 sinodo
1293 5364 1384 5442 burte,
1415 5363 1506 5427 inodo
1538 5365 1628 5426 illum
1657 5367 1757 5428 secnti
1783 5368 1847 5429 sint
1875 5365 2013 5453 synodal
2046 5415 2052 5428 .
2100 5367 2181 5430 stlta

527 5476 634 5558 castita
659 5473 802 5559 leprtntur
825 5486 853 5534 et
877 5473 910 5534 in
934 5471 1086 5533 relatione
1111 5471 1169 5532 illa
1195 5471 1412 5556 episcoporum
1437 5472 1520 5534 etin
1545 5470 1595 5533 bis
1618 5470 1751 5535 decretis
1772 5473 2095 5558 Aquispranensibus,
2118 5497 2181 5536 non

528 5583 561 5642 in
585 5580 719 5642 coneilio
737 5577 937 5642 Parisiensi:
959 5578 992 5640 si
1012 5578 1188 5661 respererts
1211 5576 1258 5639 ad
1279 5601 1325 5656 ea,
1349 5601 1429 5661 pirae
1453 5577 1491 5640 dc
1517 5577 1621 5641 indole
1644 5603 1682 5640 ae
1705 5592 1819 5641 natura
1843 5580 2008 5644 relationis
2031 5579 2181 5644 laridatae

526 5688 726 5771 e.rposuirnus
757 5685 867 5770 (supra
897 5709 929 5769 p.
952 5693 1045 5764 ortt),
1075 5683 1151 5745 bace
1181 5685 1287 5768 capita
1318 5707 1357 5746 ea
1385 5684 1463 5747 aliis
1493 5685 1639 5748 conciliis
1668 5686 1749 5747 aurii
1770 5691 1847 5751 829.
1873 5688 2028 5772 ονί9ιήεηι
2057 5687 2226 5752 trebereos

636 5889 665 5956 l)
689 5887 752 5944 Hoc
775 5885 918 5942 canalium
942 5885 971 5940 in
995 5884 1074 5940 editis
1098 5884 1249 5961 insignitur
1272 5885 1426 5941 Concilium
1450 5887 1680 5959 Aquisgranenss
1705 5887 1742 5942 ΙΙ.
