4884 6717
762 1024 819 1061 ct.
841 1021 943 1059 Luc.

702 1075 744 1124 9,
761 1073 827 1113 26.
849 1076 912 1120 12,
929 1075 967 1115 9.

700 4049 805 4090 Luc.
824 4050 887 4092 10,
905 4049 969 4089 16.

1013 509 1139 571 718
1848 514 1952 568 56.
2026 513 2464 570 CONCILIUM
2513 514 3169 579 AQUISGRANENSE
3218 516 3292 567 A.
3335 513 3485 569 836.

1007 712 1306 782 inspirante
1354 718 1536 764 vestra
1583 712 1762 781 pietas
1810 712 1878 763 de
1928 710 2338 764 aecclesiastica
2387 718 2443 764 et
2490 710 2758 764 communi
2807 710 3045 763 utilitate
3094 710 3304 779 aliquid
3350 710 3507 763 nobis
3567 717 3802 763 tractare
3864 711 4153 780 praecipit,
4213 729 4324 764 non

1009 825 1092 872 est
1136 818 1295 872 nobis
1340 818 1425 871 fas
1472 817 1706 884 mentiri,
1753 817 1885 888 quia
1933 816 2233 886 aliquando
2281 817 2570 870 veritatem
2617 817 2733 870 sine
2782 816 2938 887 gravi
2999 818 3245 886 periculo
3307 818 3378 870 ad
3438 825 3653 886 tempus
3712 818 3964 885 reticere,
4022 835 4323 887 numquam

1008 934 1193 979 tamen
1239 924 1558 995 interrogati
1606 925 1673 977 de
1723 925 1841 993 ipsa
1888 924 2117 976 veritate
2166 923 2280 976 sine
2327 923 2485 994 gravi
2529 923 2835 977 discrimine
2884 941 3168 994 possumus
3222 924 3454 978 mentiri.
3564 923 3674 977 Sed
3736 924 3866 994 quia
3926 925 4128 978 veritas
4188 942 4323 994 sepe

1008 1032 1191 1085 odium
1237 1037 1487 1101 generat,
1534 1039 1589 1083 et
1636 1049 1812 1084 sermo
1846 1031 1954 1084 Dei
2004 1031 2350 1083 adversarius
2397 1048 2430 1083 a
2465 1030 2700 1085 Domino
2747 1032 2945 1084 nostris
2991 1030 3306 1083 carnalibus
3353 1030 3728 1099 voluptatibus
3766 1030 4107 1098 describitur,
4137 1040 4323 1084 tamen

1009 1138 1059 1191 ei
1108 1138 1161 1192 in
1207 1138 1315 1207 via,
1362 1138 1416 1191 id
1464 1146 1546 1190 est
1594 1138 1647 1191 in
1693 1137 1935 1206 presenti
1982 1138 2115 1205 vita,
2161 1137 2608 1191 consentiendum
2655 1144 2752 1190 est.
2846 1136 2935 1190 Sic
2983 1137 3148 1190 etiam
3197 1154 3330 1206 erga
3388 1154 3489 1190 nos
3549 1139 3826 1208 agendum
3886 1144 3986 1204 est,
4045 1143 4124 1204 ut,
4185 1155 4320 1207 quo·
4357 1150 4386 1189 ο

1007 1244 1385 1315 tienscumque
1434 1244 1754 1312 interrogati
1803 1245 2091 1297 veritatem
2139 1243 2483 1312 proferimus,
2530 1261 2864 1314 quamquam
2910 1243 3159 1296 nonnulli
3209 1242 3403 1296 infirmi
3459 1244 3575 1297 sine
3635 1262 3801 1297 causa
3861 1244 4323 1313 scandalizentur,

1005 1351 1167 1404 nobis
1213 1359 1395 1404 tamen
1443 1351 1889 1405 consentiendum
1938 1359 2019 1403 est
2066 1359 2295 1420 propter
2341 1350 2515 1418 ipsam
2571 1351 2876 1403 veritatem.
2970 1346 3155 1402 Nam1
3217 1367 3405 1420 saepe,
3465 1352 3683 1420 quando
3744 1350 3901 1403 vobis
3962 1351 4322 1421 suggerimus,

1006 1467 1067 1512 ut
1112 1457 1305 1512 fideles
1353 1458 1555 1529 quique
1603 1476 1691 1510 res
1738 1458 2127 1511 aecclesiarum
2174 1456 2264 1525 pie
2314 1465 2369 1510 et
2414 1474 2537 1509 cum
2584 1457 2891 1510 reverentia
2940 1465 2995 1510 et
3042 1457 3236 1510 timore
3271 1458 3377 1511 Dei
3408 1464 3664 1521 ,tractent
3711 1466 3766 1509 et
3813 1465 4149 1527 cognoscant
4195 1458 4322 1511 illas

1007 1566 1131 1618 Deo
1181 1583 1298 1617 esse
1347 1565 1577 1631 dicatas,
1624 1574 1894 1633 quatenus
1941 1564 2016 1616 sic
2064 1563 2305 1616 habeant
2352 1564 2421 1616 de
2469 1563 2579 1616 illis
2625 1563 2983 1632 temporalem
3030 1565 3357 1633 profectum,
3403 1571 3462 1617 ut
3508 1583 3616 1617 non
3670 1570 3897 1633 propter
3954 1565 4320 1632 ignorantiam

1006 1678 1060 1724 et
1109 1671 1516 1741 neglegentiam
1564 1680 1847 1723 aeternum
1895 1670 2175 1739 patiantur
2220 1669 2623 1736 detrimentum,
2683 1671 3025 1739 suspicantur
3082 1671 3349 1737 nonnulli,
3411 1672 3558 1740 quod
3618 1690 3718 1723 nos
3777 1688 3945 1723 eausa
4004 1670 4321 1740 cupiditatis
4362 1685 4412 1722 ιο

1004 1778 1185 1847 potius
1231 1778 1333 1830 hoc
1382 1778 1772 1831 admoneamus
1819 1795 1981 1847 quam
2030 1794 2194 1829 eausa
2242 1776 2450 1841 salutis,
2497 1794 2618 1828 cum
2674 1795 2772 1828 nos
2832 1776 3104 1830 veraciter
3162 1777 3327 1830 nullis
3387 1777 3549 1830 rebus
3611 1776 3710 1830 sibi
3775 1778 4007 1831 conlatis
4069 1786 4321 1847 optemus

1006 1902 1100 1937 cos
1148 1884 1434 1952 expoliari,
1481 1885 1577 1938 sed
1639 1884 1813 1954 magis
1874 1901 2058 1936 eorum
2121 1883 2390 1936 communi
2452 1883 2615 1936 saluti
2675 1884 2981 1936 consultum
3042 1882 3332 1952 praebere,
3393 1884 3523 1953 quia
3583 1902 3692 1936 non
3760 1902 3962 1950 rerum,
4032 1894 4090 1937 ut
4160 1884 4319 1937 multi

1006 1990 1355 2057 arbitrantur,
1402 1990 1720 2058 ambitione,
1768 1991 1862 2042 sed
1912 1990 2213 2042 animarum
2260 1990 2441 2059 potius
2488 1991 2828 2043 delectamur
2873 1991 3195 2043 salvatione.

1222 2107 1386 2191 (47).
1438 2105 1587 2168 VII.
1683 2104 2053 2168 Didicimus
2103 2126 2257 2166 sane
2321 2102 2663 2167 nonnullos
2727 2105 3177 2190 episcoporum
3240 2127 3280 2167 a
3341 2104 3731 2189 quibusdam
3792 2106 4091 2189 personis
4149 2104 4317 2168 clam

1007 2213 1352 2275 temeraria
1400 2212 1801 2275 detractione
1852 2221 2189 2273 accusatos
2239 2222 2433 2294 atque
2485 2209 2832 2290 detractos,
2884 2211 3021 2272 sine
3071 2209 3542 2296 approbatione
3591 2221 3807 2274 tamen
3855 2213 3923 2274 in
3972 2213 4182 2275 causis
4219 2235 4315 2274 re·
4358 2233 4410 2272 15

1005 2317 1611 2404 praehensibilibuS,
1677 2340 1844 2403 quae
1909 2317 2325 2401 pontificatus
2388 2317 2600 2380 ordini
2661 2340 2791 2379 non
2862 2340 3219 2400 congruere
3282 2319 3463 2382 visae
3535 2329 3716 2398 sunt,
3790 2320 3842 2381 si
3913 2317 4316 2403 approbatae

1003 2427 1260 2490 fuerint.
1363 2425 1619 2488 Idcirco
1682 2423 1923 2487 obnixe
1985 2446 2389 2509 praecamur,
2456 2436 2545 2504 ut,
2611 2424 2663 2486 si
2727 2424 2959 2510 aliquis
3022 2424 3330 2511 deinceps
3394 2437 3735 2488 accusator
3795 2424 4061 2488 adnisus
4121 2425 4319 2488 fuerit

1005 2532 1289 2618 aliquem
1338 2554 1681 2595 excessum
1732 2532 1798 2594 in
1848 2528 2207 2616 episcopali
2258 2530 2483 2592 ordine
2533 2531 2653 2592 rite
2703 2530 3221 2615 repraehendere
3272 2542 3337 2594 et
3382 2532 3466 2595 ad
3515 2554 3704 2594 aures
3753 2531 4123 2617 imperiales
4171 2555 4315 2617 per·

1006 2639 1267 2720 ducere,
1317 2650 1387 2702 ut
1434 2661 1561 2701 non
1623 2636 1815 2701 facile
1878 2660 1999 2723 per
2059 2639 2526 2722 cuiuscumque
2589 2659 2933 2721 personam
2997 2638 3282 2701 officium
3343 2640 3506 2702 tanti
3567 2639 3905 2702 ministerii
3969 2640 4035 2702 in
4096 2638 4316 2725 aliquo

1006 2745 1321 2808 vilescere
1371 2744 1689 2808 videatur.
1799 2745 2165 2807 Accusator
2226 2745 2466 2829 itaque,
2528 2745 2619 2806 uti
2685 2756 2973 2824 actenuS,
3038 2743 3463 2807 delitiscendo
3527 2769 3595 2808 se
3657 2744 4038 2808 subtrahere
4102 2745 4316 2809 locum
4353 2768 4410 2807 zo

1007 2875 1134 2915 non
1184 2851 1440 2932 habeat,
1492 2851 1606 2914 sed
1653 2873 1866 2937 neque
1916 2861 2281 2914 accusatus
2362 2851 2574 2913 Iluius
2623 2851 2715 2912 rei
2765 2851 3009 2914 veritas
3058 2850 3333 2913 sinodali
3382 2853 3729 2915 conventui
3769 2864 4008 2937 pateat,
4044 2852 4316 2916 ibidem-

1007 2981 1131 3044 que
1183 2960 1357 3022 omni
1405 2959 1748 3022 occasione
1812 2967 2060 3021 remota
2120 2967 2538 3042 utrorumque
2603 2958 2998 3019 examinatio
3061 2957 3417 3021 secundum
3479 2959 3821 3022 veritatem
3884 2961 4316 3038 examinetur,

1004 3077 1075 3129 ut
1124 3064 1296 3151 quod
1355 3065 1627 3151 quisque
1690 3076 1994 3136 meretur,
2059 3074 2404 3126 accusatus
2466 3063 2774 3126 videlicet
2837 3065 2974 3126 sive
3038 3077 3398 3145 accusator,
3472 3089 3587 3150 pro
3659 3067 3888 3128 merito
3962 3067 4316 3128 canonicae

1005 3170 1386 3257 disciplinae
1437 3169 1790 3246 subiaceat,
1841 3193 1920 3233 ne
1968 3170 2133 3233 forte
2185 3171 2525 3254 quisquam
2578 3169 2990 3233 sacerdotum
3023 3193 3090 3232 se
3125 3170 3743 3256 repraehensibilem
3779 3171 4046 3235 exibere
4079 3171 4319 3235 audeat

1005 3289 1114 3341 aut
1164 3279 1358 3341 etiam
1408 3278 1680 3363 quisque
1729 3275 1961 3339 leviter
2006 3277 2413 3360 inaniterque
2467 3277 2762 3361 propriae
2812 3279 3350 3363 intemperantiae
3398 3301 3733 3341 assensum
3781 3277 4105 3363 praebens
4154 3279 4317 3340 tanti
4353 3300 4410 3340 τε

1006 3384 1250 3448 ordinis
1299 3386 1474 3448 viros
1523 3386 1661 3447 sine
1712 3406 1911 3447 eausa
1959 3395 2152 3468 atque
2204 3380 2585 3468 probatione
2634 3384 3002 3467 vituperare
3053 3394 3443 3468 praesumat.

1815 3576 2274 3662 Capitula
2347 3577 2449 3639 de
2525 3577 2874 3641 honore
2947 3578 3521 3664 episcopali.

1219 3712 1422 3767 l.icet'·’
1470 3715 1614 3768 enim
1660 3715 1973 3767 sacerdotes
2035 3714 2295 3766 moderno
2353 3722 2599 3781 tempore
2661 3713 2925 3788 propter
2986 3704 3374 3766 inminentes
3438 3704 3958 3788 perturbationes
4018 3714 4072 3767 in
4134 3714 4320 3766 multis

1007 3821 1110 3875 sint
1157 3822 1536 3891 neglegentes,
1583 3840 1690 3875 non
1738 3829 1859 3873 sunt
1909 3829 2093 3873 tamen
2141 3820 2483 3889 vituperandi
2533 3832 2654 3871 nee
2702 3819 3041 3887 dispiciendi,
3089 3821 3183 3872 sed
3231 3826 3457 3888 propter
3517 3820 3690 3882 illum,
3749 3820 3899 3873 cuius
3961 3819 4318 3874 ministerium

1004 3937 1221 3996 gerunt,
1266 3928 1524 3982 audiendi
1573 3935 1626 3980 et
1674 3945 1915 3997 congruo
1964 3928 2170 3979 honore
2220 3926 2535 3978 venerandi.
2616 3926 2746 3978 I'ost
2795 3926 3073 3994 apostolos
3121 3925 3263 3978 enim
3312 3927 3383 3978 ad
3428 3926 3575 3994 ipsos
3621 3927 3757 3980 haee
3791 3928 4009 3980 Domini
4044 3926 4317 3980 sententia
4353 3940 4409 3981 ιο

1006 4035 1281 4105 dirigitur:
1333 4033 1450 4097 Qui
1491 4054 1588 4089 ros
1634 4034 1795 4089 audit
1840 4054 1924 4088 me
1969 4033 2129 4088 audit
2175 4041 2225 4086 et
2270 4031 2367 4106 qni
2413 4053 2506 4087 rus
2550 4030 2768 4105 sperni!
2815 4051 2898 4084 me
2942 4031 3176 4105 spernit.
3274 4025 3690 4108 Quapropter
3749 4035 4154 4087 adtendendiuu
4217 4041 4318 4102 est,

1007 4144 1151 4212 quod
1200 4143 1542 4196 sacerdotum
1575 4141 1773 4195 Christi
1824 4142 2028 4210 spretio
2077 4142 2147 4193 ad
2196 4140 2443 4193 iniuriam
2478 4139 2677 4192 Christi
2724 4139 2981 4207 pertinet,
3028 4130 3210 4192 cuius
3246 4132 3456 4193 vicem
3507 4142 3569 4193 et
3603 4132 4030 4193 ministerium
4062 4143 4314 4214 gerunt.

1223 4256 1699 4343 (48).(V111).
1809 4256 1934 4318 De
1996 4253 2708 4318 conservandis
2772 4253 3055 4317 rebus
3127 4277 3360 4339 quac
3434 4279 3471 4317 a
3540 4254 4025 4318 fidelibus
4098 4279 4314 4318 con·

1008 4363 1399 4427 feruntu
1425 4386 1475 4425 r.
1593 4363 1669 4426 In
1733 4360 2094 4426 canonibus
2158 4361 2389 4424 Niceni
2453 4359 2711 4423 concilii
2773 4362 2864 4423 ita
2926 4359 3295 4424 roboratum
3359 4385 3514 4435 esse,
3573 4373 3857 4424 constat:
3931 4368 4134 4435 Quae-³
4192 4379 4316 4425 sunt

1007 4481 1282 4534 aeclesiae
1337 4479 1436 4533 sub
1484 4479 1630 4532 omni
1691 4479 2054 4532 sollieitudine
2106 4486 2156 4530 et
2206 4478 2539 4530 csmseientia
2585 4478 2731 4530 bona
2778 4488 2831 4529 ct
2881 4476 3009 4543 fide,
3070 4496 3213 4547 quae
3274 4480 3326 4531 in
3377 4479 3557 4531 Deum
3620 4488 3720 4548 est,
3781 4480 3872 4548 qui
3933 4487 4128 4532 cuneta
4188 4497 4314 4532 con·
4354 4491 4409 4531 ⁸6

1223 4683 1352 4751 (46).
1393 4689 1486 4737 VI.
1552 4691 1583 4737 2
1633 4683 1782 4752 quia]
1824 4690 1915 4753 qui
1960 4689 2024 4736 (ἶ.
2190 4694 2242 4736 at
2297 4689 2358 4735 (ι’.
2532 4690 2562 4735 9
2616 4687 2812 4735 lrabeat
2854 4688 2916 4735 (ι’.
3088 4688 3149 4734 10
3201 4689 3512 4750 suspicante
3555 4690 3619 4736 G.
3794 4690 3856 4737 12
3910 4686 4210 4736 consanum
4252 4688 4315 4736 G.

1011 4780 1074 4827 13
1121 4776 1482 4827 salvationem
1521 4795 1546 4825 e
1581 4795 1708 4825 corr.
1753 4779 1815 4825 G.

1223 4863 1352 4928 (47).
1392 4866 1515 4915 Vll.
1579 4868 1639 4914 15
1679 4860 1985 4928 accusatos]
2026 4881 2239 4915 accuss-
2279 4865 2358 4912 lu‘c
2394 4873 2438 4913 c!
2478 4863 2621 4927 infra
2662 4866 2725 4912 G.
2854 4865 3212 4928 aprobatioue
3256 4867 3319 4913 (ι’.
3454 4867 3516 4913 16
3556 4867 3745 4929 approl
3768 4872 3861 4914 ata
3902 4867 3968 4914 G.
4101 4868 4168 4914 23
4209 4882 4315 4914 mc·

1011 4957 1111 5005 rita
1154 4958 1216 5004 G.
1364 4957 1432 5004 26
1470 4956 1589 5003 viro
1633 4955 1696 5003 G.

1223 5047 1290 5094 29
1331 5039 1460 5104 siut}
1505 5045 1685 5093 sinon
1729 5043 1791 5091 G.
1902 5044 2253 5107 ‹lisspiciendi
2299 5043 2360 5091 G.
2474 5045 2541 5092 :30
2581 5058 2823 5105 congrue
2867 5043 2929 5089 G.
3042 5045 3108 5091 32
3148 5048 3330 5106 spreto
3369 5045 3430 5091 (ι’.
3544 5045 3811 5107 pertinent
3843 5045 3906 5092 (ι’.
4018 5052 4212 5106 gerant
4253 5045 4316 5092 G.
4353 5054 4411 5093 ω

1224 5129 1356 5196 (48).
1396 5129 1594 5194 (VIII).
1653 5137 1719 5181 33
1760 5127 1920 5193 VIII]
1957 5133 2154 5181 numeri
2190 5149 2235 5196 q.
2273 5132 2324 5180 d.
2367 5132 2581 5180 Romani
2620 5132 2759 5179 unci-3
2799 5130 2978 5179 inclusi
3016 5131 3069 5179 ἱιι
3106 5131 3218 5180 edd.
3259 5132 3601 5182 inre’m'untur.
3768 5129 3947 5196 rebus]
3989 5135 4210 5198 regibus
4252 5134 4316 5182 G.

1230 5333 1286 5387 l)
1333 5330 1524 5387 Verbis
1569 5332 1709 5386 Nam
1760 5349 1932 5401 saepe
1975 5361 2044 5366 ——-
2085 5332 2395 5385 salvatione
2447 5323 2519 5402 (l.
2560 5333 2684 5396 155),
2734 5350 2879 5404 quae
2918 5329 3142 5403 plenius
3188 5331 3338 5387 dieta
3375 5340 3505 5387 siuet
3534 5331 3591 5387 in
3632 5332 3903 5388 relatione
3933 5332 4317 5407 cpiscoporum

1132 5467 1176 5487 m
1225 5437 1282 5494 in
1323 5438 1553 5494 concilio
1595 5436 1926 5508 Paris-immi,
1991 5437 2243 5514 efficitur
2297 5437 2398 5492 leoc-
2435 5437 2553 5491 Ioco
2599 5437 2752 5491 illam
2800 5435 3105 5492 adhibitam
3156 5458 3288 5505 esse,
3337 5459 3516 5513 supra
3563 5447 3743 5495 autem
3793 5439 3955 5495 lucius
3992 5438 4193 5514 capitis
4225 5438 4330 5494 III

1105 5570 1108 5574 ·
1184 5549 1329 5606 ,ι’-Μ,-
1369 5566 1435 5620 p.
1474 5548 1622 5621 717)
1675 5567 1746 5600 eu·
1793 5567 1872 5606 «³0,
1922 5545 2076 5619 quod
2118 5543 2404 5599 concilium
2456 5543 2917 5618 Aquisqranense
2963 5543 3141 5618 maglia-
3189 5566 3307 5600 eum
3357 5546 3586 5600 concilio
3619 5545 3937 5601 I'czre'sieusa'
3980 5566 4146 5620 quam
4197 5565 4317 5601 eum

1144 5664 1283 5706 nume
1331 5652 1712 5725 episcoporum
1756 5651 2028 5726 camyruit,
2077 5650 2326 5724 sequitur
2357 5669 2512 5705 αηηυ
2545 5654 2688 5705 83θί.
2725 5658 2775 5704 e!
2811 5658 2940 5705 aeta
2979 5650 3123 5705 anni
3154 5657 3296 5709 829.
3336 5651 3637 5723 synodalia
3671 5659 3723 5707 et
3752 5652 4075 5708 relationem
4110 5652 4317 5726 episco-
4354 5670 4410 5710 «ὁ

1112 5777 1207 5809 ‘esu
1250 5757 1568 5830 promiscue
1612 5758 1864 5813 adhibita
1912 5776 2044 5811 esse.
2188 5756 2247 5809 2)
2303 5756 2401 5810 Es:
2431 5755 2576 5811 Inna
2612 5756 2944 5825 Aureliensi,
2999 5758 3086 5812 De
3118 5757 3454 5814 institutione
3501 5757 3660 5833 reye'a
3707 5778 3752 5812 c.
3789 5766 3848 5815 2.
3989 5758 4049 5814 3)
4104 5758 4316 5815 Concil.

1052 5877 1056 5909 :
1092 5898 1096 5914 ·
1133 5864 1413 5918 ,sens-henum
1463 5869 1609 5936 (uon
1659 5863 2010 5926 A'icaenum)
2061 5884 2109 5918 c.
2143 5867 2259 5921 :2-1:
2313 5862 2510 5918 ,ilaus-i
2554 5861 2634 5929 II,
2679 5866 2853 5919 1:527.
