<?xml version="1.0" encoding="UTF-8"?>
<!DOCTYPE html PUBLIC "-//W3C//DTD XHTML 1.0 Transitional//EN"
    "http://www.w3.org/TR/xhtml1/DTD/xhtml1-transitional.dtd">
<html xmlns="http://www.w3.org/1999/xhtml" xml:lang="en" lang="en">
 <head>
  <title>
</title>
<meta http-equiv="Content-Type" content="text/html;charset=utf-8" />
  <meta name='ocr-system' content='tesseract 3.04.00' />
  <meta name='ocr-capabilities' content='ocr_page ocr_carea ocr_par ocr_line ocrx_word'/>
</head>
<body>
  <div class='ocr_page' id='page_1' title='image "./monumentagerman02gescgoog/monumentagerman02gescgoog_0269.png"; bbox 0 0 4884 6717; ppageno 0'>
   <div class='ocr_carea' id='block_1_1' title="bbox 371 1423 1823 1577">
    <p class='ocr_par' dir='ltr' id='par_1_1' title="bbox 371 1423 1823 1577">
     <span class='ocr_line' id='line_1_1' title="bbox 371 1423 1823 1577; baseline 0.003 -5"><span class='ocrx_word' id='word_1_1' title='bbox 371 1423 469 1572; x_wconf 81' lang='grc'><strong>’51.</strong></span> <span class='ocrx_word' id='word_1_2' title='bbox 517 1437 1101 1572; x_wconf 84' lang='lat' dir='ltr'>CONCILIUM</span> <span class='ocrx_word' id='word_1_3' title='bbox 1137 1439 1314 1570; x_wconf 85' lang='lat' dir='ltr'>LIN</span> <span class='ocrx_word' id='word_1_4' title='bbox 1326 1439 1533 1573; x_wconf 87' lang='lat' dir='ltr'>GON</span> <span class='ocrx_word' id='word_1_5' title='bbox 1548 1440 1680 1573; x_wconf 86' lang='lat' dir='ltr'>EN</span> <span class='ocrx_word' id='word_1_6' title='bbox 1692 1441 1823 1577; x_wconf 85' lang='lat' dir='ltr'>SE.</span> 
     </span>
    </p>
   </div>
   <div class='ocr_carea' id='block_1_2' title="bbox 946 1683 1254 1768">
    <p class='ocr_par' dir='ltr' id='par_1_2' title="bbox 946 1683 1254 1768">
     <span class='ocr_line' id='line_1_2' title="bbox 946 1683 1254 1768; baseline 0.003 -12"><span class='ocrx_word' id='word_1_7' title='bbox 946 1683 1041 1768; x_wconf 82' lang='grc'><strong>830.</strong></span> <span class='ocrx_word' id='word_1_8' title='bbox 1067 1684 1164 1756; x_wconf 78' lang='lat' dir='ltr'>Nor.</span> <span class='ocrx_word' id='word_1_9' title='bbox 1193 1687 1254 1758; x_wconf 75' lang='lat'>20.</span> 
     </span>
    </p>
   </div>
   <div class='ocr_carea' id='block_1_3' title="bbox 239 1934 1931 2268">
    <p class='ocr_par' dir='ltr' id='par_1_3' title="bbox 239 1934 1931 2268">
     <span class='ocr_line' id='line_1_3' title="bbox 390 1934 1931 2055; baseline 0.004 -24"><span class='ocrx_word' id='word_1_10' title='bbox 390 1934 535 2033; x_wconf 79' lang='lat' dir='ltr'><em>Unicum</em></span> <span class='ocrx_word' id='word_1_11' title='bbox 549 1968 634 2054; x_wconf 81' lang='lat' dir='ltr'>qnod</span> <span class='ocrx_word' id='word_1_12' title='bbox 645 1983 744 2032; x_wconf 70' lang='lat' dir='ltr'>emeat</span> <span class='ocrx_word' id='word_1_13' title='bbox 758 1969 852 2032; x_wconf 77' lang='lat' dir='ltr'>haias</span> <span class='ocrx_word' id='word_1_14' title='bbox 863 1968 981 2055; x_wconf 76' lang='lat' dir='ltr'>synodi</span> <span class='ocrx_word' id='word_1_15' title='bbox 994 1972 1201 2033; x_wconf 75' lang='lat' dir='ltr'>testiinonirnn</span> <span class='ocrx_word' id='word_1_16' title='bbox 1214 1969 1338 2033; x_wconf 85' lang='lat' dir='ltr'>edimus</span> <span class='ocrx_word' id='word_1_17' title='bbox 1354 1994 1393 2032; x_wconf 79' lang='lat' dir='ltr'>er</span> <span class='ocrx_word' id='word_1_18' title='bbox 1410 1968 1516 2032; x_wconf 87' lang='lat' dir='ltr'>codiee</span> <span class='ocrx_word' id='word_1_19' title='bbox 1529 1968 1712 2034; x_wconf 69' lang='lat' dir='ltr'>Porreiensi</span> <span class='ocrx_word' id='word_1_20' title='bbox 1727 1970 1825 2035; x_wconf 85' lang='lat' dir='ltr'>lutino</span> <span class='ocrx_word' id='word_1_21' title='bbox 1838 1978 1931 2037; x_wconf 75' lang='lat'><em>4997</em></span> 
     </span>
     <span class='ocr_line' id='line_1_4' title="bbox 272 2074 1929 2162; baseline 0.002 -24"><span class='ocrx_word' id='word_1_22' title='bbox 272 2100 353 2140; x_wconf 85' lang='lat' dir='ltr'>suec.</span> <span class='ocrx_word' id='word_1_23' title='bbox 373 2074 453 2139; x_wconf 79' lang='lat' dir='ltr'><em>XII.</em></span> <span class='ocrx_word' id='word_1_24' title='bbox 480 2075 536 2158; x_wconf 89' lang='lat'>(=</span> <span class='ocrx_word' id='word_1_25' title='bbox 554 2075 594 2158; x_wconf 88' lang='lat' dir='ltr'>P)</span> <span class='ocrx_word' id='word_1_26' title='bbox 612 2076 679 2162; x_wconf 87' lang='lat' dir='ltr'>fol.</span> <span class='ocrx_word' id='word_1_27' title='bbox 697 2077 798 2143; x_wconf 74' lang='lat'><strong><em>4:2‘-</em></strong></span> <span class='ocrx_word' id='word_1_28' title='bbox 807 2083 860 2154; x_wconf 69' lang='lat'>44,</span> <span class='ocrx_word' id='word_1_29' title='bbox 887 2077 919 2139; x_wconf 87' lang='lat' dir='ltr'>ia</span> <span class='ocrx_word' id='word_1_30' title='bbox 943 2099 1004 2160; x_wconf 81' lang='lat' dir='ltr'>quo</span> <span class='ocrx_word' id='word_1_31' title='bbox 1028 2076 1134 2139; x_wconf 82' lang='lat' dir='ltr'>codice</span> <span class='ocrx_word' id='word_1_32' title='bbox 1159 2076 1273 2161; x_wconf 65' lang='lat' dir='ltr'>lenitur</span> <span class='ocrx_word' id='word_1_33' title='bbox 1296 2076 1465 2140; x_wconf 74' lang='lat' dir='ltr'><em>chronicon</em></span> <span class='ocrx_word' id='word_1_34' title='bbox 1489 2075 1657 2156; x_wconf 78' lang='lat' dir='ltr'>Beruense,</span> <span class='ocrx_word' id='word_1_35' title='bbox 1685 2077 1723 2141; x_wconf 85' lang='lat' dir='ltr'>de</span> <span class='ocrx_word' id='word_1_36' title='bbox 1748 2079 1838 2141; x_wconf 82' lang='lat' dir='ltr'>cur&#39;ns</span> <span class='ocrx_word' id='word_1_37' title='bbox 1861 2078 1929 2142; x_wconf 84' lang='lat' dir='ltr'>edi-</span> 
     </span>
     <span class='ocr_line' id='line_1_5' title="bbox 239 2181 1586 2268; baseline -0.002 -20"><span class='ocrx_word' id='word_1_38' title='bbox 239 2208 253 2248; x_wconf 78' lang='lat' dir='ltr'>o</span> <span class='ocrx_word' id='word_1_39' title='bbox 273 2183 410 2246; x_wconf 82' lang='lat' dir='ltr'>tionibus</span> <span class='ocrx_word' id='word_1_40' title='bbox 433 2207 461 2245; x_wconf 86' lang='lat' dir='ltr'>e.</span> <span class='ocrx_word' id='word_1_41' title='bbox 485 2181 635 2261; x_wconf 81' lang='lat' dir='ltr'>Pottlrost,</span> <span class='ocrx_word' id='word_1_42' title='bbox 660 2182 875 2268; x_wconf 71' lang='lat' dir='ltr'>‘ll&#39;epneiser’</span> <span class='ocrx_word' id='word_1_43' title='bbox 900 2182 948 2247; x_wconf 85' lang='lat' dir='ltr'>ed.</span> <span class='ocrx_word' id='word_1_44' title='bbox 965 2187 997 2249; x_wconf 75' lang='grc'>2.</span> <span class='ocrx_word' id='word_1_45' title='bbox 1024 2181 1112 2262; x_wconf 65' lang='lat' dir='ltr'>Leo*</span> <span class='ocrx_word' id='word_1_46' title='bbox 1134 2207 1160 2245; x_wconf 82' lang='lat' dir='ltr'>a.</span> <span class='ocrx_word' id='word_1_47' title='bbox 1188 2207 1212 2245; x_wconf 85' lang='lat' dir='ltr'>e.</span> <span class='ocrx_word' id='word_1_48' title='bbox 1238 2183 1381 2245; x_wconf 84' lang='lat' dir='ltr'>Annales</span> <span class='ocrx_word' id='word_1_49' title='bbox 1404 2181 1586 2245; x_wconf 77' lang='lat' dir='ltr'>Beruenses.</span> 
     </span>
    </p>
   </div>
   <div class='ocr_carea' id='block_1_4' title="bbox 272 2311 1930 2496">
    <p class='ocr_par' dir='ltr' id='par_1_4' title="bbox 272 2311 1930 2496">
     <span class='ocr_line' id='line_1_6' title="bbox 380 2311 1930 2391; baseline 0.002 -20"><span class='ocrx_word' id='word_1_50' title='bbox 380 2311 471 2371; x_wconf 81' lang='lat' dir='ltr'>Corte</span> <span class='ocrx_word' id='word_1_51' title='bbox 494 2311 618 2369; x_wconf 80' lang='lat' dir='ltr'>Allerici</span> <span class='ocrx_word' id='word_1_52' title='bbox 638 2313 762 2388; x_wconf 74' lang='lat' dir='ltr'>episcopi</span> <span class='ocrx_word' id='word_1_53' title='bbox 785 2314 973 2391; x_wconf 74' lang='lat' dir='ltr'>Linponcnsis</span> <span class='ocrx_word' id='word_1_54' title='bbox 995 2314 1158 2390; x_wconf 75' lang='lat' dir='ltr'>nuperrime</span> <span class='ocrx_word' id='word_1_55' title='bbox 1180 2312 1254 2389; x_wconf 80' lang='lat' dir='ltr'>typis</span> <span class='ocrx_word' id='word_1_56' title='bbox 1277 2333 1415 2388; x_wconf 77' lang='lat' dir='ltr'>cupresso</span> <span class='ocrx_word' id='word_1_57' title='bbox 1438 2322 1478 2370; x_wconf 81' lang='lat' dir='ltr'>art</span> <span class='ocrx_word' id='word_1_58' title='bbox 1499 2313 1529 2370; x_wconf 85' lang='lat' dir='ltr'>in</span> <span class='ocrx_word' id='word_1_59' title='bbox 1551 2314 1694 2372; x_wconf 77' lang='lat' dir='ltr'>Arrelcctis</span> <span class='ocrx_word' id='word_1_60' title='bbox 1713 2314 1930 2374; x_wconf 77' lang='lat' dir='ltr'>Dieroneasibus</span> 
     </span>
     <span class='ocr_line' id='line_1_7' title="bbox 272 2411 1255 2496; baseline -0.001 -19"><span class='ocrx_word' id='word_1_61' title='bbox 272 2419 292 2477; x_wconf 88' lang='lat'><em>1</em></span> <span class='ocrx_word' id='word_1_62' title='bbox 311 2411 432 2495; x_wconf 79' lang='lat'>(1875),</span> <span class='ocrx_word' id='word_1_63' title='bbox 451 2439 485 2495; x_wconf 83' lang='lat' dir='ltr'>p.</span> <span class='ocrx_word' id='word_1_64' title='bbox 501 2422 574 2478; x_wconf 81' lang='lat'><strong><em>257.</em></strong></span> <span class='ocrx_word' id='word_1_65' title='bbox 597 2450 642 2457; x_wconf 92' lang='lat'><strong>—</strong></span> <span class='ocrx_word' id='word_1_66' title='bbox 666 2420 755 2496; x_wconf 45' lang='lat' dir='ltr'>Repu·</span> <span class='ocrx_word' id='word_1_67' title='bbox 780 2419 883 2476; x_wconf 80' lang='lat' dir='ltr'>‘Neues</span> <span class='ocrx_word' id='word_1_68' title='bbox 906 2421 1025 2478; x_wconf 79' lang='lat' dir='ltr'>Archiu&#39;</span> <span class='ocrx_word' id='word_1_69' title='bbox 1051 2420 1131 2477; x_wconf 83' lang='lat' dir='ltr'>XXI</span> <span class='ocrx_word' id='word_1_70' title='bbox 1136 2421 1165 2490; x_wconf 64' lang='grc' dir='ltr'>Γ,</span> <span class='ocrx_word' id='word_1_71' title='bbox 1182 2424 1255 2480; x_wconf 67' lang='lat'>488.</span> 
     </span>
    </p>
   </div>
   <div class='ocr_carea' id='block_1_5' title="bbox 224 2616 1928 5073">
    <p class='ocr_par' dir='ltr' id='par_1_5' title="bbox 224 2616 1928 5073">
     <span class='ocr_line' id='line_1_8' title="bbox 380 2616 1928 2726; baseline 0 -18"><span class='ocrx_word' id='word_1_72' title='bbox 380 2616 426 2709; x_wconf 88' lang='lat' dir='ltr'>ln</span> <span class='ocrx_word' id='word_1_73' title='bbox 449 2643 579 2705; x_wconf 91' lang='lat' dir='ltr'>nomine</span> <span class='ocrx_word' id='word_1_74' title='bbox 603 2641 725 2706; x_wconf 90' lang='lat' dir='ltr'>domini</span> <span class='ocrx_word' id='word_1_75' title='bbox 749 2644 850 2706; x_wconf 80' lang='lat' dir='ltr'>nostri</span> <span class='ocrx_word' id='word_1_76' title='bbox 875 2641 950 2707; x_wconf 90' lang='lat' dir='ltr'>Iesu</span> <span class='ocrx_word' id='word_1_77' title='bbox 974 2642 1105 2726; x_wconf 77' lang='lat' dir='ltr'>Christi.</span> <span class='ocrx_word' id='word_1_78' title='bbox 1148 2642 1269 2707; x_wconf 85' lang='lat' dir='ltr'>Notum</span> <span class='ocrx_word' id='word_1_79' title='bbox 1300 2643 1341 2707; x_wconf 89' lang='lat' dir='ltr'>sit</span> <span class='ocrx_word' id='word_1_80' title='bbox 1371 2641 1521 2707; x_wconf 89' lang='lat' dir='ltr'>omnibus</span> <span class='ocrx_word' id='word_1_81' title='bbox 1550 2640 1702 2707; x_wconf 87' lang='lat' dir='ltr'>fidelibus</span> <span class='ocrx_word' id='word_1_82' title='bbox 1725 2655 1838 2709; x_wconf 85' lang='lat' dir='ltr'>sancte</span> <span class='ocrx_word' id='word_1_83' title='bbox 1862 2644 1928 2709; x_wconf 90' lang='lat' dir='ltr'>Dei</span> 
     </span>
     <span class='ocr_line' id='line_1_9' title="bbox 273 2746 1927 2835; baseline 0.002 -23"><span class='ocrx_word' id='word_1_84' title='bbox 273 2749 421 2828; x_wconf 87' lang='lat' dir='ltr'>ecclesie,</span> <span class='ocrx_word' id='word_1_85' title='bbox 449 2748 537 2834; x_wconf 88' lang='lat' dir='ltr'>quod</span> <span class='ocrx_word' id='word_1_86' title='bbox 567 2771 628 2834; x_wconf 88' lang='lat' dir='ltr'>ego</span> <span class='ocrx_word' id='word_1_87' title='bbox 652 2746 824 2812; x_wconf 87' lang='lat' dir='ltr'>Albericus</span> <span class='ocrx_word' id='word_1_88' title='bbox 855 2747 939 2812; x_wconf 91' lang='lat' dir='ltr'>dono</span> <span class='ocrx_word' id='word_1_89' title='bbox 964 2748 1028 2812; x_wconf 82' lang='lat' dir='ltr'>Ilei</span> <span class='ocrx_word' id='word_1_90' title='bbox 1059 2750 1231 2835; x_wconf 88' lang='lat' dir='ltr'>episcopus</span> <span class='ocrx_word' id='word_1_91' title='bbox 1254 2749 1534 2834; x_wconf 86' lang='lat' dir='ltr'>Lingonensium¹</span> <span class='ocrx_word' id='word_1_92' title='bbox 1564 2751 1694 2835; x_wconf 77' lang='lat' dir='ltr'>repperi</span> <span class='ocrx_word' id='word_1_93' title='bbox 1724 2750 1830 2815; x_wconf 90' lang='lat' dir='ltr'>locum</span> <span class='ocrx_word' id='word_1_94' title='bbox 1861 2752 1927 2815; x_wconf 88' lang='lat' dir='ltr'>iam</span> 
     </span>
     <span class='ocr_line' id='line_1_10' title="bbox 227 2854 1927 2943; baseline -0.001 -20"><span class='ocrx_word' id='word_1_95' title='bbox 227 2885 254 2923; x_wconf 79' lang='lat' dir='ltr'>ro</span> <span class='ocrx_word' id='word_1_96' title='bbox 272 2855 425 2937; x_wconf 88' lang='lat' dir='ltr'>dirutum,</span> <span class='ocrx_word' id='word_1_97' title='bbox 456 2854 544 2941; x_wconf 88' lang='lat' dir='ltr'>quod</span> <span class='ocrx_word' id='word_1_98' title='bbox 574 2855 692 2919; x_wconf 88' lang='lat' dir='ltr'>dicitur</span> <span class='ocrx_word' id='word_1_99' title='bbox 721 2855 808 2919; x_wconf 87' lang='lat' dir='ltr'>Fons</span> <span class='ocrx_word' id='word_1_100' title='bbox 832 2854 992 2936; x_wconf 73' lang='lat' dir='ltr'>Besuus·²,</span> <span class='ocrx_word' id='word_1_101' title='bbox 1023 2856 1056 2918; x_wconf 92' lang='lat' dir='ltr'>in</span> <span class='ocrx_word' id='word_1_102' title='bbox 1087 2855 1208 2920; x_wconf 82' lang='lat' dir='ltr'>honore</span> <span class='ocrx_word' id='word_1_103' title='bbox 1242 2866 1462 2920; x_wconf 88' lang='lat' dir='ltr'>constructum</span> <span class='ocrx_word' id='word_1_104' title='bbox 1490 2868 1677 2920; x_wconf 85' lang='lat' dir='ltr'>sanctorum</span> <span class='ocrx_word' id='word_1_105' title='bbox 1708 2857 1927 2943; x_wconf 88' lang='lat' dir='ltr'>apostolorum</span> 
     </span>
     <span class='ocr_line' id='line_1_11' title="bbox 270 2960 1926 3048; baseline 0.002 -22"><span class='ocrx_word' id='word_1_106' title='bbox 270 2962 361 3027; x_wconf 89' lang='lat' dir='ltr'>Petri</span> <span class='ocrx_word' id='word_1_107' title='bbox 385 2973 417 3026; x_wconf 89' lang='lat' dir='ltr'>et</span> <span class='ocrx_word' id='word_1_108' title='bbox 439 2961 532 3026; x_wconf 90' lang='lat' dir='ltr'>Pauli</span> <span class='ocrx_word' id='word_1_109' title='bbox 557 2984 684 3025; x_wconf 83' lang='lat' dir='ltr'>necnon</span> <span class='ocrx_word' id='word_1_110' title='bbox 708 2960 899 3025; x_wconf 83' lang='lat' dir='ltr'>stallorum</span> <span class='ocrx_word' id='word_1_111' title='bbox 924 2961 1146 3048; x_wconf 86' lang='lat' dir='ltr'>plurimorum,</span> <span class='ocrx_word' id='word_1_112' title='bbox 1171 2961 1228 3026; x_wconf 91' lang='lat' dir='ltr'>ubi</span> <span class='ocrx_word' id='word_1_113' title='bbox 1252 2963 1315 3026; x_wconf 87' lang='lat' dir='ltr'>iam</span> <span class='ocrx_word' id='word_1_114' title='bbox 1347 2961 1423 3026; x_wconf 91' lang='lat' dir='ltr'>olim</span> <span class='ocrx_word' id='word_1_115' title='bbox 1454 2963 1605 3027; x_wconf 86' lang='lat' dir='ltr'>monachi</span> <span class='ocrx_word' id='word_1_116' title='bbox 1635 2963 1830 3048; x_wconf 80' lang='lat' dir='ltr'>regulariter</span> <span class='ocrx_word' id='word_1_117' title='bbox 1852 2964 1926 3029; x_wconf 90' lang='lat' dir='ltr'>Deo</span> 
     </span>
     <span class='ocr_line' id='line_1_12' title="bbox 271 3066 1927 3156; baseline 0.001 -23"><span class='ocrx_word' id='word_1_118' title='bbox 271 3068 417 3134; x_wconf 85' lang='lat' dir='ltr'>famulati</span> <span class='ocrx_word' id='word_1_119' title='bbox 451 3068 597 3150; x_wconf 89' lang='lat' dir='ltr'>fucrant,</span> <span class='ocrx_word' id='word_1_120' title='bbox 632 3066 692 3133; x_wconf 89' lang='lat' dir='ltr'>sub</span> <span class='ocrx_word' id='word_1_121' title='bbox 727 3067 938 3153; x_wconf 77' lang='lat' dir='ltr'>amalgario³</span> <span class='ocrx_word' id='word_1_122' title='bbox 974 3069 1057 3133; x_wconf 90' lang='lat' dir='ltr'>duee</span> <span class='ocrx_word' id='word_1_123' title='bbox 1092 3070 1300 3155; x_wconf 85' lang='lat' dir='ltr'>permittente</span> <span class='ocrx_word' id='word_1_124' title='bbox 1334 3068 1523 3134; x_wconf 80' lang='lat' dir='ltr'>Chlotario⁴</span> <span class='ocrx_word' id='word_1_125' title='bbox 1558 3092 1647 3155; x_wconf 87' lang='lat' dir='ltr'>rege.</span> <span class='ocrx_word' id='word_1_126' title='bbox 1706 3068 1849 3156; x_wconf 87' lang='lat' dir='ltr'>Ideoque</span> <span class='ocrx_word' id='word_1_127' title='bbox 1885 3068 1927 3134; x_wconf 94' lang='lat' dir='ltr'>ob</span> 
     </span>
     <span class='ocr_line' id='line_1_13' title="bbox 271 3173 1927 3263; baseline 0.001 -24"><span class='ocrx_word' id='word_1_128' title='bbox 271 3198 413 3240; x_wconf 87' lang='lat' dir='ltr'>amorem</span> <span class='ocrx_word' id='word_1_129' title='bbox 429 3175 495 3239; x_wconf 89' lang='lat' dir='ltr'>Dei</span> <span class='ocrx_word' id='word_1_130' title='bbox 519 3186 552 3239; x_wconf 90' lang='lat' dir='ltr'>et</span> <span class='ocrx_word' id='word_1_131' title='bbox 574 3176 704 3239; x_wconf 83' lang='lat' dir='ltr'>veniam</span> <span class='ocrx_word' id='word_1_132' title='bbox 728 3173 918 3239; x_wconf 83' lang='lat' dir='ltr'>delictorum</span> <span class='ocrx_word' id='word_1_133' title='bbox 942 3198 1098 3257; x_wconf 87' lang='lat' dir='ltr'>meorum,</span> <span class='ocrx_word' id='word_1_134' title='bbox 1115 3175 1188 3239; x_wconf 90' lang='lat' dir='ltr'>Deo</span> <span class='ocrx_word' id='word_1_135' title='bbox 1213 3177 1403 3262; x_wconf 83' lang='lat' dir='ltr'>inspirante,</span> <span class='ocrx_word' id='word_1_136' title='bbox 1428 3177 1570 3260; x_wconf 67' lang='lat' dir='ltr'>cogitari</span> <span class='ocrx_word' id='word_1_137' title='bbox 1587 3175 1798 3241; x_wconf 86' lang='lat' dir='ltr'>reaedificare</span> <span class='ocrx_word' id='word_1_138' title='bbox 1816 3199 1927 3263; x_wconf 86' lang='lat' dir='ltr'>supra·</span> 
     </span>
     <span class='ocr_line' id='line_1_14' title="bbox 271 3281 1927 3369; baseline 0.001 -23"><span class='ocrx_word' id='word_1_139' title='bbox 271 3282 392 3346; x_wconf 91' lang='lat' dir='ltr'>dictum</span> <span class='ocrx_word' id='word_1_140' title='bbox 416 3281 534 3362; x_wconf 88' lang='lat' dir='ltr'>locum,</span> <span class='ocrx_word' id='word_1_141' title='bbox 565 3283 771 3368; x_wconf 88' lang='lat' dir='ltr'>permittente</span> <span class='ocrx_word' id='word_1_142' title='bbox 802 3281 1034 3367; x_wconf 81' lang='lat' dir='ltr'>gloriosissimo</span> <span class='ocrx_word' id='word_1_143' title='bbox 1066 3294 1203 3367; x_wconf 86' lang='lat' dir='ltr'>augusto</span> <span class='ocrx_word' id='word_1_144' title='bbox 1227 3281 1432 3347; x_wconf 88' lang='lat' dir='ltr'>Hluodovioo</span> <span class='ocrx_word' id='word_1_145' title='bbox 1464 3292 1497 3346; x_wconf 90' lang='lat' dir='ltr'>et</span> <span class='ocrx_word' id='word_1_146' title='bbox 1527 3283 1750 3347; x_wconf 81' lang='lat' dir='ltr'>consentiente</span> <span class='ocrx_word' id='word_1_147' title='bbox 1780 3284 1927 3369; x_wconf 91' lang='lat' dir='ltr'>piissimo</span> 
     </span>
     <span class='ocr_line' id='line_1_15' title="bbox 227 3387 1927 3476; baseline -0.001 -22"><span class='ocrx_word' id='word_1_148' title='bbox 227 3415 252 3454; x_wconf 81' lang='lat' dir='ltr'>is</span> <span class='ocrx_word' id='word_1_149' title='bbox 270 3389 335 3453; x_wconf 80' lang='lat' dir='ltr'>filio</span> <span class='ocrx_word' id='word_1_150' title='bbox 360 3391 430 3453; x_wconf 88' lang='lat' dir='ltr'>eius</span> <span class='ocrx_word' id='word_1_151' title='bbox 452 3389 624 3453; x_wconf 77' lang='lat' dir='ltr'>illothario</span> <span class='ocrx_word' id='word_1_152' title='bbox 649 3388 844 3474; x_wconf 78' lang='lat' dir='ltr'>imperatore</span> <span class='ocrx_word' id='word_1_153' title='bbox 869 3390 1066 3473; x_wconf 81' lang='lat' dir='ltr'>congregavi</span> <span class='ocrx_word' id='word_1_154' title='bbox 1091 3388 1137 3453; x_wconf 91' lang='lat' dir='ltr'>ibi</span> <span class='ocrx_word' id='word_1_155' title='bbox 1160 3389 1337 3453; x_wconf 88' lang='lat' dir='ltr'>monachos</span> <span class='ocrx_word' id='word_1_156' title='bbox 1361 3387 1421 3453; x_wconf 92' lang='lat' dir='ltr'>sub</span> <span class='ocrx_word' id='word_1_157' title='bbox 1445 3387 1565 3453; x_wconf 87' lang='lat' dir='ltr'>abbate</span> <span class='ocrx_word' id='word_1_158' title='bbox 1589 3391 1719 3453; x_wconf 90' lang='lat' dir='ltr'>nomino</span> <span class='ocrx_word' id='word_1_159' title='bbox 1744 3388 1927 3476; x_wconf 86' lang='lat' dir='ltr'>Seraphim,</span> 
     </span>
     <span class='ocr_line' id='line_1_16' title="bbox 271 3494 1926 3581; baseline 0 -22"><span class='ocrx_word' id='word_1_160' title='bbox 271 3496 326 3581; x_wconf 91' lang='lat' dir='ltr'>qui</span> <span class='ocrx_word' id='word_1_161' title='bbox 349 3494 396 3559; x_wconf 94' lang='lat' dir='ltr'>ibi</span> <span class='ocrx_word' id='word_1_162' title='bbox 419 3494 613 3581; x_wconf 81' lang='lat' dir='ltr'>regulariter</span> <span class='ocrx_word' id='word_1_163' title='bbox 636 3494 794 3580; x_wconf 81' lang='lat' dir='ltr'>&lt;legerent</span> <span class='ocrx_word' id='word_1_164' title='bbox 816 3505 849 3558; x_wconf 91' lang='lat' dir='ltr'>et</span> <span class='ocrx_word' id='word_1_165' title='bbox 865 3494 938 3558; x_wconf 88' lang='lat' dir='ltr'>Deo</span> <span class='ocrx_word' id='word_1_166' title='bbox 962 3496 1211 3581; x_wconf 87' lang='lat' dir='ltr'>inperpetuum</span> <span class='ocrx_word' id='word_1_167' title='bbox 1235 3495 1376 3560; x_wconf 89' lang='lat' dir='ltr'>fideliter</span> <span class='ocrx_word' id='word_1_168' title='bbox 1399 3495 1610 3559; x_wconf 77' lang='lat' dir='ltr'>deservirent.</span> <span class='ocrx_word' id='word_1_169' title='bbox 1660 3494 1815 3560; x_wconf 84' lang='lat' dir='ltr'>Concessi</span> <span class='ocrx_word' id='word_1_170' title='bbox 1839 3497 1926 3560; x_wconf 89' lang='lat' dir='ltr'>onim</span> 
     </span>
     <span class='ocr_line' id='line_1_17' title="bbox 273 3600 1927 3689; baseline 0.001 -24"><span class='ocrx_word' id='word_1_171' title='bbox 273 3603 320 3666; x_wconf 91' lang='lat' dir='ltr'>eis</span> <span class='ocrx_word' id='word_1_172' title='bbox 351 3601 507 3688; x_wconf 90' lang='lat' dir='ltr'>quicquid</span> <span class='ocrx_word' id='word_1_173' title='bbox 537 3601 744 3687; x_wconf 86' lang='lat' dir='ltr'>supradictus</span> <span class='ocrx_word' id='word_1_174' title='bbox 771 3600 861 3666; x_wconf 87' lang='lat' dir='ltr'>locas</span> <span class='ocrx_word' id='word_1_175' title='bbox 891 3624 951 3687; x_wconf 88' lang='lat' dir='ltr'>per</span> <span class='ocrx_word' id='word_1_176' title='bbox 981 3613 1143 3666; x_wconf 83' lang='lat' dir='ltr'>cartarum</span> <span class='ocrx_word' id='word_1_177' title='bbox 1174 3601 1381 3667; x_wconf 86' lang='lat' dir='ltr'>donationem</span> <span class='ocrx_word' id='word_1_178' title='bbox 1417 3613 1586 3666; x_wconf 86' lang='lat' dir='ltr'>assecutus</span> <span class='ocrx_word' id='word_1_179' title='bbox 1621 3613 1671 3666; x_wconf 89' lang='lat' dir='ltr'>est</span> <span class='ocrx_word' id='word_1_180' title='bbox 1705 3612 1737 3666; x_wconf 90' lang='lat' dir='ltr'>et</span> <span class='ocrx_word' id='word_1_181' title='bbox 1771 3602 1927 3689; x_wconf 88' lang='lat' dir='ltr'>quicquid</span> 
     </span>
     <span class='ocr_line' id='line_1_18' title="bbox 270 3707 1926 3796; baseline 0.001 -24"><span class='ocrx_word' id='word_1_182' title='bbox 270 3710 371 3773; x_wconf 91' lang='lat' dir='ltr'>nostri</span> <span class='ocrx_word' id='word_1_183' title='bbox 395 3708 665 3794; x_wconf 82' lang='lat' dir='ltr'>praedecessores</span> <span class='ocrx_word' id='word_1_184' title='bbox 690 3708 730 3772; x_wconf 90' lang='lat' dir='ltr'>do</span> <span class='ocrx_word' id='word_1_185' title='bbox 755 3708 816 3772; x_wconf 88' lang='lat' dir='ltr'>hoc</span> <span class='ocrx_word' id='word_1_186' title='bbox 841 3708 912 3773; x_wconf 92' lang='lat' dir='ltr'>loco</span> <span class='ocrx_word' id='word_1_187' title='bbox 937 3707 1165 3772; x_wconf 87' lang='lat' dir='ltr'>abstraxerant</span> <span class='ocrx_word' id='word_1_188' title='bbox 1188 3723 1321 3796; x_wconf 89' lang='lat' dir='ltr'>propter</span> <span class='ocrx_word' id='word_1_189' title='bbox 1344 3710 1555 3774; x_wconf 89' lang='lat' dir='ltr'>elemosinam</span> <span class='ocrx_word' id='word_1_190' title='bbox 1572 3707 1751 3795; x_wconf 89' lang='lat' dir='ltr'>supradicti</span> <span class='ocrx_word' id='word_1_191' title='bbox 1768 3710 1926 3795; x_wconf 91' lang='lat' dir='ltr'>principis</span> 
     </span>
     <span class='ocr_line' id='line_1_19' title="bbox 271 3813 1926 3902; baseline 0.001 -23"><span class='ocrx_word' id='word_1_192' title='bbox 271 3816 406 3902; x_wconf 90' lang='lat' dir='ltr'>eiusque</span> <span class='ocrx_word' id='word_1_193' title='bbox 430 3815 569 3880; x_wconf 85' lang='lat' dir='ltr'>filiorum</span> <span class='ocrx_word' id='word_1_194' title='bbox 592 3813 732 3879; x_wconf 88' lang='lat' dir='ltr'>libenter</span> <span class='ocrx_word' id='word_1_195' title='bbox 755 3816 946 3883; x_wconf 80' lang='lat' dir='ltr'>restauravi.</span> <span class='ocrx_word' id='word_1_196' title='bbox 993 3815 1138 3902; x_wconf 86' lang='lat' dir='ltr'>Ideoque</span> <span class='ocrx_word' id='word_1_197' title='bbox 1162 3838 1222 3902; x_wconf 90' lang='lat' dir='ltr'>per</span> <span class='ocrx_word' id='word_1_198' title='bbox 1245 3815 1416 3880; x_wconf 91' lang='lat' dir='ltr'>consilium</span> <span class='ocrx_word' id='word_1_199' title='bbox 1444 3815 1683 3901; x_wconf 86' lang='lat' dir='ltr'>archiepiscopi</span> <span class='ocrx_word' id='word_1_200' title='bbox 1714 3817 1815 3879; x_wconf 88' lang='lat' dir='ltr'>nostri</span> <span class='ocrx_word' id='word_1_201' title='bbox 1838 3816 1926 3901; x_wconf 81' lang='lat' dir='ltr'>Ago·</span> 
     </span>
     <span class='ocr_line' id='line_1_20' title="bbox 224 3919 1927 4008; baseline -0.001 -20"><span class='ocrx_word' id='word_1_202' title='bbox 224 3949 253 3988; x_wconf 64' lang='grc' dir='ltr'>ιο</span> <span class='ocrx_word' id='word_1_203' title='bbox 271 3921 388 3986; x_wconf 81' lang='lat' dir='ltr'>bardi⁵</span> <span class='ocrx_word' id='word_1_204' title='bbox 411 3932 443 3986; x_wconf 88' lang='lat' dir='ltr'>et</span> <span class='ocrx_word' id='word_1_205' title='bbox 466 3919 744 3987; x_wconf 88' lang='lat' dir='ltr'>consentientibus</span> <span class='ocrx_word' id='word_1_206' title='bbox 769 3922 972 4007; x_wconf 86' lang='lat' dir='ltr'>coepiscopis</span> <span class='ocrx_word' id='word_1_207' title='bbox 997 3924 1115 3986; x_wconf 90' lang='lat' dir='ltr'>nostris</span> <span class='ocrx_word' id='word_1_208' title='bbox 1138 3945 1267 3987; x_wconf 89' lang='lat' dir='ltr'>necnon</span> <span class='ocrx_word' id='word_1_209' title='bbox 1291 3933 1324 3986; x_wconf 91' lang='lat' dir='ltr'>et</span> <span class='ocrx_word' id='word_1_210' title='bbox 1343 3923 1497 4008; x_wconf 88' lang='lat' dir='ltr'>piissimis</span> <span class='ocrx_word' id='word_1_211' title='bbox 1512 3923 1631 3986; x_wconf 90' lang='lat' dir='ltr'>nostris</span> <span class='ocrx_word' id='word_1_212' title='bbox 1649 3920 1852 4008; x_wconf 89' lang='lat' dir='ltr'>principibus</span> <span class='ocrx_word' id='word_1_213' title='bbox 1869 3944 1927 3987; x_wconf 89' lang='lat' dir='ltr'>seu</span> 
     </span>
     <span class='ocr_line' id='line_1_21' title="bbox 271 4027 1927 4115; baseline -0.001 -23"><span class='ocrx_word' id='word_1_214' title='bbox 271 4030 358 4092; x_wconf 89' lang='lat' dir='ltr'>omni</span> <span class='ocrx_word' id='word_1_215' title='bbox 382 4028 469 4093; x_wconf 91' lang='lat' dir='ltr'>clero</span> <span class='ocrx_word' id='word_1_216' title='bbox 493 4051 619 4092; x_wconf 88' lang='lat' dir='ltr'>necnon</span> <span class='ocrx_word' id='word_1_217' title='bbox 650 4039 683 4092; x_wconf 91' lang='lat' dir='ltr'>et</span> <span class='ocrx_word' id='word_1_218' title='bbox 712 4027 862 4092; x_wconf 90' lang='lat' dir='ltr'>omnibus</span> <span class='ocrx_word' id='word_1_219' title='bbox 892 4027 1043 4092; x_wconf 87' lang='lat' dir='ltr'>fidelibus</span> <span class='ocrx_word' id='word_1_220' title='bbox 1076 4028 1236 4093; x_wconf 89' lang='lat' dir='ltr'>ecclesiae</span> <span class='ocrx_word' id='word_1_221' title='bbox 1268 4042 1397 4093; x_wconf 88' lang='lat' dir='ltr'>nostrae</span> <span class='ocrx_word' id='word_1_222' title='bbox 1429 4028 1613 4092; x_wconf 87' lang='lat' dir='ltr'>addidimus</span> <span class='ocrx_word' id='word_1_223' title='bbox 1644 4028 1831 4115; x_wconf 87' lang='lat' dir='ltr'>supradicto</span> <span class='ocrx_word' id='word_1_224' title='bbox 1855 4027 1927 4092; x_wconf 92' lang='lat' dir='ltr'>loco</span> 
     </span>
     <span class='ocr_line' id='line_1_22' title="bbox 271 4133 1927 4221; baseline 0 -22"><span class='ocrx_word' id='word_1_225' title='bbox 271 4134 312 4199; x_wconf 91' lang='lat' dir='ltr'>de</span> <span class='ocrx_word' id='word_1_226' title='bbox 345 4136 537 4221; x_wconf 88' lang='lat' dir='ltr'>episcopatu</span> <span class='ocrx_word' id='word_1_227' title='bbox 566 4145 675 4198; x_wconf 89' lang='lat' dir='ltr'>nostro</span> <span class='ocrx_word' id='word_1_228' title='bbox 705 4134 800 4199; x_wconf 84' lang='lat' dir='ltr'>villas</span> <span class='ocrx_word' id='word_1_229' title='bbox 830 4134 880 4198; x_wconf 91' lang='lat' dir='ltr'>his</span> <span class='ocrx_word' id='word_1_230' title='bbox 911 4134 1112 4198; x_wconf 86' lang='lat' dir='ltr'>nominibus:</span> <span class='ocrx_word' id='word_1_231' title='bbox 1143 4135 1358 4200; x_wconf 82' lang='lat' dir='ltr'>Pauliacum⁶</span> <span class='ocrx_word' id='word_1_232' title='bbox 1388 4157 1462 4199; x_wconf 91' lang='lat' dir='ltr'>cum</span> <span class='ocrx_word' id='word_1_233' title='bbox 1493 4133 1689 4220; x_wconf 90' lang='lat' dir='ltr'>appenditiis</span> <span class='ocrx_word' id='word_1_234' title='bbox 1720 4135 1797 4217; x_wconf 89' lang='lat' dir='ltr'>suis,</span> <span class='ocrx_word' id='word_1_235' title='bbox 1821 4134 1927 4199; x_wconf 87' lang='lat' dir='ltr'>Belle·</span> 
     </span>
     <span class='ocr_line' id='line_1_23' title="bbox 270 4240 1927 4327; baseline -0.001 -21"><span class='ocrx_word' id='word_1_236' title='bbox 270 4246 414 4306; x_wconf 85' lang='lat' dir='ltr'>navum⁷</span> <span class='ocrx_word' id='word_1_237' title='bbox 440 4242 549 4305; x_wconf 68' lang='lat' dir='ltr'>ticam</span> <span class='ocrx_word' id='word_1_238' title='bbox 580 4263 654 4305; x_wconf 90' lang='lat' dir='ltr'>eam</span> <span class='ocrx_word' id='word_1_239' title='bbox 686 4242 752 4305; x_wconf 89' lang='lat' dir='ltr'>suis</span> <span class='ocrx_word' id='word_1_240' title='bbox 783 4240 991 4327; x_wconf 87' lang='lat' dir='ltr'>appenditiis,</span> <span class='ocrx_word' id='word_1_241' title='bbox 1015 4241 1215 4306; x_wconf 77' lang='lat' dir='ltr'>Areionem⁸</span> <span class='ocrx_word' id='word_1_242' title='bbox 1245 4263 1318 4306; x_wconf 88' lang='lat' dir='ltr'>cam</span> <span class='ocrx_word' id='word_1_243' title='bbox 1350 4240 1548 4327; x_wconf 91' lang='lat' dir='ltr'>appenditiis</span> <span class='ocrx_word' id='word_1_244' title='bbox 1583 4241 1660 4304; x_wconf 88' lang='lat' dir='ltr'>suis.</span> <span class='ocrx_word' id='word_1_245' title='bbox 1718 4240 1802 4304; x_wconf 87' lang='lat' dir='ltr'>Istas</span> <span class='ocrx_word' id='word_1_246' title='bbox 1832 4240 1927 4304; x_wconf 86' lang='lat' dir='ltr'>villas</span> 
     </span>
     <span class='ocr_line' id='line_1_24' title="bbox 272 4346 1925 4435; baseline -0.002 -22"><span class='ocrx_word' id='word_1_247' title='bbox 272 4373 347 4413; x_wconf 90' lang='lat' dir='ltr'>cum</span> <span class='ocrx_word' id='word_1_248' title='bbox 370 4347 520 4413; x_wconf 88' lang='lat' dir='ltr'>omnibus</span> <span class='ocrx_word' id='word_1_249' title='bbox 543 4347 736 4413; x_wconf 89' lang='lat' dir='ltr'>adiacentiis</span> <span class='ocrx_word' id='word_1_250' title='bbox 760 4371 818 4412; x_wconf 88' lang='lat' dir='ltr'>seu</span> <span class='ocrx_word' id='word_1_251' title='bbox 843 4360 875 4412; x_wconf 90' lang='lat' dir='ltr'>et</span> <span class='ocrx_word' id='word_1_252' title='bbox 898 4350 985 4411; x_wconf 88' lang='lat' dir='ltr'>omni</span> <span class='ocrx_word' id='word_1_253' title='bbox 1009 4370 1044 4411; x_wconf 91' lang='lat' dir='ltr'>re</span> <span class='ocrx_word' id='word_1_254' title='bbox 1069 4349 1285 4435; x_wconf 87' lang='lat' dir='ltr'>superposita,</span> <span class='ocrx_word' id='word_1_255' title='bbox 1310 4348 1443 4433; x_wconf 90' lang='lat' dir='ltr'>campis,</span> <span class='ocrx_word' id='word_1_256' title='bbox 1472 4347 1584 4433; x_wconf 88' lang='lat' dir='ltr'>pratis,</span> <span class='ocrx_word' id='word_1_257' title='bbox 1616 4346 1717 4428; x_wconf 88' lang='lat' dir='ltr'>silvis,</span> <span class='ocrx_word' id='word_1_258' title='bbox 1748 4347 1925 4433; x_wconf 83' lang='lat' dir='ltr'>pomiferis,</span> 
     </span>
     <span class='ocr_line' id='line_1_25' title="bbox 225 4453 1925 4542; baseline -0.003 -20"><span class='ocrx_word' id='word_1_259' title='bbox 225 4482 254 4522; x_wconf 75' lang='lat' dir='ltr'>as</span> <span class='ocrx_word' id='word_1_260' title='bbox 271 4456 413 4542; x_wconf 90' lang='lat' dir='ltr'>pascuis,</span> <span class='ocrx_word' id='word_1_261' title='bbox 437 4453 634 4536; x_wconf 87' lang='lat' dir='ltr'>accessibus,</span> <span class='ocrx_word' id='word_1_262' title='bbox 660 4456 753 4540; x_wconf 90' lang='lat' dir='ltr'>aquis</span> <span class='ocrx_word' id='word_1_263' title='bbox 777 4477 999 4540; x_wconf 87' lang='lat' dir='ltr'>aquarumque</span> <span class='ocrx_word' id='word_1_264' title='bbox 1024 4454 1215 4520; x_wconf 85' lang='lat' dir='ltr'>decursibus</span> <span class='ocrx_word' id='word_1_265' title='bbox 1244 4465 1277 4518; x_wconf 93' lang='lat' dir='ltr'>et</span> <span class='ocrx_word' id='word_1_266' title='bbox 1307 4477 1419 4518; x_wconf 90' lang='lat' dir='ltr'>omnes</span> <span class='ocrx_word' id='word_1_267' title='bbox 1450 4453 1606 4533; x_wconf 86' lang='lat' dir='ltr'>redditus,</span> <span class='ocrx_word' id='word_1_268' title='bbox 1640 4464 1740 4517; x_wconf 89' lang='lat' dir='ltr'>totum</span> <span class='ocrx_word' id='word_1_269' title='bbox 1773 4453 1815 4516; x_wconf 90' lang='lat' dir='ltr'>ad</span> <span class='ocrx_word' id='word_1_270' title='bbox 1846 4454 1925 4517; x_wconf 89' lang='lat' dir='ltr'>inte·</span> 
     </span>
     <span class='ocr_line' id='line_1_26' title="bbox 271 4559 1926 4648; baseline -0.001 -22"><span class='ocrx_word' id='word_1_271' title='bbox 271 4586 375 4648; x_wconf 86' lang='lat' dir='ltr'>grum,</span> <span class='ocrx_word' id='word_1_272' title='bbox 399 4585 464 4626; x_wconf 87' lang='lat' dir='ltr'>une</span> <span class='ocrx_word' id='word_1_273' title='bbox 492 4585 565 4625; x_wconf 87' lang='lat' dir='ltr'>cum</span> <span class='ocrx_word' id='word_1_274' title='bbox 596 4561 779 4647; x_wconf 88' lang='lat' dir='ltr'>mancipiis,</span> <span class='ocrx_word' id='word_1_275' title='bbox 810 4559 944 4642; x_wconf 88' lang='lat' dir='ltr'>libertis,</span> <span class='ocrx_word' id='word_1_276' title='bbox 981 4584 1054 4624; x_wconf 89' lang='lat' dir='ltr'>cum</span> <span class='ocrx_word' id='word_1_277' title='bbox 1090 4563 1177 4625; x_wconf 89' lang='lat' dir='ltr'>omni</span> <span class='ocrx_word' id='word_1_278' title='bbox 1207 4560 1336 4647; x_wconf 90' lang='lat' dir='ltr'>peculio</span> <span class='ocrx_word' id='word_1_279' title='bbox 1368 4562 1521 4647; x_wconf 87' lang='lat' dir='ltr'>ipsorum,</span> <span class='ocrx_word' id='word_1_280' title='bbox 1553 4583 1618 4624; x_wconf 90' lang='lat' dir='ltr'>una</span> <span class='ocrx_word' id='word_1_281' title='bbox 1648 4583 1720 4624; x_wconf 90' lang='lat' dir='ltr'>cum</span> <span class='ocrx_word' id='word_1_282' title='bbox 1751 4559 1926 4624; x_wconf 89' lang='lat' dir='ltr'>accolabus</span> 
     </span>
     <span class='ocr_line' id='line_1_27' title="bbox 272 4666 1924 4754; baseline -0.002 -21"><span class='ocrx_word' id='word_1_283' title='bbox 272 4667 348 4733; x_wconf 90' lang='lat' dir='ltr'>dedi</span> <span class='ocrx_word' id='word_1_284' title='bbox 371 4668 603 4733; x_wconf 84' lang='lat' dir='ltr'>adse1·vitium</span> <span class='ocrx_word' id='word_1_285' title='bbox 628 4666 859 4732; x_wconf 88' lang='lat' dir='ltr'>monachorum</span> <span class='ocrx_word' id='word_1_286' title='bbox 890 4668 958 4731; x_wconf 89' lang='lat' dir='ltr'>iure</span> <span class='ocrx_word' id='word_1_287' title='bbox 989 4678 1148 4754; x_wconf 89' lang='lat' dir='ltr'>perpetuo</span> <span class='ocrx_word' id='word_1_288' title='bbox 1179 4667 1222 4731; x_wconf 86' lang='lat' dir='ltr'>ad</span> <span class='ocrx_word' id='word_1_289' title='bbox 1245 4666 1488 4754; x_wconf 88' lang='lat' dir='ltr'>possidendam,</span> <span class='ocrx_word' id='word_1_290' title='bbox 1517 4666 1690 4732; x_wconf 88' lang='lat' dir='ltr'>ecclesiam</span> <span class='ocrx_word' id='word_1_291' title='bbox 1721 4668 1829 4748; x_wconf 76' lang='lat' dir='ltr'>edam,</span> <span class='ocrx_word' id='word_1_292' title='bbox 1861 4688 1924 4753; x_wconf 89' lang='lat' dir='ltr'>que</span> 
     </span>
     <span class='ocr_line' id='line_1_28' title="bbox 273 4771 1924 4861; baseline -0.001 -23"><span class='ocrx_word' id='word_1_293' title='bbox 273 4777 377 4839; x_wconf 88' lang='lat' dir='ltr'>estin</span> <span class='ocrx_word' id='word_1_294' title='bbox 401 4776 473 4861; x_wconf 86' lang='lat' dir='ltr'>ipsa</span> <span class='ocrx_word' id='word_1_295' title='bbox 496 4773 684 4839; x_wconf 81' lang='lat' dir='ltr'>Belcnavo⁷</span> <span class='ocrx_word' id='word_1_296' title='bbox 707 4773 840 4837; x_wconf 87' lang='lat' dir='ltr'>villain</span> <span class='ocrx_word' id='word_1_297' title='bbox 864 4774 985 4838; x_wconf 90' lang='lat' dir='ltr'>honore</span> <span class='ocrx_word' id='word_1_298' title='bbox 1016 4775 1120 4838; x_wconf 87' lang='lat' dir='ltr'>sancti</span> <span class='ocrx_word' id='word_1_299' title='bbox 1145 4773 1302 4860; x_wconf 81' lang='lat' dir='ltr'>Stephani</span> <span class='ocrx_word' id='word_1_300' title='bbox 1333 4796 1464 4860; x_wconf 89' lang='lat' dir='ltr'>prorsus</span> <span class='ocrx_word' id='word_1_301' title='bbox 1489 4772 1530 4837; x_wconf 89' lang='lat' dir='ltr'>ab</span> <span class='ocrx_word' id='word_1_302' title='bbox 1555 4775 1642 4837; x_wconf 89' lang='lat' dir='ltr'>omni</span> <span class='ocrx_word' id='word_1_303' title='bbox 1667 4771 1924 4837; x_wconf 86' lang='lat' dir='ltr'>consuetudinali</span> 
     </span>
     <span class='ocr_line' id='line_1_29' title="bbox 272 4878 1925 4967; baseline -0.002 -22"><span class='ocrx_word' id='word_1_304' title='bbox 272 4882 443 4946; x_wconf 81' lang='lat' dir='ltr'>exactione</span> <span class='ocrx_word' id='word_1_305' title='bbox 467 4880 675 4963; x_wconf 84' lang='lat' dir='ltr'>liberrimam,</span> <span class='ocrx_word' id='word_1_306' title='bbox 701 4880 873 4944; x_wconf 88' lang='lat' dir='ltr'>eeclesiam</span> <span class='ocrx_word' id='word_1_307' title='bbox 897 4903 1026 4967; x_wconf 90' lang='lat' dir='ltr'>quoque</span> <span class='ocrx_word' id='word_1_308' title='bbox 1051 4881 1092 4944; x_wconf 90' lang='lat' dir='ltr'>dc</span> <span class='ocrx_word' id='word_1_309' title='bbox 1115 4880 1203 4963; x_wconf 68' lang='lat' dir='ltr'>silla,</span> <span class='ocrx_word' id='word_1_310' title='bbox 1236 4903 1299 4967; x_wconf 90' lang='lat' dir='ltr'>que</span> <span class='ocrx_word' id='word_1_311' title='bbox 1331 4880 1449 4945; x_wconf 89' lang='lat' dir='ltr'>dicitur</span> <span class='ocrx_word' id='word_1_312' title='bbox 1472 4878 1666 4961; x_wconf 65' lang='lat' dir='ltr'>Danbrunl,</span> <span class='ocrx_word' id='word_1_313' title='bbox 1698 4902 1772 4944; x_wconf 88' lang='lat' dir='ltr'>cum</span> <span class='ocrx_word' id='word_1_314' title='bbox 1803 4901 1925 4965; x_wconf 87' lang='lat' dir='ltr'>appen-</span> 
     </span>
     <span class='ocr_line' id='line_1_30' title="bbox 226 4985 1924 5073; baseline -0.002 -20"><span class='ocrx_word' id='word_1_315' title='bbox 226 5015 254 5054; x_wconf 80' lang='lat' dir='ltr'>so</span> <span class='ocrx_word' id='word_1_316' title='bbox 272 4988 360 5053; x_wconf 90' lang='lat' dir='ltr'>ditiis</span> <span class='ocrx_word' id='word_1_317' title='bbox 383 4989 461 5070; x_wconf 87' lang='lat' dir='ltr'>suis,</span> <span class='ocrx_word' id='word_1_318' title='bbox 493 4999 526 5051; x_wconf 89' lang='lat' dir='ltr'>et</span> <span class='ocrx_word' id='word_1_319' title='bbox 548 4987 657 5051; x_wconf 82' lang='lat' dir='ltr'>villam</span> <span class='ocrx_word' id='word_1_320' title='bbox 682 4987 859 5051; x_wconf 88' lang='lat' dir='ltr'>Trescasas</span> <span class='ocrx_word' id='word_1_321' title='bbox 871 4991 896 5029; x_wconf 84' lang='lat'>¹⁰</span> <span class='ocrx_word' id='word_1_322' title='bbox 926 5011 998 5051; x_wconf 90' lang='lat' dir='ltr'>cum</span> <span class='ocrx_word' id='word_1_323' title='bbox 1023 4985 1171 5052; x_wconf 86' lang='lat' dir='ltr'>ecclesia</span> <span class='ocrx_word' id='word_1_324' title='bbox 1200 4999 1232 5052; x_wconf 90' lang='lat' dir='ltr'>et</span> <span class='ocrx_word' id='word_1_325' title='bbox 1256 4985 1405 5050; x_wconf 87' lang='lat' dir='ltr'>omnibus</span> <span class='ocrx_word' id='word_1_326' title='bbox 1429 4985 1627 5073; x_wconf 86' lang='lat' dir='ltr'>appenditiis</span> <span class='ocrx_word' id='word_1_327' title='bbox 1658 4987 1735 5067; x_wconf 89' lang='lat' dir='ltr'>suis,</span> <span class='ocrx_word' id='word_1_328' title='bbox 1765 4986 1842 5049; x_wconf 90' lang='lat' dir='ltr'>item</span> <span class='ocrx_word' id='word_1_329' title='bbox 1872 5008 1924 5050; x_wconf 91' lang='lat' dir='ltr'>eo·</span> 
     </span>
    </p>
   </div>
   <div class='ocr_carea' id='block_1_6' title="bbox 378 5181 1385 5254">
    <p class='ocr_par' dir='ltr' id='par_1_6' title="bbox 378 5181 1385 5254">
     <span class='ocr_line' id='line_1_31' title="bbox 378 5181 1385 5254; baseline -0.002 -15"><span class='ocrx_word' id='word_1_330' title='bbox 378 5188 496 5239; x_wconf 70' lang='lat' dir='ltr'>Lentino:</span> <span class='ocrx_word' id='word_1_331' title='bbox 517 5187 597 5238; x_wconf 83' lang='lat' dir='ltr'>Carta</span> <span class='ocrx_word' id='word_1_332' title='bbox 616 5188 706 5239; x_wconf 91' lang='lat' dir='ltr'>domni</span> <span class='ocrx_word' id='word_1_333' title='bbox 726 5187 846 5238; x_wconf 80' lang='lat' dir='ltr'>Albcrici</span> <span class='ocrx_word' id='word_1_334' title='bbox 867 5189 988 5254; x_wconf 86' lang='lat' dir='ltr'>episcopi</span> <span class='ocrx_word' id='word_1_335' title='bbox 1008 5187 1039 5238; x_wconf 86' lang='lat' dir='ltr'>P.</span> <span class='ocrx_word' id='word_1_336' title='bbox 1113 5190 1146 5239; x_wconf 80' lang='grc'>27</span> <span class='ocrx_word' id='word_1_337' title='bbox 1166 5181 1240 5251; x_wconf 82' lang='lat' dir='ltr'>dedi]</span> <span class='ocrx_word' id='word_1_338' title='bbox 1260 5187 1336 5237; x_wconf 89' lang='lat' dir='ltr'>dedit</span> <span class='ocrx_word' id='word_1_339' title='bbox 1355 5187 1385 5237; x_wconf 84' lang='lat' dir='ltr'>P.</span> 
     </span>
    </p>
   </div>
   <div class='ocr_carea' id='block_1_7' title="bbox 224 5363 1925 6071">
    <p class='ocr_par' dir='ltr' id='par_1_7' title="bbox 224 5363 1925 6071">
     <span class='ocr_line' id='line_1_32' title="bbox 381 5363 1923 5445; baseline 0 -20"><span class='ocrx_word' id='word_1_340' title='bbox 381 5370 410 5438; x_wconf 89' lang='lat' dir='ltr'>l)</span> <span class='ocrx_word' id='word_1_341' title='bbox 435 5370 567 5445; x_wconf 66' lang='lat' dir='ltr'>Luceres</span> <span class='ocrx_word' id='word_1_342' title='bbox 590 5363 812 5443; x_wconf 73' lang='lat' dir='ltr'>(seo-838).</span> <span class='ocrx_word' id='word_1_343' title='bbox 920 5368 950 5438; x_wconf 85' lang='lat'>2)</span> <span class='ocrx_word' id='word_1_344' title='bbox 976 5368 1189 5426; x_wconf 83' lang='lat' dir='ltr'>Sciat-Pierre</span> <span class='ocrx_word' id='word_1_345' title='bbox 1212 5370 1247 5425; x_wconf 83' lang='lat' dir='ltr'>de</span> <span class='ocrx_word' id='word_1_346' title='bbox 1269 5367 1353 5424; x_wconf 79' lang='lat' dir='ltr'>Birrc.</span> <span class='ocrx_word' id='word_1_347' title='bbox 1462 5367 1492 5436; x_wconf 85' lang='lat'>3)</span> <span class='ocrx_word' id='word_1_348' title='bbox 1521 5367 1568 5424; x_wconf 85' lang='lat' dir='ltr'>De</span> <span class='ocrx_word' id='word_1_349' title='bbox 1591 5366 1758 5444; x_wconf 76' lang='lat' dir='ltr'>Amulporio</span> <span class='ocrx_word' id='word_1_350' title='bbox 1781 5368 1823 5438; x_wconf 84' lang='lat' dir='ltr'>es.</span> <span class='ocrx_word' id='word_1_351' title='bbox 1849 5365 1923 5425; x_wconf 82' lang='lat' dir='ltr'>MG.</span> 
     </span>
     <span class='ocr_line' id='line_1_33' title="bbox 273 5471 1924 5549; baseline -0.002 -16"><span class='ocrx_word' id='word_1_352' title='bbox 273 5477 327 5533; x_wconf 82' lang='lat' dir='ltr'>SS.</span> <span class='ocrx_word' id='word_1_353' title='bbox 346 5495 406 5533; x_wconf 72' lang='lat' dir='ltr'>rer,</span> <span class='ocrx_word' id='word_1_354' title='bbox 426 5475 537 5534; x_wconf 83' lang='lat' dir='ltr'>Meroe.</span> <span class='ocrx_word' id='word_1_355' title='bbox 550 5475 590 5545; x_wconf 80' lang='grc' dir='ltr'>Π,</span> <span class='ocrx_word' id='word_1_356' title='bbox 607 5479 670 5534; x_wconf 80' lang='lat'>527</span> <span class='ocrx_word' id='word_1_357' title='bbox 687 5497 711 5532; x_wconf 87' lang='lat' dir='ltr'>s.</span> <span class='ocrx_word' id='word_1_358' title='bbox 728 5496 753 5533; x_wconf 88' lang='lat' dir='ltr'>o.</span> <span class='ocrx_word' id='word_1_359' title='bbox 762 5497 772 5544; x_wconf 93' lang='lat'>,·</span> <span class='ocrx_word' id='word_1_360' title='bbox 791 5474 896 5534; x_wconf 79' lang='lat' dir='ltr'>Cluen.</span> <span class='ocrx_word' id='word_1_361' title='bbox 913 5474 1065 5544; x_wconf 76' lang='lat' dir='ltr'>Beruense,</span> <span class='ocrx_word' id='word_1_362' title='bbox 1084 5475 1170 5532; x_wconf 82' lang='lat' dir='ltr'>Auel.</span> <span class='ocrx_word' id='word_1_363' title='bbox 1186 5474 1374 5532; x_wconf 80' lang='lat' dir='ltr'>Divionensie</span> <span class='ocrx_word' id='word_1_364' title='bbox 1390 5473 1415 5544; x_wconf 79' lang='grc' dir='ltr'>Ι,</span> <span class='ocrx_word' id='word_1_365' title='bbox 1431 5477 1495 5533; x_wconf 82' lang='lat'>232</span> <span class='ocrx_word' id='word_1_366' title='bbox 1505 5493 1566 5549; x_wconf 82' lang='lat' dir='ltr'>sqq.</span> <span class='ocrx_word' id='word_1_367' title='bbox 1647 5473 1678 5542; x_wconf 75' lang='lat'>4)</span> <span class='ocrx_word' id='word_1_368' title='bbox 1704 5471 1868 5531; x_wconf 64' lang='lat' dir='ltr'>(illothario</span> <span class='ocrx_word' id='word_1_369' title='bbox 1883 5472 1924 5529; x_wconf 86' lang='grc' dir='ltr'>ΙΙ.</span> 
     </span>
     <span class='ocr_line' id='line_1_34' title="bbox 273 5576 1925 5659; baseline -0.002 -19"><span class='ocrx_word' id='word_1_370' title='bbox 273 5576 490 5659; x_wconf 62' lang='lat' dir='ltr'>pree-629).</span> <span class='ocrx_word' id='word_1_371' title='bbox 590 5583 621 5650; x_wconf 88' lang='grc'>5)</span> <span class='ocrx_word' id='word_1_372' title='bbox 653 5581 850 5658; x_wconf 77' lang='lat' dir='ltr'>Lupdunensis</span> <span class='ocrx_word' id='word_1_373' title='bbox 873 5576 1091 5657; x_wconf 69' lang='lat' dir='ltr'>(err-840).</span> <span class='ocrx_word' id='word_1_374' title='bbox 1195 5581 1227 5650; x_wconf 85' lang='grc'>6)</span> <span class='ocrx_word' id='word_1_375' title='bbox 1258 5580 1644 5656; x_wconf 65' lang='lat' dir='ltr'>Pericly-mr-Vinpeamn,</span> <span class='ocrx_word' id='word_1_376' title='bbox 1670 5589 1744 5637; x_wconf 87' lang='lat' dir='ltr'>cant.</span> <span class='ocrx_word' id='word_1_377' title='bbox 1771 5579 1925 5637; x_wconf 82' lang='lat' dir='ltr'>Fonteiae·</span> 
     </span>
     <span class='ocr_line' id='line_1_35' title="bbox 224 5681 1925 5766; baseline -0.001 -23"><span class='ocrx_word' id='word_1_378' title='bbox 224 5703 254 5743; x_wconf 75' lang='lat' dir='ltr'>se</span> <span class='ocrx_word' id='word_1_379' title='bbox 274 5688 435 5766; x_wconf 74' lang='lat' dir='ltr'>Fronqoise</span> <span class='ocrx_word' id='word_1_380' title='bbox 462 5681 666 5763; x_wconf 64' lang='lat' dir='ltr'>(ilice-ler).</span> <span class='ocrx_word' id='word_1_381' title='bbox 781 5688 811 5758; x_wconf 76' lang='lat'>7)</span> <span class='ocrx_word' id='word_1_382' title='bbox 840 5688 1015 5758; x_wconf 83' lang='lat' dir='ltr'>Belleneaoe,</span> <span class='ocrx_word' id='word_1_383' title='bbox 1047 5698 1121 5745; x_wconf 84' lang='lat' dir='ltr'>cont.</span> <span class='ocrx_word' id='word_1_384' title='bbox 1154 5687 1302 5744; x_wconf 83' lang='lat' dir='ltr'>Mirebeou</span> <span class='ocrx_word' id='word_1_385' title='bbox 1333 5683 1536 5762; x_wconf 69' lang='lat' dir='ltr'>(Clite-dor).</span> <span class='ocrx_word' id='word_1_386' title='bbox 1650 5686 1680 5755; x_wconf 87' lang='grc'>8)</span> <span class='ocrx_word' id='word_1_387' title='bbox 1712 5687 1817 5762; x_wconf 66' lang='lat' dir='ltr'>Argon,</span> <span class='ocrx_word' id='word_1_388' title='bbox 1849 5694 1925 5742; x_wconf 86' lang='lat' dir='ltr'>cant.</span> 
     </span>
     <span class='ocr_line' id='line_1_36' title="bbox 274 5788 1925 5870; baseline -0.002 -19"><span class='ocrx_word' id='word_1_389' title='bbox 274 5795 421 5852; x_wconf 78' lang='lat' dir='ltr'>lsrrebeeu</span> <span class='ocrx_word' id='word_1_390' title='bbox 444 5790 649 5870; x_wconf 58' lang='lat' dir='ltr'>(Crito-W).</span> <span class='ocrx_word' id='word_1_391' title='bbox 749 5794 780 5864; x_wconf 87' lang='grc'>9)</span> <span class='ocrx_word' id='word_1_392' title='bbox 805 5794 961 5864; x_wconf 72' lang='grc' dir='ltr'>ὒναπιὸοη,</span> <span class='ocrx_word' id='word_1_393' title='bbox 995 5803 1071 5852; x_wconf 85' lang='lat' dir='ltr'>cont.</span> <span class='ocrx_word' id='word_1_394' title='bbox 1095 5795 1254 5852; x_wconf 74' lang='lat' dir='ltr'>Ponaioer</span> <span class='ocrx_word' id='word_1_395' title='bbox 1276 5788 1480 5869; x_wconf 58' lang='grc' dir='ltr'>(Οὐκ-(ΕΘΓ).</span> <span class='ocrx_word' id='word_1_396' title='bbox 1575 5794 1625 5862; x_wconf 83' lang='lat' dir='ltr'>lo)</span> <span class='ocrx_word' id='word_1_397' title='bbox 1655 5793 1817 5862; x_wconf 72' lang='lat' dir='ltr'>Trocbircs,</span> <span class='ocrx_word' id='word_1_398' title='bbox 1849 5799 1925 5849; x_wconf 82' lang='lat' dir='ltr'>cont.</span> 
     </span>
     <span class='ocr_line' id='line_1_37' title="bbox 274 5893 814 5976; baseline -0.004 -18"><span class='ocrx_word' id='word_1_399' title='bbox 274 5901 421 5958; x_wconf 73' lang='lat' dir='ltr'>dirrebeou</span> <span class='ocrx_word' id='word_1_400' title='bbox 445 5895 649 5976; x_wconf 73' lang='lat' dir='ltr'>(Oete-dor).</span> <span class='ocrx_word' id='word_1_401' title='bbox 805 5893 814 5914; x_wconf 85' lang='lat'>&#39;</span> 
     </span>
     <span class='ocr_line' id='line_1_38' title="bbox 326 6016 1713 6071; baseline 0.011 -15"><span class='ocrx_word' id='word_1_402' title='bbox 326 6017 484 6061; x_wconf 62' lang='lat' dir='ltr'>Laconum</span> <span class='ocrx_word' id='word_1_403' title='bbox 497 6016 527 6059; x_wconf 80' lang='grc' dir='ltr'>ΙΙ.</span> <span class='ocrx_word' id='word_1_404' title='bbox 1677 6022 1713 6071; x_wconf 78' lang='grc'>86</span> 
     </span>
    </p>
   </div>
   <div class='ocr_carea' id='block_1_8' title="bbox 0 0 2446 6714">
    <p class='ocr_par' dir='ltr' id='par_1_8' title="bbox 0 0 2446 6714">
     <span class='ocr_line' id='line_1_39' title="bbox 0 0 2446 6714; baseline 0 0"><span class='ocrx_word' id='word_1_405' title='bbox 0 0 2446 6714; x_wconf 95' lang='lat' dir='ltr'> </span> 
     </span>
    </p>
   </div>
  </div>
 </body>
</html>
