4884 6717
536 510 600 572 546
1005 521 1056 576 44.
1094 520 1313 576 CONCILIUM
1336 519 1563 575 Pmuslnuse
1588 521 1623 575 A.
1645 519 1719 576 825.

641 707 845 792 Augustinus
869 708 902 771 in
925 705 1008 770 libro
1025 706 1117 771 VIII.
1143 707 1183 771 de
1208 708 1341 772 civitate
1365 706 1448 771 Dei:
1480 712 1577 770 Sane¹
1600 734 1653 771 nec
1677 717 1847 788 martyribus
1870 716 1986 788 templa,
2019 718 2189 784 sacerdotia,

535 841 615 878 sacra
639 831 669 878 et
691 823 828 878 sacrificia
851 825 1055 890 constituimus,
1085 824 1215 894 quoniam
1239 841 1295 878 non
1318 824 1383 894 ipsi,
1406 824 1458 878 sed
1482 824 1562 877 Deus
1586 841 1682 878 eorum
1704 824 1785 879 nobis
1809 831 1855 879 est
1876 825 1968 879 Deus.
2013 824 2190 880 Honoramns

535 948 603 984 sanc
627 931 774 986 memorias
799 949 895 986 eorum
919 938 1062 1002 tamquam
1086 936 1247 984 sanctornm
1270 930 1411 984 hominnm
1426 930 1493 996 Dei,
1518 931 1567 1001 qui
1590 948 1680 1002 usque
1705 931 1741 985 ad
1764 937 1883 986 mortem
1906 948 2054 1002 corporum
2077 948 2190 986 suorum

534 1054 586 1107 pro
604 1038 727 1092 veritate
747 1044 986 1104 certaverunt,
1011 1044 1043 1091 ut
1065 1038 1260 1092 innotesceret
1281 1055 1351 1092 vera
1374 1037 1485 1109 religio,
1509 1037 1587 1092 falsis
1610 1036 1742 1108 fictisque
1767 1038 1919 1106 convictis3
1945 1039 2021 1109 quod
2046 1039 2142 1103 etiam,
2166 1039 2189 1092 si

535 1143 582 1213 qui
607 1153 693 1199 antea
715 1145 890 1212 sentiebant,
914 1145 1039 1200 timendo
1063 1144 1264 1216 reprimebant.
1302 1143 1371 1207 Quis
1395 1153 1489 1199 autem
1513 1144 1621 1198 audivit
1638 1143 1789 1214 aliquando
1804 1142 1932 1199 fidelium
1948 1151 2071 1199 stantem
2094 1163 2222 1205 sacer-s

535 1251 630 1306 dotem
653 1252 689 1305 ad
713 1251 803 1305 altare
829 1252 914 1306 etiam
937 1269 1024 1324 snper
1047 1258 1174 1306 sanctum
1198 1268 1300 1323 corpus
1329 1251 1460 1322 martyris
1490 1250 1527 1305 ad
1549 1251 1606 1305 Dei
1637 1250 1771 1305 honorem
1801 1250 1966 1321 cultumque
1997 1259 2190 1306 constructum

535 1359 630 1412 dicere
662 1359 690 1412 in
719 1358 868 1429 precibus:
903 1356 999 1413 Offero
1029 1359 1081 1413 tibi
1111 1357 1288 1425 sacrificinm,
1318 1357 1407 1413 Petre
1439 1363 1485 1414 vel
1515 1358 1605 1413 Paule
1635 1356 1683 1412 vel
1710 1355 1863 1429 Cypriane,
1896 1376 1958 1412 cum
1986 1360 2063 1430 apud
2095 1377 2189 1414 eorum

534 1465 681 1520 memorias
710 1464 847 1519 offeratur
869 1465 943 1531 Deo,
975 1465 1023 1536 qui
1054 1482 1102 1520 eos
1133 1473 1163 1519 et
1192 1465 1320 1520 homines
1351 1472 1380 1519 et
1410 1473 1548 1546 martyres
1577 1464 1647 1518 fecit
1676 1471 1706 1519 et
1729 1464 1834 1520 sanctis
1857 1464 1915 1519 suis
1939 1466 2047 1538 angelis
2071 1467 2190 1522 caelesti

533 1572 640 1626 honore
664 1572 791 1639 sociarit,
822 1579 855 1625 nt
880 1589 913 1626 ea
938 1572 1125 1627 caelebritate
1158 1578 1188 1628 et
1210 1572 1274 1626 Deo
1304 1588 1372 1627 vero
1402 1571 1439 1626 de
1463 1570 1573 1625 illorum
1596 1571 1728 1625 victoria
1750 1572 1856 1643 gratias
1886 1590 2001 1644 agamus
2026 1580 2057 1628 et
2079 1589 2130 1626 nos
2152 1573 2190 1627 ad

534 1679 720 1733 imitationem
744 1679 842 1733 talium
865 1696 1029 1733 coronarum
1053 1685 1141 1750 atque
1164 1683 1319 1749 palmarum
1350 1678 1451 1733 eodem
1479 1679 1609 1732 invocato
1639 1679 1668 1733 in
1691 1678 1823 1733 auxilium
1848 1697 1882 1734 er
1904 1680 2016 1734 illorum
2038 1680 2189 1735 memoriae
2210 1698 2236 1738 ro

534 1786 717 1840 renovatione
742 1786 945 1840 adhortemur?
981 1784 1184 1856 eraecumquc
1208 1786 1295 1856 igitur
1317 1784 1490 1840 adhibentur
1512 1784 1706 1856 religiosorum
1728 1786 1868 1856 obsequia
1889 1786 1918 1839 in
1941 1794 2094 1859 martyrum
2110 1786 2189 1853 locis,

535 1901 702 1947 ornamenta
724 1901 790 1947 sunt
813 1893 1017 1960 memoriarum,
1041 1911 1098 1947 non
1121 1910 1200 1947 sacra
1222 1891 1270 1947 rel
1293 1889 1431 1945 sacrificia
1453 1899 1623 1946 mortuorum
1648 1898 1790 1963 tamquam
1814 1892 1940 1948 deorum.

642 2008 853 2071 Hieronimus
877 2008 918 2071 ad
942 2008 1110 2094 Riparium
1133 2005 1366 2094 presbiterum:
1397 2011 1557 2086 Acceptis²
1579 2015 1698 2087 primum
1726 2015 1832 2071 litteris
1856 2017 1912 2072 tuis
1935 2036 1990 2072 non
2014 2018 2189 2090 respondere

536 2124 686 2194 superbiae
712 2132 766 2191 est,
790 2125 964 2195 respondere
989 2124 1169 2178 temeritatis.
1202 2124 1248 2178 De
1272 2122 1316 2176 his
1340 2123 1413 2178 enim
1435 2123 1522 2177 rebus
1545 2123 1713 2194 interrogas,
1736 2140 1808 2193 quas
1832 2131 1861 2178 et
1884 2125 2013 2195 proferre
2037 2133 2068 2182 et
2091 2129 2188 2185 audire

536 2230 714 2302 sacrilegium
738 2239 792 2285 cst.
827 2231 878 2285 Ais
895 2230 1090 2302 Vigilantiam,
1116 2231 1163 2301 qni
1186 2224 1308 2287 ΚΑΤΑ
1331 2223 1616 2288 ΑΝΤΙΦΡΑΟΙΝ
1632 2228 1686 2284 hoc
1709 2237 1826 2284 vocatur
1848 2232 1972 2299 nomine,
1996 2251 2060 2288 nam
2076 2235 2188 2290 Dormi-
2210 2255 2235 2294 rs

536 2338 643 2391 tantius
673 2340 779 2392 rectius
802 2338 957 2404 diceretur,
987 2354 1018 2392 os
1048 2337 1169 2392 fetidum
1198 2354 1294 2391 rursus
1325 2336 1436 2407 aperire
1468 2342 1498 2391 et
1524 2344 1655 2407 putorem
1678 2337 1884 2408 spurcissimum
1908 2347 2008 2395 contra
2029 2349 2189 2397 sanctornm

535 2454 688 2516 martyrum
711 2445 838 2515 proferre
869 2445 1003 2514 reliquias
1035 2451 1064 2499 et
1094 2461 1155 2511 nos,
1187 2444 1234 2514 qui
1259 2461 1308 2498 eas
1338 2444 1524 2514 suscepimus,
1555 2442 1701 2513 appellare
1732 2443 1883 2499 cinerarios
1911 2453 1941 2501 et
1963 2447 2109 2516 idolatras,
2141 2451 2189 2521 qui

535 2559 707 2606 mortuorum
721 2551 862 2606 hominurn
879 2569 943 2605 ossa
957 2569 1135 2605 veneramur.
1173 2549 1196 2605 Ο
1222 2551 1365 2606 infelicem
1388 2550 1528 2604 hominem
1553 2557 1583 2604 et
1606 2550 1679 2603 omni
1697 2549 1873 2606 lacrimarum
1889 2552 1969 2609 fonte
1986 2554 2188 2627 plangendum,

536 2659 585 2730 qui
607 2659 679 2713 haee
703 2658 800 2712 dicens
829 2675 885 2712 non
913 2675 944 2712 se
968 2656 1104 2729 intelligit
1128 2676 1190 2713 csse
1215 2656 1381 2712 Samaritam
1406 2666 1436 2712 et
1459 2655 1605 2723 Iudaeum,
1638 2657 1686 2727 qui
1716 2674 1834 2729 corpora
1863 2668 2035 2716 mortuorum
2064 2680 2115 2733 pro
2143 2664 2188 2717 in·

535 2766 646 2820 mundis
669 2765 777 2820 habent
794 2773 825 2819 et
845 2766 930 2820 etiam
953 2783 1031 2832 rasa,
1055 2782 1128 2835 quae
1152 2765 1181 2819 in
1205 2765 1305 2820 eadem
1330 2765 1411 2817 domo
1434 2762 1586 2829 fuerunt,
1611 2763 1698 2834 pollui
1722 2765 1912 2836 suspicantur,
1935 2776 2093 2839 sequentes
2112 2771 2187 2825 occi·
2207 2788 2236 2827 so

356 2875 653 2931 cereostatarum
676 2872 801 2927 litteram
826 2880 855 2926 ct
879 2890 935 2926 non
959 2872 1087 2943 spiritum
1110 2870 1310 2926 vivificantem.
1346 2871 1410 2924 Non
1434 2878 1530 2924 autem
1554 2870 1616 2924 dico
1639 2877 1792 2942 martyrum
1810 2872 1955 2943 reliquias,
1979 2876 2031 2929 sed
2047 2894 2084 2931 ne
2100 2877 2188 2932 solem

536 2979 650 3051 quidem
675 2988 704 3033 ct
727 2978 833 3046 lunam,
863 2997 919 3033 non
943 2979 1069 3050 angelos,
1100 2996 1154 3032 non
1179 2977 1374 3049 archangelos,
1397 2995 1455 3032 uon
1478 2975 1627 3048 Seraphin,
1658 2994 1715 3032 non
1738 2976 1883 3034 Cherubin
1911 2988 1942 3036 et
1965 2999 2047 3037 omne
2074 3001 2187 3051 nomen,

535 3088 610 3158 quod
635 3087 794 3141 nominatur
817 3093 847 3140 et
871 3086 900 3140 in
922 3085 1067 3156 praesenti
1091 3084 1212 3162 saeculo
1229 3092 1259 3140 et
1282 3085 1312 3139 iu
1327 3084 1433 3152 futuro,
1459 3083 1573 3138 colimus
1591 3091 1620 3138 et
1636 3084 1793 3152 adoramus,
1817 3103 1854 3141 ne
1870 3088 2024 3142 serviamus
2039 3098 2187 3146 creaturae

534 3194 628 3265 potius
651 3211 736 3263 qnam
760 3194 890 3258 creatori,
917 3193 963 3263 qni
988 3199 1032 3247 est
1056 3192 1225 3247 benedictus
1248 3192 1277 3245 in
1300 3195 1424 3246 saecula.
1471 3189 1647 3244 Honoramus
1671 3199 1765 3245 antem
1795 3192 1929 3263 reliquias
1958 3202 2125 3267 martyrum,
2156 3204 2188 3252 nt

536 3319 610 3366 cnm,
636 3300 714 3354 cuius
738 3308 804 3354 snnt
823 3308 971 3371 martyres,
996 3300 1161 3366 adoremus,
1185 3299 1352 3353 honoramus
1371 3314 1477 3360 servos,
1501 3304 1533 3350 ut
1549 3296 1637 3351 honor
1652 3315 1795 3352 serrorum
1811 3300 1954 3355 redundet
1974 3303 2010 3356 ad
2027 3303 2187 3372 Dominum,
2208 3320 2235 3360 st

359 3423 517 3476 uncturum.
536 3408 583 3478 qni
607 3408 663 3461 ait:
690 3404 748 3469 Qui
770 3425 818 3462 cos
839 3405 956 3480 suscipit
977 3424 1019 3461 me
1040 3405 1163 3480 mercipit.

642 3522 725 3585 Item
748 3521 958 3585 Hieronimus
982 3520 1139 3585 adversus
1155 3518 1387 3605 vigilantium:
1413 3525 1505 3592 Quint·
1529 3529 1612 3595 enim,
1638 3530 1798 3584 oinsannm
1819 3538 1915 3603 caput,
1940 3533 2092 3604 aliquando
2114 3554 2187 3590 mar·

384 3637 515 3739 ‘¹38⁸‘th
534 3647 613 3711 tyres
636 3639 786 3693 adoravit?
833 3635 903 3701 Quis
926 3638 1065 3692 hominem
1095 3637 1207 3708 putarit
1231 3635 1346 3690 Deum?
1392 3635 1494 3689 Nonne
1518 3635 1623 3690 Paulus
1655 3642 1684 3690 et
1708 3635 1863 3705 Barnabas,
1894 3656 1957 3692 cum
1987 3640 2188 3696 aLicaoniis

534 3745 665 3817 Iuppiter
690 3753 719 3798 et
742 3745 900 3799 Mercurius
923 3751 1103 3815 putarentur,
1133 3750 1171 3797 ut
1203 3743 1244 3796 eis
1267 3741 1376 3796 vellent
1399 3741 1505 3797 hostias
1529 3742 1681 3811 immolare,
1714 3743 1858 3798 sciderunt
1889 3747 2062 3802 vestimenta
2083 3766 2135 3802 sna
2158 3757 2188 3804 et

534 3871 565 3907 se
588 3851 716 3906 homines
740 3869 803 3906 csse
828 3852 970 3918 dixerunt,
994 3868 1050 3905 non
1074 3868 1129 3921 quo
1153 3849 1283 3904 meliores
1306 3866 1362 3902 non
1387 3857 1484 3904 essent
1507 3849 1572 3903 olim
1595 3850 1712 3904 mortuis
1734 3850 1892 3905 hominibus
1915 3851 1982 3909 Iove
2006 3863 2093 3925 atquc
2110 3855 2187 3911 Mer·
2207 3871 2235 3910 so

535 3959 621 4025 curio,
652 3959 703 4013 scd
734 3975 790 4030 quo
821 3959 873 4012 sub
903 3957 1073 4029 gentilitatis
1105 3974 1198 4012 errore
1228 3955 1317 4010 honor
1348 3956 1388 4011 eis
1418 3956 1482 4011 Deo
1513 3956 1627 4010 debitus
1658 3956 1829 4025 deferretur,
1866 3960 1942 4028 quod
1973 3966 2003 4014 et
2033 3960 2069 4016 de
2100 3961 2187 4017 Petro

399 4081 514 4131 mrum
534 4066 663 4137 legimns,
699 4065 747 4135 qui
778 4063 938 4119 Cornelium
973 4083 1003 4120 se
1035 4065 1152 4119 adorare
1184 4064 1347 4135 cupientem
1377 4080 1460 4116 manu
1484 4063 1644 4117 sublevavit
1668 4071 1698 4118 et
1722 4064 1808 4118 dixit:
1847 4063 1955 4140 Surum
1985 4085 2052 4122 narn
2084 4076 2111 4124 et
2139 4087 2189 4144 eqo

535 4172 614 4227 honio
636 4191 706 4227 eum

641 4287 842 4370 Augustinus
867 4287 900 4350 in
923 4284 1032 4350 libello
1057 4287 1263 4371 questionum
1286 4284 1406 4348 veteris
1437 4295 1470 4347 et
1498 4284 1575 4348 novi
1606 4287 1807 4349 testamenti:
1838 4293 1983 4352 Ρτοῐιιᾱε4
2007 4298 2080 4353 sicut
2103 4299 2189 4371 impia

534 4403 668 4474 superbia
691 4403 750 4457 sive
774 4402 914 4457 hominnm
937 4403 996 4457 sive
1022 4403 1188 4456 daemonnm
1210 4402 1264 4455 sibi
1288 4401 1338 4455 hos
1362 4401 1469 4455 divinos
1493 4400 1613 4455 honores
1637 4402 1762 4456 exhiberi
1787 4402 1833 4457 vel
1856 4403 1938 4458 iubet
1961 4408 2006 4458 vel
2031 4406 2120 4476 cupit,
2148 4407 2189 4460 ita
2207 4422 2235 4462 tt

535 4509 582 4580 pia
604 4509 747 4564 humilitas
770 4510 817 4563 rel
840 4510 981 4563 hominnm
1003 4513 1049 4562 vel
1073 4508 1237 4580 angelorum
1262 4517 1421 4563 sanctornm
1444 4507 1515 4562 haec
1539 4508 1592 4561 sibi
1616 4508 1710 4564 oblata
1732 4509 1874 4564 recusarit
1898 4518 1928 4565 et
1952 4511 1996 4565 cui
2013 4512 2189 4567 deberentur

534 4617 670 4671 ostendit.

642 4730 725 4794 Item
748 4730 833 4795 idem
858 4731 891 4793 in
914 4728 997 4793 libro
1014 4729 1156 4793 XVHII.
1180 4729 1220 4793 de
1246 4730 1376 4793 civitate
1393 4729 1475 4792 Dei:
1501 4732 1582 4793 Scd⁵
1596 4740 1677 4795 Dens
1693 4739 1753 4808 ille,
1778 4758 1861 4811 quem
1878 4741 2026 4797 coluerunt
2042 4744 2188 4814 sapientes

535 4848 758 4915 Haebracomm,
784 4847 869 4902 ctiam
893 4846 1066 4901 caelestibus
1089 4846 1193 4901 sanctis
1216 4845 1326 4916 angelis
1351 4853 1381 4900 et
1404 4846 1555 4900 virtutibus
1575 4846 1641 4914 Dei,
1666 4863 1736 4917 quos
1759 4848 1936 4903 beatissimos
1952 4857 2095 4920 tamquam
2111 4850 2188 4905 cives

535 4955 563 5008 in
586 4954 639 5008 hac
662 4963 759 5008 nostra
782 4954 1009 5026 peregrinatione
1034 4952 1141 5008 mortali
1165 4969 1333 5007 veneramur
1356 4959 1386 5007 et
1409 4970 1543 5020 amamus,
1576 4952 1725 5007 sacrificari
1752 4960 1831 5009 vetat
1854 4963 1884 5010 et
1908 4955 1971 5022 coli,
2005 4956 2135 5011 intonans
2158 4957 2188 5011 iu
2206 4973 2236 5011 ro

358 5080 515 5132 nmmo,
535 5062 600 5133 lege
625 5079 690 5116 sna:
718 5059 894 5137 Sacrificons
918 5059 971 5116 diis
995 5057 1194 5114 erudicabitur.

541 5384 546 5392 Ι
645 5325 676 5374 10
702 5325 840 5375 invocatio
860 5322 887 5372 V.
980 5323 1009 5371 11
1039 5322 1199 5386 obsequium
1219 5322 1246 5370 l'.
1339 5323 1370 5371 15
1390 5316 1449 5385 Ais]
1475 5319 1575 5382 Ars(?)
1597 5321 1624 5371 V.
1716 5317 1772 5387 qui]
1798 5339 1850 5387 que
1871 5323 1898 5372 V.
1991 5326 2023 5375 16
2043 5331 2139 5390 putore
2159 5325 2187 5375 V.

536 5413 685 5463 25honore
706 5412 733 5461 l'.
789 5413 897 5463 solovi
917 5411 944 5461 Γ.
1000 5413 1033 5461 32
1047 5426 1140 5460 manns
1161 5410 1187 5458 l'.
1244 5412 1378 5461 severeri
1397 5411 1425 5461 V.
1482 5413 1515 5461 35
1533 5405 1595 5474 sibi]
1608 5412 1666 5462 sire
1683 5411 1710 5460 V.
1766 5411 1914 5464 honorcV.
1969 5412 2140 5464 temortatis
2159 5414 2187 5464 V.

647 5667 674 5735 l)
699 5666 730 5721 V.
754 5685 844 5744 supro
862 5685 896 5739 p.
913 5668 974 5723 495
999 5665 1017 5720 l.
1035 5667 1074 5721 35
1086 5682 1147 5739 sqq.
1252 5663 1282 5732 2)
1305 5662 1337 5718 V.
1362 5682 1453 5738 supro
1470 5684 1503 5739 p.
1520 5666 1583 5723 496
1605 5665 1623 5720 l.
1641 5667 1678 5723 11
1691 5684 1752 5741 sqq.
1857 5663 1887 5735 3)
1909 5665 1941 5721 V.
1966 5684 2056 5740 supra
2074 5669 2188 5742 peso

535 5776 553 5830 l.
571 5778 611 5833 25
624 5793 684 5849 sqq.
777 5773 807 5840 4)
831 5771 862 5827 V.
886 5790 977 5846 semro
995 5773 1108 5846 pree
1131 5770 1148 5825 l.
1167 5773 1279 5845 32sqq.
1373 5769 1403 5840 5)
1426 5769 1457 5826 V.
1481 5789 1572 5845 supra
1589 5790 1623 5846 p.
1640 5774 1703 5830 496
1726 5773 1744 5828 l.
1763 5775 1804 5831 36
1814 5791 1875 5848 sqq.
2174 5781 2236 5827 ‘rs
