4884 6717
512 436 725 494 APPENDIX.
775 435 826 493 10.
857 436 1077 494 contemtum
1099 437 1370 494 reomaenses
1394 438 1566 495 SPURIUM
1589 441 1626 495 A.
1643 438 1719 495 639.
1877 432 1940 496 857

287 625 355 689 sius
377 623 440 690 loci
464 622 635 711 placuerit,
660 624 730 688 siue
755 623 918 689 calumnia
940 623 987 689 ibi
1011 625 1062 689 sit
1097 624 1137 689 In
1162 625 1395 711 cuiuscumque
1411 635 1499 690 terra
1515 636 1571 690 aut
1593 624 1767 711 parrochia
1789 626 1941 691 monachi

286 730 334 796 illi
357 732 471 796 vineas
502 730 677 796 habuerint
705 730 759 795 vel
789 733 915 796 semina
945 732 1082 796 iecerint
1111 731 1155 795 ad
1178 753 1253 795 suos
1284 753 1372 811 usus,
1403 730 1483 796 nulli
1513 731 1698 797 mortalium
1729 744 1786 797 aut
1809 732 1943 798 cuilibet

287 838 425 903 alicuius
449 837 588 903 eclesiae
613 838 773 903 decimam
797 848 853 903 aut
877 837 958 902 alias
982 837 1235 903 consuetudines
1258 837 1406 919 reddant,
1431 837 1489 902 sed
1512 839 1575 925 ipsi
1592 861 1648 903 eas
1664 838 1707 903 ad
1724 862 1818 904 usum
1834 839 1941 926 hospi·

287 945 421 1010 talitatis
451 956 484 1010 et
514 944 690 1011 elemosine
720 943 874 1009 habeant.
920 944 1076 1010 Debitum
1108 944 1377 1010 consuetudinem
1408 947 1526 1010 mercis
1556 957 1613 1011 aut
1642 945 1763 1011 telonei
1793 947 1826 1011 in
1854 947 1941 1011 omni

255 1074 388 1139 oregno
405 1064 459 1117 tuo
475 1052 656 1118 vendentes
672 1063 705 1117 et
728 1063 872 1117 ementes
895 1075 961 1116 non
984 1051 1133 1116 reddant.
1168 1051 1263 1116 Haec
1287 1053 1406 1132 omnia,
1431 1054 1609 1135 carissime,
1633 1064 1669 1118 ut
1691 1055 1726 1118 in
1749 1064 1941 1140 perpetuum

287 1171 358 1223 rata
380 1161 454 1242 sint,
478 1182 538 1247 per
560 1169 703 1224 nostram
728 1169 936 1245 vestramque
960 1159 1187 1224 auctoritatem
1211 1160 1419 1245 imperamus.
1466 1159 1510 1224 Et
1540 1161 1567 1223 si
1592 1161 1665 1247 quis
1689 1160 1774 1226 hanc
1797 1172 1940 1226 nostram

288 1267 513 1331 auctoritatem
536 1265 710 1331 violaverit
739 1275 772 1330 et
800 1265 883 1330 baec
914 1287 1115 1351 cognoscens
1143 1288 1209 1329 uon
1232 1266 1438 1351 poenituerit,
1473 1289 1515 1330 ex
1546 1265 1635 1331 beati
1658 1266 1748 1331 Petri
1776 1277 1809 1332 et
1831 1277 1942 1331 nostra

287 1374 479 1437 auctoritate
503 1381 637 1437 aeterno
661 1372 868 1437 anathemate
892 1371 1026 1437 feriatur
1050 1383 1082 1436 et
1103 1373 1199 1436 morti
1226 1381 1383 1458 perpetue
1414 1371 1578 1455 tradatur3
1610 1372 1801 1439 obedientes
1832 1384 1941 1438 autem

287 1479 377 1544 beati
399 1479 490 1543 Petri
513 1489 546 1543 et
568 1478 657 1544 beati
679 1479 813 1544 Martini
837 1478 1001 1542 iuvamine
1025 1478 1162 1543 amalis
1186 1489 1350 1543 eruantur.
1397 1478 1490 1560 Vale,
1516 1481 1704 1545 carissime'.

244 1702 269 1740 m
394 1675 466 1762 Ego
490 1676 600 1762 itaque
623 1671 793 1755 Radulfus,
817 1673 972 1761 perfectis
996 1675 1057 1739 ritc
1080 1697 1140 1761 pro
1164 1673 1282 1760 quibus
1307 1697 1396 1740 eram
1418 1675 1552 1757 Romae,
1577 1675 1712 1740 rediens
1731 1688 1764 1741 et
1786 1677 1857 1761 regi
1880 1674 1941 1739 hoc

287 1782 502 1869 apostolicum
532 1783 658 1868 regium
689 1780 898 1867 privilegium
927 1781 1082 1863 referens,
1112 1781 1224 1846 inveni
1255 1804 1329 1846 eum
1359 1781 1446 1868 apud
1476 1781 1662 1847 Floriacum
1693 1806 1767 1847 curn
1797 1783 1942 1846 maximo

288 1901 450 1954 conventu
487 1889 736 1974 episcopornm¹
766 1885 878 1974 ibique
913 1910 1022 1953 coram
1057 1886 1265 1975 pontificibus
1296 1898 1327 1953 et
1357 1911 1435 1974 rege
1466 1888 1555 1953 dicta
1584 1888 1764 1975 apostolica
1793 1888 1942 1975 relegens

288 1996 357 2061 dixi
389 1993 549 2078 omnibus,
581 1996 638 2083 qui
670 1994 822 2059 aderaut:
855 1994 1022 2077 ‘Audistis
1054 1995 1171 2059 fratres
1202 1995 1372 2076 carissimi,
1404 2009 1580 2082 praecepta
1609 1996 1793 2083 principum
1823 2007 1940 2076 terrac,

287 2101 406 2190 quibus
429 2125 495 2167 non
518 2113 568 2167 est
590 2101 639 2167 fas
663 2102 834 2166 contraire.
881 2101 968 2167 Date
993 2124 1071 2188 ergo
1095 2123 1265 2167 assensum
1288 2113 1431 2167 vestrum
1456 2112 1488 2167 et
1510 2125 1587 2186 ros3
1612 2105 1804 2168 auctoritate
1828 2125 1940 2167 eorum

242 2235 268 2276 u
287 2212 356 2274 sine
380 2209 574 2275 hesitatione
598 2208 726 2274 debetis
757 2209 877 2274 etenim
900 2209 1021 2292 facere,
1052 2232 1127 2274 narn
1160 2208 1319 2296 quidquid
1347 2211 1492 2297 episcopi
1517 2209 1684 2295 possident
1706 2209 1883 2297 apostolico
1908 2221 1940 2274 et
1970 2241 1974 2249 ·

287 2318 377 2404 regio
393 2315 520 2382 indultu
540 2315 672 2384 habent.
706 2316 834 2404 Itaque,
859 2317 955 2382 sicuti
977 2316 1147 2404 apostolici
1172 2327 1205 2381 et
1228 2317 1314 2402 regis
1338 2317 1470 2380 nomina
1492 2316 1535 2380 ad
1559 2317 1784 2381 auctoritatem
1800 2316 1940 2385 Muscia-

287 2417 394 2489 censis
418 2423 579 2489 ecclesiae
604 2425 638 2488 in
661 2423 723 2488 bac
747 2423 873 2489 cartula
896 2425 1112 2505 continentur,
1142 2424 1276 2489 nomina
1298 2435 1417 2505 vestra,
1448 2422 1651 2511 principibus
1676 2435 1707 2488 et
1730 2422 1802 2488 loco
1826 2434 1939 2488 sancto

286 2532 445 2614 faventes,
470 2529 671 2617 subsignata,
694 2541 731 2595 ut
753 2529 882 2597 illorum
905 2529 1032 2595 indultu
1056 2540 1231 2618 nostroque
1252 2552 1387 2595 assensu
1402 2541 1569 2595 aeternam
1585 2531 1831 2611 immunitatem,
1856 2531 1940 2595 sicut

287 2638 509 2725 supradictum
540 2643 620 2718 est2,
651 2638 819 2725 possideat
841 2636 933 2702 locus
962 2636 1027 2720 ille,
1059 2648 1091 2701 et
1121 2638 1269 2723 quisquis
1300 2636 1382 2701 baec
1406 2637 1578 2702 violaverit
1610 2636 1736 2703 illorum
1765 2649 1939 2725 vestroque

241 2770 268 2810 so
286 2745 422 2810 feriatur
444 2744 671 2810 anathemate'.
712 2745 774 2809 His
797 2743 918 2809 auditis
943 2744 1089 2831 episcopi
1113 2743 1274 2808 dederunt
1297 2766 1466 2808 assensum
1490 2742 1639 2827 libenter,
1664 2742 1847 2809 nominibus
1872 2746 1939 2809 suis

286 2854 447 2940 signatam
471 2864 592 2919 cartam
617 2851 794 2917 firmantes.

376 2960 426 3046 (1)
456 2957 614 3024 Radulfus
637 2958 873 3023 Bituricensis³
895 2957 1162 3045 archiepiscopus
1191 2957 1254 3022 boc
1284 2956 1493 3045 privilegium
1516 2958 1620 3022 Roma
1650 2956 1764 3024 detulit
1791 2970 1824 3024 et
1851 2958 1938 3046 apud

285 3065 470 3132 Florianum
495 3088 568 3131 cum
593 3066 766 3153 episcopis,
797 3066 854 3152 qui
877 3064 1015 3129 aderaut
1037 3076 1112 3129 ante
1136 3055 1303 3130 dominum
1328 3064 1531 3129 Ludovicum
1555 3087 1677 3152 regem,
1708 3067 1831 3153 primus
1863 3065 1937 3132 dato

286 3174 378 3260 signo
401 3172 543 3238 firmavit
566 3183 599 3237 et
621 3184 726 3238 ratum
750 3172 918 3254 iudicavit,
950 3172 1034 3236 sicut
1057 3171 1225 3258 placuerat
1248 3172 1379 3236 domino
1403 3194 1508 3258 papae
1533 3183 1565 3236 et
1588 3173 1668 3258 regi,
1700 3195 1725 3236 s.
1751 3174 1801 3260 (2)
1824 3173 1937 3238 Fride-

240 3303 267 3344 a
284 3281 396 3367 gisus⁴
420 3281 592 3367 episcopus
615 3302 784 3345 assensum
806 3277 967 3366 praebuit,
992 3301 1018 3343 s.
1043 3280 1093 3364 (3)
1117 3277 1271 3344 Isarnus⁴
1295 3279 1479 3366 episcopus,
1511 3303 1536 3343 s.
1562 3280 1612 3366 (4)
1635 3279 1688 3344 R.
1707 3330 1739 3345 ..
1758 3331 1765 3346 .
1784 3280 1938 3346 colenus⁵

285 3388 468 3475 episcopus,
493 3409 518 3451 s.
544 3387 594 3475 (5)
617 3386 857 3452 Ruthenensis⁶
879 3385 977 3451 sedis.
1018 3385 1068 3472 (6)
1091 3384 1259 3450 Arduinus
1276 3384 1503 3450 Vellavensis⁷
1526 3388 1709 3473 episcopus,
1734 3410 1759 3451 s.
1784 3388 1835 3475 (7)
1858 3389 1937 3453 Bar·

283 3481 508 3559 tholomaeus⁵
526 3495 699 3581 episcopus
715 3491 869 3557 Albensis
880 3499 901 3557 ⁸.
927 3491 977 3578 (6)
994 3492 1202 3556 Hermannus
1218 3493 1392 3580 episcopus
1409 3492 1654 3576 Nirernensis9,
1678 3517 1704 3558 s.
1722 3495 1772 3582 (9)
1792 3494 1937 3561 Stolidus

284 3603 457 3688 episcopus
472 3600 765 3682 Lemovicensis¹⁰,
790 3622 815 3664 s.
840 3599 913 3687 (10)
938 3597 1071 3664 Stablus
1095 3600 1267 3687 episcopus
1283 3599 1552 3682 Arvernorum¹¹,
1577 3623 1602 3665 s.
1627 3601 1699 3688 (11)
1723 3601 1938 3668 Bladericus⁵

213 3791 216 3796 ξ
283 3709 458 3796 episcopus
475 3707 741 3774 Galvadariensis
752 3712 788 3788 ¹²,
806 3731 831 3770 s.
848 3707 921 3794 (12)
937 3705 1121 3772 Amabicus
1138 3707 1304 3771 Turonum
1322 3705 1588 3795 archiepiscopus
1600 3713 1634 3789 ¹³,
1652 3731 1678 3772 s.
1695 3709 1767 3796 (13)
1784 3708 1937 3774 Aldn‘cus

239 3837 266 3878 so
283 3817 457 3904 episcopus
481 3813 761 3886 Cenomannensis
772 3818 807 3896 ¹⁴,
835 3836 861 3877 s.
886 3813 958 3900 (14)
983 3811 1123 3878 Guenilo
1147 3813 1413 3901 archiepiscopus
1437 3812 1602 3879 Senonum
1613 3819 1649 3897 ¹⁵,
1685 3839 1710 3879 s.
1736 3816 1808 3903 (15)
1831 3816 1936 3903 Agius

283 3924 455 4010 episcopus
478 3921 728 3987 Aurelianorum
740 3925 776 4004 ¹⁶,
808 3943 832 3985 s.
858 3919 930 4008 (16)
954 3920 1126 3985 Launus¹⁷
1148 3919 1440 4006 archicapellanus,
1465 3943 1490 3984 s.

390 4144 406 4192 3
432 4158 465 4192 ea
490 4140 521 4196 P.
613 4144 629 4191 4
655 4139 820 4191 eleemosina
848 4139 877 4190 P.
970 4141 1003 4190 10
1028 4137 1164 4191 Rudolt'us
1190 4139 1221 4190 Ρ.
1313 4134 1452 4205 perlectis]
1479 4141 1617 4206 protectus
1644 4141 1674 4191 P.
1765 4143 1878 4194 Romam
1906 4143 1935 4194 P.

284 4233 316 4283 13
343 4231 509 4282 cbrurisaimi
528 4229 559 4281 P.
652 4232 684 4279 14
711 4244 850 4280 assensum
875 4223 1003 4293 vestrum]
1030 4229 1174 4279 assentiam
1197 4233 1313 4278 vestram
1342 4227 1372 4278 P.
1465 4231 1497 4278 15
1523 4225 1695 4294 hesitatione}
1721 4233 1880 4284 resitutione
1905 4233 1935 4284 P.

285 4322 317 4371 16
335 4320 538 4371 Masciaceuscs
557 4319 588 4370 P.
661 4319 777 4370 2011ἱί1
798 4318 828 4369 P.
901 4316 1086 4369 2211οά51153
1106 4317 1136 4367 P.
1216 4319 1250 4367 24
1270 4317 1404 4367 iudicabit
1424 4316 1453 4368 P.
1527 4313 1558 4382 a]
1577 4319 1748 4384 hicetiasrn
1766 4321 1935 4387 intellipamr:

237 4410 265 4450 ⁸⁶
283 4412 399 4476 signum.
473 4410 507 4460 25
525 4403 750 4472 R...colenns]
771 4407 808 4458 ito
827 4406 858 4458 P.
931 4408 965 4457 26
984 4400 1175 4471 Rutbenennis]
1193 4405 1320 4457 Rutheue
1341 4406 1371 4457 P.
1445 4405 1779 4474 ArduiunsVellavensie]
1798 4412 1936 4463 Ardimius

283 4497 460 4550 vallavorum
480 4499 510 4548 P.
569 4499 602 4549 at
622 4491 761 4561 Albeusis]
782 4496 920 4547 Albecum
941 4497 972 4546 P.
1027 4489 1210 4560 Hermonem]
1229 4496 1398 4546 Rermeunns
1418 4495 1448 4546 P.
1505 4492 1692 4560 Nivernensis]
1715 4499 1885 4550 Nivememia
1906 4501 1935 4552 P.

283 4591 317 4641 26
336 4582 552 4650 Lemoviceusis]
573 4588 750 4638 Lemovicum
770 4586 801 4637 P.
883 4580 1003 4648 Stablus]
1023 4583 1136 4636 Stabilis
1156 4584 1187 4635 P.
1268 4579 1658 4648 Arvernorum]hrvemor11m
1678 4586 1709 4637 P.
1794 4590 1828 4638 30
1848 4588 1930 4640 Ceno-

283 4671 448 4741 manncnnis]
469 4675 648 4727 Caenomams
668 4675 699 4730 P.
778 4669 909 4738 Guenilo]
929 4673 1035 4726 Gerrilo
1056 4673 1088 4724 P.
1170 4668 1317 4738 Senonum]
1338 4674 1502 4725 Rhemorum
1522 4673 1552 4724 P.
1638 4670 1732 4740 Agrius]
1753 4677 1884 4742 aegidius
1905 4678 1936 4729 P.

283 4769 314 4818 31
336 4764 588 4832 archicappellauus
607 4764 638 4816 P.

238 4953 266 4993 ⁴0
394 4947 423 5018 l)
446 4946 646 5005 Hludowicam
671 4945 753 5003 Pium
776 4947 832 5003 ullo
855 4953 978 5021 tempore
1000 4945 1082 5020 apud
1096 4943 1261 5002 Floriacum
1284 4953 1423 5002 ororottua
1447 4964 1505 5003 esse
1523 4945 1620 5002 nullibi
1634 4947 1751 5024 legiam
1775 4949 1815 5019 cs.
1833 4947 1937 5006 ‘Neues

284 5055 403 5112 Archiv'
427 5054 526 5124 XXX,
551 5056 621 5114 394.
706 5052 737 5124 2)
766 5053 798 5109 V.
820 5071 911 5128 supra
927 5071 960 5127 p.
981 5055 1044 5110 856
1066 5052 1084 5108 l.
1104 5053 1140 5111 11
1152 5072 1214 5128 sqq.
1297 5052 1327 5121 3)
1351 5051 1481 5129 Bourpes
1505 5045 1728 5130 (eto—866).
1809 5056 1839 5125 4)
1870 5054 1935 5113 Noa

282 5161 386 5219 inveni.
463 5161 494 5232 5)
518 5161 644 5218 Frustra
667 5159 801 5237 quaesivi.
874 5158 905 5230 6)
929 5156 1035 5216 Bodca.
1104 5159 1135 5228 l)
1161 5158 1204 5216 Le
1227 5157 1465 5234 Ray-ea·Veloy
1488 5153 1718 5237 (860-666).
1746 5203 1750 5210 -
1794 5163 1825 5233 8)
1848 5162 1936 5236 Atra·

282 5268 335 5326 sed
354 5286 380 5325 o.
406 5264 507 5340 Gonu,
532 5267 627 5325 Serico
649 5267 841 5343 epiecopomm
858 5286 892 5342 p.
909 5268 982 5326 484.
1074 5265 1105 5335 9)
1128 5263 1238 5323 Neaera
1260 5259 1485 5344 (etr-860).
1577 5265 1629 5336 10)
1654 5262 1934 5345 [1509510150-

284 5369 372 5452 861).
459 5373 510 5446 11)
535 5371 679 5433 Olermont
700 5367 931 5450 (823-860),
1023 5371 1074 5441 12)
1099 5371 1165 5429 Nou
1188 5372 1292 5430 inveni.
1340 5371 1476 5430 Fortasse
1498 5374 1643 5449 lepmdrtm
1667 5383 1708 5432 est
1728 5375 1937 5432 Glandaveusis

237 5487 265 5526 ⁴⁶
284 5479 466 5560 (Gloadtvc)
489 5490 541 5539 aut
562 5481 732 5539 Gabalensie
755 5481 1006 5552 (Gebaldaneusis,
1031 5479 1163 5550 Mende),·
1192 5499 1219 5537 o.
1245 5478 1345 5551 Gamo,
1368 5481 1388 5537 l.
1413 5481 1431 5537 l.
1450 5500 1484 5556 p.
1501 5483 1573 5540 554.
1590 5482 1660 5540 577.
1766 5481 1817 5551 13)
1848 5482 1938 5542 Tours

284 5579 511 5665 (ere—855).
616 5587 667 5658 11)
698 5587 742 5646 Le
771 5587 861 5645 Mane
883 5581 1111 5662 (sac-856).
1216 5585 1268 5656 15)
1300 5586 1372 5644 Sene
1401 5581 1629 5664 (sm—865).
1733 5588 1784 5657 16)
1815 5587 1938 5647 &leam

284 5686 505 5773 (843—867).
614 5695 665 5764 l'l)
694 5693 761 5752 Noa
783 5693 895 5764 iaceam
930 5695 982 5751 sed
1002 5713 1027 5751 e.
1054 5692 1163 5764 Moeri,
1196 5691 1323 5752 Concilio
1347 5693 1415 5764 XV,
1432 5697 1492 5753 561
1516 5695 1558 5751 ad
1585 5715 1613 5750 α.
1637 5698 1717 5764 860,
1749 5694 1795 5751 abi
1818 5695 1938 5754 Loacus

283 5803 428 5879 episcopus
450 5801 674 5880 Enpolbmcasic
696 5794 890 5881 (Anqoaome)
913 5800 1044 5859 ocmrrit.

337 5918 382 5961 nt.
395 5916 496 5958 moero
510 5919 540 5961 u.
1673 5924 1722 5973 10⁸
