4884 6717
683 536 734 594 44.
770 535 990 596 CONCILIUM
1013 535 1242 596 PARISIENSE
1266 538 1303 592 Α.
1324 535 1399 598 825.
1805 533 1869 597 ol?

321 722 365 787 Et
387 734 461 809 post
484 735 610 790 cetera:
635 729 718 788 Hoc¹
741 741 770 788 et
791 734 827 792 ab
849 734 977 804 exemplo
998 733 1126 804 imaginis
1147 733 1320 803 imperatoris
1341 734 1474 788 attentius
1492 735 1554 805 quis
1570 734 1744 792 considerare
1761 738 1870 806 poterit

214 840 301 911 Igitur
327 840 355 892 in
385 839 504 910 imagine
525 840 698 910 imperatoris
725 840 872 894 similitudo
902 849 931 894 et
956 840 1045 894 torma
1067 847 1124 894 est:
1152 848 1180 893 et
1209 839 1237 892 in
1265 840 1431 909 imperatore
1459 840 1571 911 quidem
1600 859 1674 912 quse
1702 843 1730 897 in
1751 843 1871 914 imagine

214 947 362 1000 similitudo
386 954 441 1014 est3
471 946 648 1001 immutabilis
678 946 750 1002 enim
773 953 814 1000 est
836 964 910 1017 quae
932 947 959 1000 in
981 946 1101 1017 imagine
1122 947 1296 1016 imperatoris
1317 946 1475 1010 similitudo,
1502 948 1632 1018 quatinus
1658 948 1706 1019 qui
1736 951 1871 1019 conspicit

215 1053 362 1122 ’nnaginem
384 1053 460 1108 videt
480 1054 508 1106 in
530 1053 591 1123 ipss
613 1054 821 1122 imperatorem,
850 1060 879 1108 et
909 1053 1006 1107 itemm
1033 1053 1080 1123 qui
1110 1053 1178 1106 vidit
1199 1054 1395 1123 imperatorem
1417 1054 1568 1124 cognoscit,
1594 1055 1725 1125 quonism
1754 1056 1798 1109 hio
1820 1063 1872 1126 cst,

183 1160 263 1231 oqui
285 1161 314 1216 in
334 1160 464 1230 imagine.
506 1160 574 1214 ldeo
598 1161 671 1230 quod
692 1177 747 1213 nou
769 1161 926 1216 immutetur
947 1159 1093 1213 similitudo
1115 1159 1163 1229 qui
1186 1159 1305 1214 voluerit
1326 1177 1388 1213 eum
1409 1160 1529 1230 imagine
1551 1160 1645 1214 videre
1666 1162 1872 1232 imperatorem,

216 1266 289 1324 dicat
310 1283 447 1337 namque:
475 1267 536 1336 Ego
565 1273 594 1320 et
622 1266 772 1336 imperstor
800 1284 882 1321 unum
905 1284 1011 1332 summ,
1041 1283 1093 1336 ego
1123 1265 1246 1320 enimin
1269 1283 1302 1320 eo
1325 1283 1384 1320 sum
1407 1274 1434 1320 et
1457 1266 1505 1320 ille
1527 1267 1555 1322 in
1577 1285 1631 1332 me,
1659 1276 1686 1321 et
1709 1270 1784 1339 «qnod
1805 1287 1871 1324 con·

216 1373 299 1443 spicis
327 1374 354 1426 in
381 1390 436 1443 me,
464 1373 516 1427 hoc
537 1373 566 1427 in
593 1373 642 1430 illo
671 1373 758 1442 vides,
787 1381 816 1426 et
842 1373 917 1443 quod
945 1372 1036 1426 vidisti
1063 1372 1172 1441 inille,
1200 1374 1252 1426 hoc
1281 1373 1358 1426 sides
1385 1382 1412 1427 et
1442 1374 1468 1427 in
1497 1391 1550 1428 me.
1596 1374 1650 1439 Qui
1673 1376 1745 1430 enim
1767 1376 1871 1431 salutat

215 1479 364 1550 imaginem
385 1479 414 1533 in
434 1480 496 1549 ipsa
517 1480 619 1533 salutat
640 1479 841 1549 imperatorem.
886 1479 1034 1533 Enimvero
1054 1478 1128 1532 illius
1149 1479 1237 1533 forma
1260 1487 1288 1532 et
1309 1480 1415 1550 speclea
1437 1489 1479 1534 est
1501 1480 1592 1552 imago
1616 1482 1648 1535 et
1671 1483 1790 1537 cetera.

324 1576 407 1640 ltom
430 1578 536 1641 sancti
557 1575 724 1641 Anastasii
750 1576 896 1662 episcopi
911 1575 1116 1661 Theopoleos
1139 1575 1181 1639 ad
1199 1574 1396 1662 Symeonem
1419 1578 1608 1663 episcopum
1632 1577 1785 1643 Bostrae:
1810 1585 1871 1658 Sil,

173 1710 200 1751 to
216 1699 319 1763 patres,
340 1699 449 1762 oportet
470 1665 619 1747 secmrdum
641 1693 792 1764 eloquium,
813 1699 843 1747 ut
863 1699 893 1746 tu
916 1692 1023 1761 asseris,
1045 1692 1224 1762 interrogare,
1246 1693 1358 1762 insuper
1379 1699 1471 1747 autem
1493 1703 1522 1746 et
1543 1695 1672 1749 seniores.

322 1789 368 1853 Et
390 1801 609 1877 postpauca:
634 1795 732 1854 Sicut³
754 1799 826 1852 enim
849 1798 963 1852 ahsente
987 1798 1098 1868 quidem
1120 1798 1285 1868 imperatore
1307 1799 1399 1870 imago
1422 1800 1480 1854 eius
1502 1819 1553 1870 pro
1573 1819 1608 1854 eo
1630 1802 1769 1866 adoratur,
1790 1820 1869 1872 prac-

217 1915 294 1960 sente
317 1925 382 1976 ergo
405 1906 464 1975 ipso
486 1905 653 1975 superfluum
681 1915 723 1960 est
749 1906 906 1976 relinquere
936 1905 1051 1975 primam
1079 1905 1194 1958 tonnam
1218 1912 1245 1958 et
1267 1906 1383 1962 adorare
1405 1906 1562 1977 imaginem,
1590 1926 1680 1961 norme
1703 1910 1768 1979 quia
1790 1926 1870 1979 prse-

216 2013 303 2067 l'crtur
324 2022 437 2083 propter
457 2013 642 2083 praesentiam
664 2030 714 2082 pro
737 2029 793 2082 quo
815 2012 955 2078 adoratrrr,
976 2010 1132 2066 inhonorari
1155 2029 1217 2066 eum
1240 2013 1371 2081 oportet?

324 2109 367 2173 Et
390 2111 524 2174 iterum:
549 2113 648 2173 Sieut⁴
665 2119 737 2173 enim
753 2118 800 2189 qui
816 2119 925 2173 iniuriat
941 2118 1088 2188 imaginem
1104 2118 1277 2188 imperatoris
1291 2137 1409 2189 poenam
1426 2119 1525 2174 iustam
1541 2120 1684 2174 sustinebit
1707 2121 1785 2176 sicuti
1808 2140 1870 2177 eum

173 2242 200 2284 tt
217 2226 305 2296 ipsum
327 2226 518 2296 imperatorem
540 2226 715 2280 inhonorans.
748 2225 856 2279 Etenim
879 2225 998 2294 imagine
1019 2224 1086 2278 nihil
1110 2226 1184 2278 aliud
1207 2226 1342 2279 existente
1363 2226 1413 2282 nisi
1436 2226 1540 2296 lignum
1556 2243 1617 2280 cum
1633 2227 1771 2282 coloribus
1788 2245 1870 2284 ceras

216 2333 308 2386 mixtis
330 2339 358 2386 et
379 2333 600 2402 contemperatis,
622 2332 702 2385 simili
726 2332 807 2386 modo
830 2331 878 2402 qui
900 2332 1006 2402 signum
1028 2331 1175 2386 cuiuslibet
1198 2331 1343 2385 inhonorat
1364 2333 1391 2386 in
1408 2349 1470 2386 eum
1486 2332 1584 2401 ipsum,
1606 2333 1682 2387 euius
1698 2334 1803 2404 signum
1819 2343 1871 2404 est,

216 2439 302 2493 refert
324 2439 449 2492 iniuriam
471 2441 504 2494 et
527 2439 645 2493 cetera.

323 2535 363 2599 In
386 2536 521 2600 historia
543 2536 705 2621 tripertita
727 2533 801 2599 libri
825 2534 908 2598 sexti
933 2556 1003 2620 cap.
1022 2533 1274 2619 quadragesimo
1290 2534 1395 2620 primo
1413 2533 1612 2600 Sozomenus
1628 2537 1750 2622 inquit:
1776 2542 1871 2604 lllud⁵

217 2669 339 2722 quoque,
361 2653 436 2723 quod
457 2652 507 2706 sub
530 2652 637 2707 Iuliano
659 2652 795 2722 prouenit,
815 2668 927 2706 narrare
950 2668 1004 2705 non
1026 2651 1103 2704 sileo.
1147 2651 1211 2706 Euit
1232 2651 1305 2704 enim
1327 2651 1433 2722 signum
1456 2652 1567 2722 quidem
1589 2653 1696 2706 virtrttis
1718 2652 1817 2707 thr-isti
1841 2663 1870 2709 et

171 2775 200 2816 ac
216 2759 345 2813 indicium
378 2765 473 2812 eontra
505 2759 655 2829 principem
688 2758 846 2812 iracundiae
876 2758 939 2812 Ilei.
989 2757 1059 2811 Cum
1086 2759 1158 2812 enim
1187 2758 1345 2828 agnovisset
1379 2759 1406 2812 in
1433 2758 1572 2812 Caesarea
1602 2758 1723 2828 Philippi
1756 2760 1869 2815 civitate

216 2865 376 2935 pheniciae,
398 2883 481 2937 quam
496 2866 621 2920 Paneam
643 2864 789 2932 vocabant,
810 2865 915 2935 insigne
932 2864 1031 2918 Christi
1056 2882 1115 2918 esse
1138 2865 1321 2932 simulacrum,
1343 2866 1417 2935 quod
1440 2864 1579 2934 sanguinis
1601 2864 1719 2920 libersta
1734 2865 1869 2936 profluvio

216 2972 404 3040 constituerat,
430 2991 464 3026 eo
493 2972 619 3043 deposito
647 2990 725 3026 suam
754 2972 791 3026 ibi
819 2978 938 3025 statusm
964 2970 1120 3026 collocarit.
1166 2971 1246 3035 Quae
1268 2971 1390 3026 violento
1413 2972 1476 3042 igne
1498 2972 1533 3025 dc
1555 2972 1635 3026 eaelo
1657 2973 1773 3027 cadente
1795 2974 1870 3028 circa

217 3080 275 3133 cius
296 3087 392 3149 pectus
413 3080 502 3134 divisa
523 3089 565 3132 est
587 3085 615 3132 ot
637 3087 722 3149 eaput
743 3097 804 3132 curn
826 3078 934 3132 cervice
956 3095 1011 3132 una
1032 3085 1111 3147 porte
1133 3077 1270 3132 deiectum
1292 3086 1377 3148 atque
1400 3078 1426 3132 iu
1449 3086 1523 3132 terra
1545 3076 1642 3147 lixum,
1671 3079 1781 3149 reliqua
1802 3099 1868 3136 vero

216 3203 281 3256 pars
309 3185 441 3241 hactenus
467 3187 567 3240 restitit
596 3193 625 3240 et
650 3186 771 3240 fulminis
800 3185 928 3240 indicium
956 3184 1115 3238 reservarit.
1161 3184 1287 3240 Statuam
1316 3203 1382 3238 vero
1405 3184 1504 3238 Christi
1534 3193 1597 3238 trine
1627 3185 1739 3255 quidem
1767 3187 1868 3257 pagani

171 3309 198 3350 ao
216 3293 357 3347 trahentes
378 3292 579 3364 confregerunt.
625 3292 728 3346 Postea
749 3307 816 3346 vero
838 3291 984 3348 Christiani
1007 3291 1170 3362 colligentes
1192 3292 1220 3348 iu
1243 3291 1388 3346 ecelesiam
1409 3291 1629 3360 recondiderunt,
1658 3310 1714 3362 quo
1737 3291 1870 3347 hactenus

215 3409 378 3454 reservatur.

322 3496 404 3562 Item
429 3498 500 3583 ipse
525 3519 597 3583 cap.
622 3495 746 3562 XLII.:
771 3502 857 3560 Hoc⁶
878 3507 973 3576 itaque
995 3506 1179 3572 simulacrum,
1201 3505 1279 3559 sicuti
1302 3505 1386 3560 refert
1408 3505 1551 3570 Eusebius,
1572 3505 1691 3560 omniurn
1714 3505 1870 3575 passionum

215 3621 243 3666 et
266 3613 465 3682 aegritudinum
493 3613 613 3667 noscitur
639 3631 699 3666 esse
726 3612 964 3678 medicamentum,
991 3612 1067 3665 iuxta
1097 3612 1172 3681 quod
1199 3612 1336 3681 quaedam
1365 3611 1451 3666 herba
1472 3612 1617 3684 gemninat,
1646 3613 1722 3667 cuius
1749 3614 1870 3682 speciem

215 3720 308 3774 nullus
328 3727 438 3774 nostrae
460 3729 549 3774 terrae
571 3719 692 3773 modicus
715 3719 779 3773 licet
800 3727 928 3789 expertus
950 3719 1079 3788 agnovit,
1106 3718 1170 3772 mihi
1192 3735 1313 3788 namque
1337 3719 1453 3782 videtur,
1474 3719 1540 3789 quia
1562 3720 1726 3772 adveniente
1749 3719 1868 3773 Domino

170 3841 199 3883 tt
215 3828 321 3881 nullum
342 3827 503 3882 miraculum
525 3827 685 3897 nullumque
707 3823 871 3880 heneficium
893 3826 983 3895 putari
1004 3825 1088 3879 debet
1109 3824 1279 3878 incredulum
1303 3827 1336 3878 et
1358 3827 1477 3880 cetera.

322 3923 360 3987 In
384 3923 520 3989 historia
534 3922 715 4009 Anglorum
739 3921 815 3987 libri
831 3923 926 4008 primi
943 3945 1015 4008 cap.
1033 3920 1153 4002 XXV,
1178 3922 1271 3985 cuius
1295 3922 1438 3986 initium:
1464 3924 1642 3986 Roboranrsl
1662 3931 1869 3987 etrnfirmarione

214 4039 290 4094 beati
304 4040 391 4110 patris
406 4039 534 4110 Gregorii
549 4040 727 4110 hugrmtiuus,
742 4039 915 4093 confamulus
930 4037 1040 4104 (Jlrristi,
1062 4039 1109 4110 qui
1126 4046 1186 4091 erat
1201 4055 1262 4092 cum
1285 4056 1328 4100 eo,
1350 4038 1429 4092 rediit
1452 4039 1478 4092 in
1501 4057 1570 4109 opus
1586 4037 1662 4092 verbi
1682 4039 1866 4110 pervenitque

215 4146 394 4202 Britarmiam.
439 4147 507 4200 Erat
528 4164 564 4201 eo
585 4155 708 4216 tempore
730 4164 778 4200 rex
802 4145 961 4200 Edilbereth
983 4146 1010 4200 iu
1033 4145 1132 4198 Contio
1153 4145 1364 4214 potentissimus.

321 4243 365 4307 Et
387 4254 462 4330 post
485 4267 591 4329 pauca
621 4243 654 4307 in
685 4241 800 4307 eadem
830 4243 977 4329 sequitur
1000 4241 1153 4328 epistole:
1184 4247 1279 4305 Post⁸
1307 4253 1367 4305 dios
1389 4270 1455 4320 ergo
1477 4252 1551 4308 venit
1574 4253 1609 4306 od
1633 4251 1748 4307 insolam
1772 4269 1818 4306 rex
1837 4261 1867 4307 et

169 4373 197 4414 to
214 4359 336 4414 residens
357 4360 408 4413 suh
431 4361 495 4413 divo
517 4360 593 4414 iussit
609 4359 792 4430 Augtntiuum
815 4376 876 4413 cum
899 4359 978 4412 sociis
1000 4359 1035 4413 sd
1058 4376 1134 4412 suum
1157 4357 1259 4412 ibidem
1278 4358 1409 4413 advenire
1430 4358 1615 4429 conloquium.
1649 4359 1771 4414 Caverat
1786 4359 1869 4430 enim,

213 4485 248 4520 ne
270 4466 298 4520 in
320 4466 442 4536 aliquem
464 4467 574 4520 domum
596 4467 632 4520 ad
654 4483 684 4520 se
706 4466 847 4520 introirent
869 4467 955 4520 veteri
978 4484 1042 4520 usus
1062 4465 1187 4534 augurio,
1209 4482 1244 4520 ne
1266 4473 1432 4535 superventu
1455 4483 1514 4529 suo,
1535 4465 1557 4520 si
1574 4465 1641 4537 quid
1658 4465 1785 4522 maleficii
1801 4466 1868 4520 artis

213 4572 384 4642 habuissent,
405 4591 468 4627 eum
483 4573 639 4643 superando
660 4573 830 4643 deciperent.
868 4573 906 4626 At
927 4572 967 4626 illi
990 4590 1044 4626 non
1066 4572 1239 4640 daemonica,
1260 4573 1308 4624 sed
1331 4572 1424 4626 divina
1447 4572 1546 4626 virtute
1569 4573 1687 4642 praediti
1709 4572 1870 4640 veniebant,

213 4697 323 4734 enicem
355 4699 405 4750 pro
432 4680 535 4734 vexillo
562 4680 683 4734 serentes
713 4687 874 4750 argenteam
908 4688 936 4734 ct
963 4679 1108 4749 imaginem
1135 4678 1247 4732 Domini
1276 4679 1421 4732 salvatoris
1448 4679 1474 4732 in
1502 4678 1597 4734 tabula
1619 4679 1757 4747 depictam
1779 4679 1867 4734 laeta·

213 4787 329 4857 niasque
350 4795 480 4841 canentes
500 4804 551 4857 pro
573 4801 624 4842 sua
645 4788 723 4840 simul
748 4795 776 4840 et
797 4803 901 4856 eonrm,
922 4793 1034 4856 propter
1049 4802 1120 4856 quos
1135 4793 1164 4840 et
1182 4786 1218 4839 ad
1241 4803 1312 4856 quos
1334 4793 1476 4852 venerant,
1498 4786 1589 4840 salute
1610 4795 1725 4840 aeterua
1748 4785 1867 4839 Domino

168 4906 196 4946 so
213 4893 414 4964 supplicabant.

320 4990 402 5055 llom
426 4992 587 5078 sequitur:
610 4995 729 5056 Fertur⁹
751 5007 853 5064 sutem,
875 4999 941 5070 quis
962 4999 1216 5070 appropinquantes
1238 4998 1343 5051 ciuitati
1364 5015 1440 5052 more
1463 5015 1511 5052 suo
1534 5015 1595 5052 cum
1618 5015 1700 5054 cruce
1722 5007 1818 5052 sancta
1839 5005 1868 5054 ct

213 5107 332 5179 imagine
353 5108 446 5179 magni
468 5108 541 5178 regis
563 5108 664 5162 domini
686 5108 771 5162 nostri
793 5108 858 5161 lesu
879 5105 979 5160 (bristi
1001 5105 1071 5160 hanc
1094 5105 1242 5160 laetaniam
1271 5121 1390 5158 cornona
1417 5123 1486 5158 voce
1509 5104 1729 5159 modularentur:
1760 5105 1868 5175 Depre·

321 5347 440 5415 ddicat]
459 5370 491 5402 sc.
510 5354 610 5418 imago.
685 5353 717 5402 18
737 5350 946 5416 quadragesimo
964 5349 1031 5400 deest
1049 5347 1079 5399 P.
1153 5343 1330 5412 Sozomenus]
1350 5349 1516 5399 Zosemenus
1536 5347 1567 5398 P.

323 5577 352 5664 1)
375 5586 559 5655 Athanasius,
585 5585 685 5644 Oratio
709 5589 728 5643 3
751 5586 889 5643 adversus
911 5585 1055 5642 Arrionor
1077 5605 1101 5641 c.
1119 5589 1156 5652 5,·
1181 5585 1255 5659 (lprp.
1281 5583 1305 5652 I,
1330 5588 1356 5648 1,
1381 5587 1451 5642 439.
1557 5575 1589 5660 2)
1614 5581 1664 5656 Cf.
1691 5581 1776 5642 Conc.
1800 5581 1866 5639 Nec.

166 5711 195 5751 tt
213 5703 267 5750 act.
292 5693 366 5763 IV.;
389 5695 407 5750 l.
432 5695 450 5750 l.
475 5692 562 5762 XIH,
579 5697 629 5752 56.
700 5687 731 5770 3)
756 5691 872 5749 Ibidem.
942 5681 975 5772 4)
998 5690 1105 5748 Ibidem
1113 5713 1123 5761 ;
1147 5693 1167 5747 l·
1191 5692 1209 5747 l.
1235 5690 1321 5760 XIII,
1338 5694 1388 5748 57.
1459 5683 1490 5766 5)
1515 5689 1712 5761 Cassiodorus,
1737 5687 1868 5746 [suedo

213 5800 359 5877 tripartita
382 5799 426 5858 VI
436 5820 461 5857 c.
477 5803 534 5870 41;
559 5801 656 5876 Opera
679 5800 722 5856 ed.
741 5797 874 5866 GaretI,
890 5801 962 5858 297.
1003 5798 1035 5854 V.
1052 5817 1142 5873 supra
1160 5817 1194 5872 p.
1211 5800 1275 5856 487
1298 5799 1315 5852 l.
1334 5799 1372 5855 17
1384 5817 1445 5873 sqq.
1535 5789 1567 5876 6)
1590 5795 1666 5854 [bid.
1691 5817 1714 5854 c.
1732 5799 1791 5864 42,·
1810 5796 1828 5851 l.
1846 5795 1865 5851 l.

214 5899 246 5982 Ἰ)
261 5907 354 5978 Beda,
370 5907 500 5964 ffistoria
517 5907 672 5984 duplorum
688 5906 709 5963 I
720 5926 742 5962 c.
756 5911 815 5975 25,·
840 5905 913 5981 (φρ
929 5905 972 5962 ed.
991 5903 1070 5963 Oiles
1085 5903 1125 5974 II,
1139 5908 1207 5963 100.
1277 5895 1309 5978 8)
1326 5901 1443 5960 Ibidem.
1513 5897 1545 5983 9)
1562 5902 1657 5973 Ιὸίᾱ.;
1672 5905 1693 5960 l.
1709 5904 1728 5959 l.
1740 5902 1781 5972 Π,
1797 5905 1865 5961 102.
