4884 6717
519 491 584 554 558
1001 499 1054 553 46.
1091 497 1310 557 CONCILIUM
1335 498 1535 554 ROMANUM
1558 497 1596 551 A.
1617 495 1692 552 826.

518 686 615 748 tionis
646 706 720 748 cum
751 707 871 770 magno
902 684 1025 749 honore
1057 697 1154 771 atque
1184 686 1299 749 timore
1330 682 1428 748 dehet
1458 681 1634 749 observare
1665 696 1698 747 et
1724 684 1848 747 nonin
1870 682 1943 747 aliis
1967 704 2087 747 vacare
2111 683 2174 748 nisi

519 792 665 855 oratione
700 802 734 855 et
767 790 809 854 ad
846 791 1019 856 ecclesiam
1050 790 1116 854 Dei
1147 812 1345 856 concurrens
1380 799 1557 876 praecepta
1586 789 1699 853 divina
1733 813 1806 854 cum
1842 790 2028 853 reverentia
2061 788 2175 853 audire

518 908 650 983 totoque
675 896 773 962 corde
797 899 979 984 percipere,
1005 896 1140 961 credere
1165 909 1198 961 et
1217 897 1363 983 operari3
1388 907 1421 960 et
1436 919 1555 983 corpus
1572 895 1704 977 Christi,
1729 895 1816 982 qnod
1832 907 2051 978 consecratur,
2075 895 2174 981 digne

519 1003 671 1068 studeant
693 1026 869 1069 assumere.

627 1128 660 1192 X
676 1129 760 1214 (11).
795 1127 921 1213 Itaque,
945 1128 1062 1192 fratres
1086 1128 1160 1207 mei,
1185 1149 1298 1196 omnes
1317 1126 1515 1192 admonendi
1535 1139 1567 1191 et
1583 1126 1723 1191 docendi
1739 1149 1759 1191 a
1774 1137 1884 1191 vestra
1899 1128 2072 1192 sanctitate
2088 1137 2173 1209 sunt,
2192 1151 2206 1190 s

519 1243 554 1299 ut
585 1234 694 1316 fidem,
730 1257 827 1321 quam
861 1237 894 1299 in
927 1233 1122 1321 baptismate
1155 1235 1383 1320 promiserunt,
1417 1243 1565 1299 tenentes
1597 1235 1746 1298 timorem
1779 1234 1854 1316 Dei,
1887 1244 1953 1298 tam
1984 1235 2046 1298 viri
2077 1257 2174 1320 quam

519 1341 649 1422 femine,
673 1364 732 1428 pro
757 1341 859 1406 oculis
882 1341 1026 1406 habeant
1049 1353 1081 1405 et
1105 1342 1284 1408 orationem
1309 1339 1505 1405 dominicam
1529 1364 1568 1406 ac
1592 1338 1776 1426 symbolum
1799 1363 1915 1427 parare
1940 1353 1972 1405 et
1988 1341 2176 1405 memoriter

519 1449 659 1512 retinere
690 1471 755 1512 non
779 1448 965 1533 neglegant,
997 1459 1032 1512 ut
1062 1446 1150 1534 quod
1180 1447 1278 1512 corde
1303 1446 1440 1511 credunt
1470 1447 1727 1534 oreproferant,
1751 1458 1787 1512 ut
1810 1459 2009 1533 cognoscant
2032 1470 2077 1529 se,
2109 1470 2175 1533 qua

520 1554 705 1620 conditione
729 1577 787 1619 seu
812 1554 970 1640 religione
995 1554 1106 1641 adepti
1130 1566 1279 1620 sanctum
1301 1553 1465 1639 baptisma
1488 1567 1564 1619 sunt
1586 1554 1735 1640 professi,
1758 1563 1794 1619 ut
1818 1553 1940 1618 Christi
1963 1554 2117 1618 mandata
2140 1555 2175 1618 in

519 1661 669 1726 omnibus
694 1684 889 1726 conservare
909 1661 1060 1725 studeant
1076 1673 1109 1725 et
1125 1660 1237 1726 divino
1253 1659 1405 1725 mandato
1422 1660 1531 1725 Deum
1548 1671 1581 1725 et
1595 1661 1780 1747 proximum
1797 1659 1943 1745 diligant,
1967 1672 2003 1724 ut
2018 1662 2174 1747 scriptum
2194 1684 2222 1722 ro

341 1786 500 1879 unppqu·
520 1779 585 1832 est:
618 1769 745 1855 Dilr'pea
776 1769 936 1832 domiuum
961 1769 1064 1832 Deam
1088 1783 1172 1831 tuam
1197 1793 1237 1832 θη
1258 1782 1318 1832 toto
1341 1768 1434 1832 corde
1458 1782 1508 1832 tao
1536 1783 1564 1833 et
1586 1792 1625 1832 aa
1647 1782 1708 1831 tear
1731 1771 1844 1832 virtute
1867 1782 1920 1832 tua
1944 1782 1974 1833 et
1989 1771 2174 1854 premiorum

341 1867 502 1994 Iphopppqu
520 1890 605 1939 taam
621 1879 744 1940 sicutte
760 1877 875 1961 ipsam,
892 1875 1045 1960 quoniam
1062 1875 1189 1939 dilectio
1201 1876 1351 1964 proximi
1362 1874 1480 1937 malum
1496 1898 1557 1938 ηοη
1574 1888 1722 1960 operatur
1730 1899 1740 1956 ,·
1763 1873 1849 1937 unde
1866 1884 1899 1938 et
1913 1874 2091 1939 Dominus:
2112 1874 2179 1952 Qut

384 1977 390 1989 ’
422 1975 428 1994 '
495 1977 631 2067 'diliqz't
658 2007 706 2046 rue
735 2005 906 2046 sermonem
938 2006 1036 2045 reema
1060 1983 1207 2064 servabit,
1239 1995 1268 2046 et
1296 2005 1350 2067 epo
1382 1981 1516 2067 dilipam
1547 2005 1615 2046 eum
1640 1995 1669 2045 et
1690 1981 1849 2045 ostendam
1874 1984 1906 2046 ei
1926 2005 1973 2045 nte
1996 1984 2113 2067 speum,
2143 1990 2176 2044 et

386 2114 502 2163 area.
520 2090 653 2152 itemm:
689 2088 754 2166 Qui
780 2112 843 2152 non
867 2088 976 2174 dilr'pit
998 2112 1056 2166 are,
1086 2111 1243 2152 sermones
1272 2111 1354 2151 meos
1382 2111 1445 2151 ηοη
1473 2102 1587 2166 seruat,
1617 2088 1709 2152 habet
1738 2090 1798 2173 qui
1821 2087 1940 2152 iudicet
1962 2113 2039 2152 eum.
2087 2087 2175 2150 Hinc

388 2220 503 2270 naara.
521 2193 658 2259 lacobus
682 2195 744 2258 ait:
771 2194 812 2258 Si
833 2197 905 2279 qais
928 2208 1020 2258 totam
1047 2195 1140 2280 lepem
1166 2195 1386 2274 observaverit,
1411 2194 1552 2280 offendat
1573 2208 1673 2258 autem
1698 2196 1733 2258 r'n
1758 2219 1829 2274 une,
1845 2195 1960 2281 factas
1975 2197 2173 2259 calomniam
2195 2214 2221 2254 ut

520 2328 600 2365 reas.
642 2301 730 2381 Quid
754 2301 841 2364 enim
865 2310 914 2364 est
937 2300 998 2363 hoc
1022 2322 1122 2364 unum
1145 2300 1208 2365 nisi
1224 2321 1304 2363 vera
1320 2309 1352 2364 et
1368 2299 1514 2385 perfecta
1537 2300 1666 2381 caritas,
1692 2322 1790 2385 quam
1813 2301 1988 2386 unicuique
2012 2323 2076 2364 non
2100 2298 2175 2364 sub·

520 2408 593 2472 dole
618 2408 771 2472 convenit
794 2406 995 2470 observare?

628 2532 677 2595 XI
694 2532 777 2618 (12).
805 2532 849 2595 Et
866 2531 937 2612 hoe,
957 2531 1083 2610 fratres,
1101 2530 1277 2596 admonere
1294 2540 1430 2617 oportet,
1447 2540 1492 2612 ut,
1510 2553 1583 2594 cnm
1602 2529 1727 2610 deceat,
1743 2531 1789 2594 ita
1805 2542 1931 2595 castum
1946 2532 2049 2617 possit
2065 2529 2175 2595 obser-

360 2665 502 2712 eenaaa.
520 2641 591 2702 vari
616 2640 812 2723 coniugium,
843 2639 920 2724 quia
950 2637 1107 2723 seriptum
1138 2648 1203 2700 est:
1235 2637 1265 2700 A
1290 2638 1359 2702 Deo
1383 2639 1615 2724 preparabitur
1641 2639 1756 2702 mulier
1779 2642 1859 2718 m'ro,
1890 2648 1938 2701 et:
1974 2638 2067 2716 Quod
2087 2638 2177 2703 Deus

360 2749 683 2820 stne.1o‚aeom'aaaeit
705 2747 794 2809 horno
818 2769 880 2808 ηοη
902 2759 1033 2831 separet.
1070 2743 1189 2807 Videat
1213 2743 1410 2829 quicumque
1435 2755 1484 2808 est
1513 2743 1567 2807 illc
1599 2754 1632 2807 θῖ
1660 2742 1830 2829 intellegat
1853 2745 1908 2830 qui
1932 2744 1997 2808 Dei
2020 2757 2176 2831 precepta
2193 2765 2222 2804 ao

520 2853 707 2932 contemnit,
732 2850 872 2938 qualiter
895 2852 957 2914 erit
980 2849 1184 2930 iudicandus,
1215 2850 1277 2913 nisi
1303 2849 1477 2914 emendare
1502 2849 1678 2934 studuerit,
1710 2852 1766 2936 qui
1796 2862 1910 2915 contra
1940 2850 2053 2914 divine
2081 2873 2175 2937 prae·

521 2971 617 3047 cepta
651 2960 814 3045 propriam
850 2957 1078 3021 dissociaverit
1113 2979 1244 3020 carnem
1279 2958 1394 3020 merito
1429 2956 1466 3021 fit
1501 2956 1777 3022 condemnandus.
1832 2958 1947 3043 Itaque
1982 2969 2015 3021 et
2049 2958 2106 3044 qui
2141 2980 2175 3021 se

522 3067 664 3130 iunxerit
694 3065 859 3128 meretrici
891 3086 1009 3149 corpus
1034 3063 1155 3126 Christi
1188 3073 1220 3126 et
1243 3061 1399 3148 templum
1423 3063 1489 3127 Dei
1512 3063 1676 3128 maculare
1700 3063 1848 3128 attendit.
1887 3063 2016 3146 Videte,
2047 3065 2176 3146 fratres,

520 3172 630 3236 videte
661 3183 694 3236 ct
725 3170 872 3256 diligenti
904 3193 983 3234 cura
1011 3168 1180 3249 attendite,
1211 3191 1252 3232 ne
1286 3170 1358 3254 quis
1388 3169 1489 3233 faciat
1520 3168 1666 3233 membra
1689 3171 1879 3252 meretricie,
1911 3172 1996 3234 sicut
2019 3171 2176 3257 scripturn

353 3302 502 3350 iconam.
522 3289 586 3343 est:
614 3279 680 3356 Qui
699 3279 829 3342 adheret
851 3280 1012 3341 meretrici
1032 3301 1127 3340 ernam
1152 3301 1267 3361 corpus
1290 3277 1441 3363 efficitur.
1488 3275 1605 3340 Melius
1629 3299 1769 3362 namque
1801 3287 1859 3358 est,
1891 3288 1936 3358 ut,
1968 3278 1995 3340 si
2026 3278 2082 3362 qui
2106 3278 2175 3341 sine
2194 3295 2222 3336 aa

387 3409 502 3457 n.r,s.e.
522 3408 624 3448 uxore
655 3395 713 3466 est,
745 3385 772 3447 si
802 3392 919 3469 potest,
952 3384 999 3445 sic
1029 3393 1169 3462 maneat,
1201 3382 1229 3444 si
1260 3392 1368 3445 autem
1399 3404 1465 3446 non
1496 3404 1531 3445 se
1562 3383 1715 3464 continet,
1746 3381 1857 3463 nubat,
1888 3404 1940 3464 ne,
1969 3382 2056 3468 quod
2080 3381 2176 3464 absit,

386 3515 504 3564 renas.
523 3490 686 3555 diabolica
709 3492 917 3574 instigatione
933 3511 953 3552 a
970 3489 1042 3553 Deo
1067 3502 1236 3574 separatus
1260 3487 1411 3552 videatur
1434 3499 1467 3553 et
1489 3499 1613 3574 pereat,
1638 3499 1672 3553 nt
1695 3489 1850 3574 seriptum
1875 3498 1940 3553 est:
1968 3490 2035 3567 Qui
2055 3491 2179 3576 elonpat

522 3625 554 3664 se
577 3626 595 3662 a
621 3599 689 3662 Deo
706 3599 836 3684 peribit.
885 3594 1076 3660 Cavendum
1102 3609 1159 3676 cst,
1193 3617 1235 3658 ne
1266 3617 1324 3681 pro
1348 3593 1404 3658 tali
1435 3593 1531 3681 culpa
1560 3618 1728 3681 parvaque
1752 3606 1784 3659 et
1808 3594 1934 3659 caduca
1955 3596 2051 3660 istam
2074 3598 2176 3659 vitam

522 3704 638 3792 perdat
661 3704 833 3790 quispiam,
857 3703 965 3767 carnis
989 3699 1192 3787 subsequens
1217 3700 1425 3782 voluntatem,
1451 3713 1617 3766 aeternam
1642 3712 1674 3765 et
1697 3701 1885 3786 angelorum
1909 3703 2108 3766 societatem.

630 3811 732 3890 Haec,
756 3809 873 3872 fratres
897 3808 1109 3888 dilectissimi,
1141 3807 1329 3892 diligentius
1359 3830 1417 3893 pro
1442 3807 1508 3871 Dei
1531 3831 1640 3873 amore
1670 3819 1845 3895 nostraque
1876 3807 2056 3895 apostolica
2077 3810 2175 3873 intar-
2194 3829 2223 3868 so

523 3919 675 3981 veniente
699 3917 929 3996 admonitione,
955 3938 1039 4001 quae
1064 3913 1160 3978 hodie
1176 3913 1271 3977 vobis
1288 3913 1410 3978 relecta
1429 3927 1513 3994 sunt,
1538 3915 1743 3979 attendentes
1760 3912 1935 3979 observare
1953 3927 1985 3979 et
2000 3915 2176 3980 admonere

524 4034 705 4111 procurate,
729 4036 765 4086 ut
788 4045 893 4086 sermo
917 4022 981 4085 Dei
1006 4045 1026 4084 a
1049 4019 1143 4084 vobis
1174 4021 1207 4083 in
1231 4019 1381 4084 omnibus
1405 4020 1629 4085 indifferenter
1651 4033 1830 4107 percurrat,
1861 4044 1903 4086 ne
1926 4022 2088 4105 inimicus,
2120 4024 2176 4108 qui

343 4155 505 4202 austeus.
524 4143 558 4195 ut
581 4131 632 4195 leo
656 4131 787 4214 rugiens
812 4129 940 4214 quaerit
963 4152 1060 4214 quem
1085 4127 1230 4208 devoret,
1254 4126 1362 4190 locum
1385 4128 1575 4191 vastationis
1599 4128 1753 4209 inveniat,
1786 4139 1909 4191 uttam
1933 4127 2055 4192 relecta
2077 4151 2176 4216 quam

525 4239 622 4302 etiam
653 4259 736 4323 quac
767 4234 873 4300 adhuc
904 4235 958 4321 pio
990 4234 1211 4298 moderamine
1243 4245 1276 4297 et
1298 4245 1406 4297 vestro
1438 4232 1588 4318 synodali
1613 4233 1751 4297 concilio
1783 4234 2005 4298 confirmanda
2032 4235 2178 4300 existunt

524 4342 674 4408 omnihus
697 4342 869 4430 proficiant
891 4341 934 4405 ad
957 4340 1105 4420 salutem,
1131 4341 1208 4427 quia
1231 4341 1287 4426 qui
1310 4362 1405 4403 aures
1429 4339 1555 4404 clausas
1579 4339 1736 4404 admoniti
1760 4338 1881 4404 habere
1904 4351 2083 4406 noscuntur
2105 4343 2176 4406 sine
2194 4360 2222 4402 ss

525 4449 623 4516 dubio
648 4450 812 4535 desperati
843 4448 994 4511 existunt.
1041 4447 1156 4533 Itaque
1187 4444 1337 4511 omnibns
1363 4446 1584 4532 praedicando
1608 4447 1766 4511 curiosius
1790 4445 1971 4529 subvenite,
2002 4470 2043 4511 ne
2067 4447 2179 4535 aliqua

526 4557 763 4644 desperatione,
796 4554 883 4641 quod
906 4554 998 4618 Deus
1028 4576 1093 4617 non
1122 4554 1290 4639 permittit,
1321 4553 1489 4638 promissis
1520 4554 1652 4639 premiis
1682 4551 1779 4616 alieni
1803 4554 1954 4635 existant,
1986 4553 2045 4618 sed
2068 4555 2178 4618 omnia

525 4664 736 4728 observantes
767 4662 891 4726 aeterni
923 4662 1015 4745 regni
1040 4661 1215 4747 participes
1247 4659 1366 4723 divinis
1397 4658 1535 4745 dapibus
1565 4668 1751 4722 mereantur
1777 4660 1927 4724 inveniri.
1973 4661 2066 4725 Haec
2090 4662 2176 4725 enim

525 4771 675 4857 quamvis
705 4791 811 4855 pauca
835 4767 930 4832 dictis
961 4767 1133 4847 sufficiant,
1170 4767 1334 4830 erastino¹
1366 4789 1444 4831 vcro
1467 4766 1540 4830 Deo
1571 4764 1730 4851 largiente
1759 4789 1818 4852 pro
1852 4766 1971 4831 affectu
2002 4768 2176 4832 universae

525 4875 630 4964 plebis
654 4875 776 4940 Christi
800 4886 832 4938 et
855 4873 920 4937 alia
942 4883 1016 4938 sunt
1039 4872 1188 4937 dicenda.
2193 4892 2223 4932 so

632 5077 728 5126 t'1111.
757 5079 773 5127 2
793 5083 992 5141 praereptaque
1014 5075 1045 5123 G.

633 5167 666 5214 Χ.
696 5160 837 5231 ἵρηιητθ]
856 5172 1021 5214 correctorem
1036 5179 1176 5228 properare
1195 5179 1245 5210 uon
1264 5161 1351 5211 audeo.
1425 5163 2014 5229 8credit—proferat-cognoscet(1¹.

633 5257 681 5308 Xl.
712 5258 744 5305 ts
764 5270 825 5303 cum
850 5247 955 5314 deccat]
981 5253 1115 5301 conderet
1136 5251 1168 5300 G.
1258 5251 1456 5300 observaret).
1544 5253 1573 5301 19
1600 5247 1690 5314 Quod]
1719 5255 1807 5313 Quam
1828 5253 1860 5303 G.
1940 5255 1974 5303 28
1992 5269 2129 5318 parvaque
2149 5260 2178 5304 et

526 5340 639 5408 caduca]
658 5345 694 5394 ita
714 5345 745 5404 G,
772 5344 913 5407 voluptate
932 5342 1076 5390 adrimetum
1094 5357 1143 5390 esse
1161 5339 1250 5390 mairie
1268 5357 1289 5390 v.
1308 5340 1339 5390 cl.
1359 5338 1391 5389 E.
1406 5339 1498 5390 Sceleri.
1580 5343 1613 5391 34
1632 5358 1702 5407 quac
1721 5342 1787 5391 deest
1806 5343 1838 5390 G.
1919 5344 1952 5392 38
1972 5338 2096 5406 inveniri]
2115 5360 2178 5393 unm

526 5436 643 5484 recreari
663 5433 791 5498 lepeadaru
810 5433 865 5483 est?
937 5434 970 5480 39
989 5430 1107 5479 sullis-iat
1128 5431 1160 5480 G.
2194 5461 2224 5501 ω

637 5610 665 5690 1)
690 5615 771 5671 Haec
794 5613 918 5689 capitula
943 5631 1009 5688 erpo
1033 5611 1077 5666 aie
1102 5614 1147 5669 Η.
1174 5610 1245 5667 Noa
1271 5615 1335 5668 826
1352 5610 1502 5684 proposita
1525 5610 1654 5667 videratur
1677 5633 1743 5669 esse.
