4884 6717
540 491 604 554 854
760 496 971 551 APPENDIX.
1022 492 1074 550 10.
1106 493 1324 551 CONCILIUM
1347 491 1617 549 FLORIACENSE
1642 493 1815 551 SPURIUM
1838 494 1874 550 Α.
1892 493 1966 549 839.

540 710 635 772 usque
658 685 704 750 ad
725 709 842 749 annum
860 692 934 752 866.
951 683 1054 748 sedem
1078 707 1168 747 suam
1191 683 1357 762 obtinebat,
1374 682 1503 784 pch'qui
1523 707 1627 746 omnes
1650 682 1797 746 eeclesias
1820 683 1965 769 repebant
1986 684 2066 746 inter
2089 705 2189 747 annos

540 798 617 860 823.
642 806 671 856 et
693 801 770 873 867,
796 793 910 856 rectius
933 790 975 872 (u.
1001 814 1081 876 quae
1104 789 1150 854 ad
1163 789 1363 853 Amutricmn
1385 788 1594 853 Turonensem
1617 791 1849 874 annotabimus)
1882 792 1962 854 inter
1989 813 2087 853 annos
2110 797 2187 855 849.

538 914 568 964 et
589 909 681 980 8554
710 913 846 985 apparet
874 922 979 962 corum
1010 899 1175 961 conventui
1195 900 1342 961 interesse
1371 921 1433 960 non
1455 897 1597 982 putruisse
1619 896 1842 960 Hludowicum
1867 898 2085 983 imperatorem
2109 895 2188 978 (stt

539 1009 682 1090 —840),
707 1007 797 1069 cethus
819 1005 965 1090 aequalis
981 1007 1111 1090 primus
1127 1006 1344 1090 episcoporum
1361 1003 1530 1089 Iladulfus
1545 1003 1760 1067 Bituriccnsis
1785 1002 2002 1087 (845-866)
2028 1027 2088 1066 non
2103 1004 2186 1090 fuit.

539 1113 646 1198 Aeque
663 1113 810 1198 displicet
825 1112 1003 1176 documenti
1014 1111 1046 1174 A
1063 1113 1177 1197 prima
1196 1135 1287 1197 pars.
1328 1109 1464 1196 Radulfi
1486 1110 1595 1174 titulus
1618 1109 1736 1194 (prime
1760 1108 1846 1172 sedis
1870 1109 2046 1195 Aquitania
2068 1108 2222 1173 Bituri·s

539 1219 684 1282 censium
707 1217 987 1305 archiepiscopus)
1019 1220 1213 1283 annuariam
1244 1231 1289 1282 est
1317 1219 1392 1281 usui
1412 1217 1535 1281 saecuti
1556 1219 1649 1297 noni,·
1678 1216 1887 1281 Hindawicus
1916 1238 1976 1279 rex
2006 1216 2124 1281 dicitm
2150 1242 2189 1280 ac

539 1324 606 1389 dux
629 1334 737 1388 nostre
766 1326 887 1409 patrie3
912 1327 1070 1413 fabulosa
1101 1338 1275 1389 narrantur
1306 1324 1344 1388 de
1371 1325 1505 1387 historia
1529 1325 1715 1388 monasterii
1734 1322 1972 1403 Masciacensis,
2003 1324 2041 1387 de
2064 1323 2188 1387 Karoia

539 1432 667 1519 Mapno,
691 1432 729 1496 cle
750 1432 863 1496 Turcis
880 1432 1023 1517 denique,
1048 1435 1107 1517 qui
1127 1458 1148 1495 a
1170 1432 1378 1517 scriptoribus
1400 1431 1596 1494 saeculorum
1614 1432 1718 1494 octoni
1738 1454 1776 1502 ac
1798 1432 1877 1494 noni
1890 1432 2000 1516 potius
2016 1429 2192 1494 Sarraceni

539 1540 750 1625 appellantur.
786 1539 952 1603 Mittamus
974 1553 1158 1624 orpumenta
1181 1563 1196 1602 c
1217 1562 1329 1625 periere
1352 1538 1515 1601 uerborum
1540 1536 1713 1622 desumpta,
1737 1561 1783 1600 ecc.
1798 1561 1847 1624 pr.
1873 1537 1932 1601 itta
1956 1538 2049 1601 umba
2072 1534 2187 1599 nobili-

539 1646 617 1709 tatio
637 1656 669 1709 et
684 1644 817 1709 libertas
835 1649 1028 1726 mrrnasterii,
1052 1644 1277 1709 anctoritatem
1294 1643 1479 1708 auctoritati
1495 1642 1660 1725 conferre3
1684 1643 1716 1706 A
1739 1646 1807 1708 stite
1831 1644 1926 1708 dubio
1949 1666 2029 1730 apra
2044 1644 2191 1732 falsarii
2211 1667 2236 1703 ra

539 1753 701 1817 cuiusdam
720 1767 772 1832 est,
796 1752 899 1837 quiB
923 1777 1043 1838 quoque
1067 1767 1176 1817 temere
1200 1753 1345 1839 confecit.
1382 1751 1479 1831 Nam,
1504 1764 1536 1814 ut
1551 1753 1670 1837 paucis
1688 1752 1859 1832 absolvam,
1884 1775 1973 1836 quem
1997 1748 2188 1836 Stephanum

535 1884 655 1945 papam
679 1859 817 1922 stoma?
869 1859 977 1922 Utrum
1002 1873 1147 1944 quartum
1174 1859 1254 1942 (816
1261 1861 1403 1944 -e1r)‚
1432 1860 1522 1922 euius
1545 1860 1627 1921 anni
1646 1883 1707 1922 non
1731 1858 1892 1943 quadrant
1912 1882 2009 1943 neque
2033 1859 2067 1921 in
2090 1881 2189 1921 annos

539 1966 673 2052 liudulfi
695 1990 749 2028 nec
773 1980 941 2029 ceterorum
966 1967 1195 2052 cpiscoporum,
1219 1991 1261 2029 an
1285 1967 1425 2051 quintum
1452 1965 1682 2049 (uss—691),
1707 1967 1766 2051 qui
1785 1965 1906 2028 nullius
1929 1978 1984 2028 aut
2004 1963 2192 2028 Hludowici

538 2072 597 2136 Pii
616 2086 671 2137 aut
693 2074 871 2159 cuiuspiam
896 2075 1039 2158 episcopi
1059 2074 1134 2160 fuit
1156 2074 1325 2158 aequalia?
1359 2072 1517 2137 Abhorret
1539 2073 1647 2136 titubas
1665 2096 1773 2159 papae
1797 2071 1876 2157 (non
1899 2071 1965 2135 suis
1986 2069 2109 2134 meritis
2125 2069 2188 2133 Ro·

538 2201 653 2242 manae
685 2178 802 2242 eclesie
827 2178 972 2265 praesul)
996 2206 1017 2243 a
1040 2180 1271 2259 connsuetudinc,
1302 2204 1381 2265 quae
1412 2182 1505 2243 etiam
1536 2179 1683 2259 violatur,
1714 2204 1782 2243 cum
1809 2178 2015 2243 Hludowicus
2038 2191 2067 2242 et
2088 2176 2188 2262 lmpe·
2210 2198 2236 2238 rs

537 2293 626 2348 rator
649 2283 827 2349 Galliarum
859 2301 888 2350 et
914 2308 973 2348 rex
997 2287 1183 2372 appelletur.
1231 2285 1384 2373 Sinpulac
1415 2286 1549 2370 denique
1579 2288 1789 2350 concessiones
1818 2287 1942 2350 atienae
1972 2298 2044 2349 sunt
2064 2310 2085 2348 a
2107 2297 2189 2348 statu

537 2394 676 2457 aliern'us
698 2395 885 2458 monasterii
904 2394 1028 2457 succedo
1052 2417 1133 2457 nono
1149 2394 1366 2480 pricilepiati,
1392 2407 1425 2456 ut
1443 2395 1551 2477 potius
1574 2416 1627 2456 eas
1650 2406 1808 2480 conpoctas
1831 2416 1955 2457 caucos
1972 2392 2096 2456 saeculo
2112 2390 2188 2454 duo-

537 2499 667 2582 decimo,
690 2503 723 2564 si
743 2501 835 2564 modo
859 2514 938 2564 recte
962 2499 1000 2564 de
1023 2514 1121 2564 aetate
1137 2501 1285 2587 falsarii
1307 2499 1521 2564 iudicauimus
1544 2498 1579 2582 (l.
1598 2500 1618 2562 l.
1637 2523 1673 2585 p.
1691 2503 1781 2582 391).

644 2607 826 2671 Editianem
846 2610 948 2693 ipsam
966 2609 1011 2670 ita
1029 2608 1232 2687 instituimus,
1258 2621 1289 2670 ut
1304 2609 1403 2670 teutui
1416 2606 1608 2692 cuemplaris
1623 2605 1819 2670 Parisiensis
1835 2607 1915 2670 leues
1930 2605 2188 2692 adsperperemus

536 2728 740 2794 correcturos,
768 2728 936 2800 postquam
958 2715 1092 2801 frustra
1123 2716 1156 2778 in
1188 2714 1318 2777 arabico
1342 2713 1544 2777 Bituricensi
1571 2712 1609 2777 de
1639 2713 1809 2777 traditione
1840 2714 2003 2776 uetustiore
2029 2712 2077 2775 uei
2094 2713 2188 2798 fonte
2206 2732 2234 2772 eo

536 2821 656 2885 codicis
678 2820 710 2883 P
728 2824 947 2908 inoestipaturn
971 2833 1023 2885 est.

645 2953 718 3009 En.-
749 2952 963 3029 Wcrminphoff,
988 2951 1092 3010 ‘Neues
1114 2952 1234 3009 Archio'
1259 2952 1353 3008 XXX
1365 2944 1484 3026 (1905),
1502 2955 1572 3011 397.

642 3146 841 3241 Radulsusl
871 3176 974 3262 prime
1005 3174 1092 3239 sedis
1122 3175 1300 3261 Aquitania
1332 3174 1584 3240 Bituricensium
1620 3173 1886 3261 archiepiscopus
1917 3173 2065 3239 omnibus
2096 3172 2188 3238 Chri-

536 3283 660 3347 stianis.

643 3387 727 3454 Cum
751 3388 891 3454 ecclesia
913 3389 981 3454 Dei
1003 3391 1037 3453 in
1059 3390 1272 3453 unanimitate
1298 3388 1530 3454 catholicorum
1553 3389 1651 3453 totius
1674 3388 1787 3453 mnndi
1811 3411 1877 3453 una
1899 3389 1950 3471 sit,
1981 3399 2013 3452 ct
2042 3387 2188 3452 membra
2206 3409 2235 3449 ss

536 3494 658 3560 Christi
677 3495 800 3582 ubique
816 3497 961 3580 gentium
977 3497 1011 3559 in
1028 3495 1140 3559 electis
1157 3495 1305 3582 dispersa
1320 3519 1420 3560 unuin
1436 3518 1554 3582 corpus
1571 3494 1709 3560 eclesiae
1726 3496 1880 3578 efficiunt,
1905 3495 2050 3560 eiusdem
2066 3493 2187 3559 Christi

384 3734 518 3786 narras.
537 3708 679 3773 corditer
701 3709 826 3772 inereat
859 3719 891 3772 et
914 3709 1116 3795 principetur
1138 3708 1229 3772 velut
1259 3721 1358 3796 caput
1388 3711 1516 3795 corpori
1546 3711 1639 3773 iuxta
1668 3707 1749 3773 illud
1779 3708 1882 3773 divini
1904 3707 2016 3773 Pauli:
2047 3709 2087 3774 In
2117 3712 2187 3796 ipso

537 3819 618 3880 enirn
644 3819 780 3880 uiuimus
803 3831 831 3880 et
853 3840 1012 3880 moueraur
1035 3830 1063 3881 et
1084 3841 1202 3895 samiis,
1234 3817 1359 3902 etipse
1383 3817 1675 3902 estcaputtotius
1699 3815 1848 3880 ecclesie.
1888 3814 1918 3877 V
1920 3838 1955 3879 os
1978 3814 2101 3895 fideles,
2131 3816 2187 3901 qui

537 3932 625 3986 tanto
661 3923 768 4007 capite
803 3920 973 3986 nobiscum
1008 3921 1209 4007 gloriamini,
1246 3921 1393 3986 eiusdem
1428 3921 1596 3987 beneficiis
1630 3921 1725 3986 nobis
1755 3922 1988 4006 benignissime
2015 3923 2187 4008 impertitis
2207 3942 2235 3982 sc

358 4027 630 4104 1.cor,1s,ss.nobis
666 4026 887 4114 congratulari
923 4026 1066 4110 debetis,
1103 4050 1177 4093 cum
1212 4031 1369 4115 scriptum
1404 4030 1461 4093 sit:
1502 4031 1586 4093 Dum
1619 4029 1737 4116 pandet
1769 4055 1862 4093 unam
1899 4030 2086 4110 menbrum,
2124 4045 2187 4093 tam

419 4193 424 4200 .
533 4136 673 4224 pandent
706 4139 813 4201 omnia
848 4137 995 4200 membra.
1042 4135 1142 4221 Ergo,
1179 4134 1398 4218 dilectissimi,
1434 4135 1636 4221 gaudeamus
1670 4136 1705 4199 in
1739 4134 1793 4199 illo
1829 4136 1935 4221 capite
1969 4147 2096 4218 nosue,
2131 4136 2188 4222 qui

535 4264 659 4306 summe
689 4240 805 4323 banus,
841 4265 861 4305 a
895 4264 959 4328 quo
995 4253 1027 4305 ct
1061 4264 1120 4329 per
1154 4264 1252 4329 quem
1287 4254 1319 4307 et
1353 4244 1387 4306 in
1422 4264 1486 4328 quo
1521 4241 1618 4324 bona,
1654 4243 1710 4328 qui
1739 4241 1833 4307 bonis
1863 4242 1947 4306 votis
1977 4264 2035 4305 suc
2070 4241 2187 4306 eclesie

534 4371 600 4413 uon
635 4347 755 4412 desinit
788 4371 849 4412 nec
885 4347 1012 4413 desinet
1045 4349 1079 4413 in
1113 4361 1308 4435 perpetuum
1343 4349 1512 4413 consulere
1546 4350 1635 4434 ipse,
1672 4371 1745 4412 curn
1776 4348 1870 4412 malis
1893 4348 2058 4430 timorem,
2093 4346 2186 4413 bonis

356 4480 513 4531 utranam.
534 4477 612 4519 vcro
644 4455 815 4519 conserens
846 4454 1110 4538 consolationem,
1141 4478 1336 4520 ascensurus
1367 4458 1401 4520 in
1425 4454 1562 4537 coelum,
1594 4455 1729 4519 dixerit:
1761 4457 1843 4520 Eece
1866 4480 1920 4544 epo
1943 4458 2100 4521 uobiscum
2124 4479 2187 4520 om-
2207 4478 2236 4518 ss

534 4564 626 4627 nibus
650 4563 760 4627 diebus
790 4587 887 4647 usquc
917 4563 963 4627 od
991 4566 1285 4628 consummationem
1309 4564 1417 4642 secali,
1446 4563 1515 4627 acsi
1538 4561 1678 4626 diceret:
1710 4561 1864 4626 ‘lusistite
1888 4560 1992 4643 bonis,
2022 4561 2188 4649 reprimite

533 4668 629 4750 mala,
654 4668 742 4754 quia,
767 4670 827 4730 etsi
853 4687 988 4754 corpore
1013 4667 1158 4751 discedo,
1189 4679 1349 4755 potestate
1379 4680 1488 4733 tamen
1512 4691 1672 4756 nusquam
1696 4667 1810 4732 desum
1834 4690 1895 4733 nec
1919 4669 2028 4750 deero,
2060 4668 2119 4732 sed
2145 4690 2188 4732 ex

534 4773 599 4839 alto
624 4784 814 4860 suspectans
845 4775 978 4856 intente,
1011 4786 1118 4839 certus
1149 4774 1325 4840 retributor
1356 4776 1437 4840 cro'.
1484 4776 1577 4840 Haec
1608 4786 1640 4839 et
1669 4775 1734 4839 alia
1764 4774 1989 4840 exhortamina
2019 4797 2062 4839 ex
2091 4774 2186 4840 dictis

534 4891 567 4946 ct
590 4881 685 4945 factis
710 4880 832 4948 domini
856 4880 930 4946 Iesu
954 4879 1048 4945 nobis
1072 4866 1223 4946 sufficere
1247 4882 1291 4945 ad
1306 4884 1542 4948 correctionem
1559 4881 1726 4963 deberent,
1751 4893 1787 4946 ut
1802 4883 2025 4970 unusquisque
2042 4893 2187 4947 nostrum

534 4988 726 5074 scripturam
751 4986 811 5052 sub
835 4989 950 5053 timore
975 4988 1040 5052 Dei
1064 4987 1186 5073 legens,
1219 4987 1463 5053 christianitatis
1493 4990 1565 5054 iura
1587 4988 1727 5053 fideliter
1751 4987 1927 5076 complens,
1959 5011 2070 5054 omncs
2093 4999 2186 5054 actus
2205 5013 2235 5052 so

639 5208 673 5256 23
693 5204 851 5273 liudulphus
871 5206 901 5257 Ρ.
993 5208 1026 5257 25
1047 5200 1082 5270 st]
1101 5205 1224 5270 inteltips:
1244 5208 1283 5256 ita
1302 5208 1391 5257 etiam.
1477 5209 1509 5259 tt
1530 5202 1656 5271 collecta}
1676 5215 1771 5258 contra
1789 5208 1821 5268 P,
1846 5207 2040 5258 wartiaticum
2054 5208 2188 5274 proposuit

532 5295 597 5345 ach
612 5295 645 5344 Α.
659 5295 751 5345 Gereke
765 5295 1015 5361 Gryphisualdensis.
1071 5297 1105 5345 28
1124 5289 1239 5359 inerant]
1258 5295 1381 5361 intelliye:
1400 5296 1532 5348 inherent.
1586 5298 1620 5346 29
1640 5292 1789 5360 movemur]
1806 5299 1948 5348 inovcmur
1968 5297 1999 5348 P.
2054 5300 2083 5348 31
2106 5298 2186 5348 nobis

532 5378 728 5448 congratulari]
748 5384 890 5434 nobiscnm
909 5383 1042 5449 gratulari
1062 5383 1092 5433 Ρ.
1160 5386 1194 5434 35
1214 5384 1283 5434 dixit
1301 5383 1332 5434 P.
1397 5380 1547 5449 vobiscum]
1565 5387 1666 5450 supple:
1685 5403 1753 5440 sum.
1820 5388 1855 5437 36
1874 5387 2134 5437 consummationem
2157 5385 2186 5435 Ρ.

532 5474 566 5522 38
585 5480 746 5537 suspectans
761 5493 792 5511 =
806 5473 973 5537 suspiciens;
998 5471 1033 5538 ef.
1053 5471 1147 5523 Psalm.
1168 5477 1230 5534 101,
1244 5476 1285 5522 20.
1353 5489 1385 5524 ax
1403 5474 1470 5524 deest
1488 5473 1519 5525 Ρ.
1592 5477 1626 5525 39
1646 5476 1844 5541 correptionem
1864 5474 1895 5526 Ρ.
1961 5477 1996 5525 40
2014 5469 2186 5540 scripturam]

531 5563 663 5627 scriptum
683 5561 713 5615 P.
788 5556 892 5626 legens]
911 5578 1008 5626 regens
1029 5561 1059 5613 P.
2205 5575 2236 5617 st

642 5742 670 5810 l)
702 5745 904 5803 843-866.
959 5743 1006 5800 De
1037 5743 1114 5800 titulo
1148 5743 1189 5814 cf.
1226 5741 1325 5801 Gallia
1360 5743 1517 5802 christiana
1552 5743 1592 5814 II,
1625 5744 1705 5802 instr.
1735 5765 1768 5821 p.
1792 5748 1839 5805 11.
1864 5750 1906 5806 23
1921 5766 1999 5823 sqq.,·
2036 5765 2064 5804 u.
2102 5745 2184 5802 mam

534 5849 571 5907 F.
596 5849 760 5919 Schneider,
784 5848 888 5906 ‘Nares
912 5849 1031 5907 Archio'
1057 5849 1186 5920 XXXII,
1203 5853 1337 5927 trosqq.
