4884 6717
736 539 787 596 50.
825 539 1045 598 CONClLIUM
1070 540 1296 596 PARISIENSE
1320 541 1358 596 A,
1378 539 1453 596 829.
1856 535 1918 597 671

266 738 299 791 et
321 732 376 791 ut¹
402 727 583 812 virginitas,
608 727 691 792 sicut
716 726 864 792 doctores
889 729 1010 792 nostri²
1032 727 1174 808 tradunt,
1199 749 1302 813 usque
1327 727 1370 792 ad
1392 727 1522 813 nuptias
1552 729 1593 792 sit
1621 727 1844 809 custodienda,
1869 733 1923 792 et⁸

265 855 385 898 uxores
409 832 566 897 habentes
590 855 696 919 neque
721 834 859 920 pelicem
891 857 997 921 neque
1029 832 1244 900 concubinam
1274 833 1395 898 habere
1426 833 1578 916 debeant,
1610 834 1793 921 quomodo⁴
1823 837 1921 902 etiam

264 941 298 1003 in
323 941 471 1004 castitate
495 962 615 1004 uxores
639 963 714 1004 suas
739 939 875 1026 diligere
901 943 1013 1027 eisque
1037 953 1147 1028 utpote
1172 942 1243 1004 vasi
1259 941 1428 1004 infirmiori
1445 939 1600 1006 honorem
1618 940 1762 1006 debitum
1779 940 1922 1006 debeant

266 1047 454 1133 inpendere,
479 1059 511 1110 et
535 1045 643 1133 quod⁵
666 1049 854 1112 commixtio
879 1048 1018 1113 carnalis
1043 1072 1115 1113 cum
1140 1046 1297 1111 uxoribus
1329 1049 1436 1132 matis
1466 1048 1536 1112 ficri
1567 1047 1686 1112 debeat
1715 1048 1825 1134 prolis,
1855 1072 1919 1114 non

233 1151 452 1239 svoluptatis,
477 1164 509 1217 et
532 1153 693 1240 qualiter⁶
716 1176 736 1217 a
760 1155 847 1218 coitu
875 1156 1103 1241 pregnantium
1134 1177 1274 1219 uxorum
1297 1155 1376 1218 viris
1407 1153 1635 1219 abstinendum
1667 1156 1717 1236 sit,
1751 1166 1783 1219 et
1813 1155 1922 1242 qu0d⁷

265 1260 328 1323 uisi
353 1281 452 1324 causa
475 1260 709 1342 fornicationis,
733 1272 769 1324 ut
784 1261 945 1325 Dominus
969 1263 1023 1344 ait,
1047 1284 1112 1326 non
1136 1263 1178 1325 sit
1201 1284 1285 1325 uxor
1301 1260 1504 1343 dimittenda,
1522 1261 1580 1325 sed
1597 1262 1704 1348 potius
1721 1262 1920 1343 sustinenda,
1939 1264 2055 1368 “iiiiii

265 1377 299 1431 et
321 1367 432 1453 quod⁸
454 1366 498 1448 hi,
524 1367 579 1453 qui
604 1389 704 1431 causa
728 1368 951 1432 semiustionis
977 1368 1117 1433 dimissis
1141 1366 1299 1432 uxoribus
1323 1370 1390 1432 suis
1414 1368 1495 1432 alias
1519 1368 1652 1450 ducunt,
1683 1369 1818 1433 Domini
1849 1392 1920 1434 sen-

266 1474 368 1536 tentia
391 1473 530 1537 adulteri
554 1496 626 1538 esse
649 1486 811 1556 notentur,
845 1476 914 1538 sive
939 1477 1037 1539 etiam
1062 1475 1200 1561 qualiter
1230 1476 1377 1539 incesta⁰
1407 1499 1427 1539 a
1450 1474 1644 1540 Christianis
1669 1476 1817 1541 cavenda
1846 1478 1920 1556 sint,
1940 1494 2010 1535 ern.

266 1591 299 1643 et
329 1580 416 1666 quod
428 1585 454 1622 ¹⁰
480 1579 552 1645 loca
575 1581 649 1645 Deo
674 1580 783 1645 dicata
806 1582 1007 1667 frequentius
1039 1581 1253 1668 devotiusque
1284 1605 1303 1646 a
1332 1581 1482 1646 fidelibus
1514 1582 1556 1646 ad
1579 1582 1689 1647 Deum
1720 1583 1921 1648 exorandum

222 1713 249 1753 ro
267 1685 394 1772 sibique
418 1688 594 1774 propitium
618 1686 804 1752 faciendum
828 1688 892 1751 sint
916 1687 1076 1770 adeunda,
1108 1702 1140 1752 ct
1163 1688 1287 1774 quodll
1311 1689 1345 1752 in
1368 1687 1514 1752 basilicis
1538 1689 1612 1753 Deo
1645 1689 1761 1754 dicans
1785 1713 1850 1754 non
1881 1692 1922 1754 sit

267 1791 386 1857 fabulis
410 1794 521 1858 otiosis
545 1793 760 1880 turpibusque
786 1806 818 1857 et
841 1793 991 1858 obscenis
1008 1794 1326 1859 sermotinationibus
1342 1795 1527 1859 vacandum
1545 1807 1577 1860 et
1594 1797 1726 1882 negotia
1742 1796 1923 1862 saecularia

267 1897 465 1987 publicaque
496 1899 617 1986 placita
645 1899 798 1964 habenda
828 1913 860 1964 et
884 1901 971 1986 quod
1002 1902 1059 1987 qui
1088 1901 1169 1965 hacc
1205 1903 1239 1965 in
1270 1901 1417 1966 ccelesiis
1440 1902 1506 1966 Dci
1541 1903 1666 1967 faciunt
1699 1905 1824 1968 maiora
1859 1902 1921 1967 sibi

267 2017 405 2092 peccata
421 2006 638 2086 adcumulent,
664 2006 704 2070 dc
716 2012 742 2050 11
765 2008 850 2072 iusto
867 2006 987 2071 iudicio
1004 2007 1179 2073 iudicando
1204 2021 1236 2072 et
1252 2031 1421 2072 muncrum
1447 2010 1637 2095 acceptione
1662 2009 1819 2089 cavenda,
1843 2008 1922 2074 de¹²³

268 2111 350 2176 falso
374 2114 558 2178 testimonio
575 2113 709 2177 vitando
727 2125 759 2177 et
784 2113 823 2178 de
836 2120 861 2157 ¹⁴
886 2114 1086 2179 detractione
1112 2115 1260 2179 cavenda
1284 2137 1411 2179 necnon
1435 2127 1467 2179 et
1491 2115 1531 2179 de
1556 2118 1684 2198 ceteris,
1714 2139 1797 2203 quae
1829 2116 1920 2181 dinu-

224 2241 395 2285 numerare
420 2220 551 2306 longum
575 2231 632 2285 est.
681 2220 764 2285 Sunt
788 2223 886 2285 etiam
911 2233 943 2285 et
973 2220 1038 2285 alia
1067 2221 1162 2307 plura
1193 2221 1317 2308 flagitia
1347 2203 1591 2308 pernecessario
1623 2223 1826 2308 corrigenda,
1857 2247 1920 2312 que

267 2350 327 2391 nos
351 2328 424 2392 ideo
448 2328 501 2392 hic
525 2329 668 2392 inserere
692 2350 756 2392 non
787 2330 1008 2394 necessarium
1039 2328 1202 2408 duximus,
1238 2330 1392 2415 quoniam
1428 2330 1505 2393 satis
1536 2329 1706 2394 evidenter
1739 2330 1773 2394 in
1803 2332 1920 2395 vestris

268 2434 419 2521 capitulis
444 2434 690 2519 conpraehensa
713 2457 784 2498 esse
809 2436 939 2514 scimus,
964 2458 1027 2520 que
1051 2458 1109 2500 vos
1133 2446 1242 2500 vestra
1265 2436 1457 2500 auctoritate
1482 2447 1514 2500 et
1536 2435 1680 2501 fidelium
1697 2437 1845 2502 consultu
1861 2459 1921 2524 per

267 2553 416 2605 strenuos
439 2542 556 2605 missos
579 2552 704 2605 vestros
729 2540 923 2627 corrigenda
947 2564 1018 2606 esse
1043 2542 1262 2606 censuistis¹⁵.

2152 2193 2161 2232 1

310 2672 315 2682 “
375 2665 458 2751 (tu).
494 2665 597 2752 Cap.
621 2665 682 2731 ΙΙΙ.
728 2665 788 2729 De
823 2667 999 2730 iniustis
1034 2665 1390 2752 inequalibusque
1425 2669 1631 2732 mensuris
1664 2678 1788 2754 atque
1821 2691 1919 2755 pon·

222 2797 249 2836 ss
267 2771 439 2837 deribu
452 2796 478 2836 s.
516 2773 569 2837 Dc
580 2777 607 2815 11
629 2794 854 2837 mensurarum
870 2795 1010 2859 namque
1026 2772 1257 2859 inaequalitate
1283 2785 1315 2837 et
1338 2773 1454 2837 modiis
1471 2775 1598 2838 iniustis
1615 2787 1647 2839 et
1663 2776 1817 2858 sestariis,
1835 2798 1919 2862 quae

375 2992 414 3041 11.
449 2993 465 3041 2
491 2987 694 3052 (conculbinsm
719 2990 750 3042 P.
842 2994 857 3041 3
881 2998 977 3058 utpote
999 3027 1006 3041 .
1026 2987 1191 3055 (inilirmiori
1219 2991 1251 3042 P.
1342 2995 1357 3043 5
1378 2987 1463 3055 coitu}
1489 2995 1582 3060 cogitu
1602 2993 1629 3046 V,
1721 2995 1785 3044 viris
1804 2994 1871 3044 deest
1889 2993 1919 3044 P.

267 3081 367 3131 uait.
388 3116 394 3130 .
414 3095 483 3130 uxor
501 3079 532 3131 P.
610 3075 764 3144 uxloribus)
783 3082 840 3131 suis
860 3080 891 3130 P.
974 3076 1121 3145 Sincesta]
1141 3084 1277 3132 incessata
1296 3081 1327 3131 P.
1409 3099 1426 3132 a
1447 3079 1633 3144 (Christilanis
1653 3082 1684 3136 P.
1768 3086 1797 3133 11
1818 3099 1920 3135 sermo·

267 3171 449 3221 cinationibus
469 3169 500 3219 P.
575 3172 607 3219 14
627 3170 660 3219 de
679 3170 745 3220 decet
765 3169 795 3219 P.
868 3170 1046 3221 denumerare
1066 3171 1093 3219 l'.
1168 3173 1200 3221 16
1220 3164 1358 3235 quonism]
1378 3170 1452 3235 quod
1471 3170 1503 3221 P.

375 3260 429 3309 111.
461 3260 492 3308 19
513 3258 578 3324 Cap.
600 3259 655 3308 ΙΙΙ.
672 3258 763 3309 desum
783 3258 813 3308 P.

221 3462 249 3502 ss
378 3441 406 3510 1)
431 3438 480 3512 Cf.
504 3439 592 3496 Ionas
606 3440 715 3510 Aurea,
738 3439 785 3496 De
807 3439 976 3497 instinctione
998 3439 1096 3496 laicali
1111 3440 1146 3496 II
1164 3445 1227 3500 c.2
1248 3441 1362 3497 lerrrma:
1386 3440 1427 3497 Ut
1451 3443 1500 3512 qui
1522 3459 1623 3498 uxores
1646 3443 1750 3497 ducere
1767 3443 1918 3512 voluerint,

267 3551 341 3604 sicut
364 3566 412 3604 eas
435 3556 527 3603 castas
552 3554 582 3602 et
597 3547 774 3618 incorruptas
790 3548 907 3618 cupiunt
923 3548 1061 3616 invenire,
1087 3548 1126 3602 sic
1150 3549 1185 3602 ad
1210 3565 1259 3603 eas
1283 3549 1353 3603 casti
1379 3555 1409 3604 ct
1432 3550 1586 3620 incorrupti
1610 3549 1746 3604 studeant
1769 3552 1918 3608 accedere.

268 3655 300 3724 2)
333 3653 383 3726 Cf.
413 3673 486 3729 qnae
516 3652 603 3710 Ionas
625 3654 645 3709 l.
669 3654 687 3709 l.
718 3654 808 3725 affert
843 3674 879 3710 ex
908 3654 1073 3730 Auyustino.
1188 3653 1218 3722 3)
1249 3653 1324 3710 Ibid.
1349 3653 1386 3710 ΙΙ
1410 3673 1434 3710 c.
1458 3655 1539 3712 11(
1569 3655 1614 3711 De
1646 3658 1839 3713 conservanda
1861 3656 1919 3714 fide

266 3764 342 3818 inter
363 3763 452 3815 virum
476 3768 506 3816 et
529 3777 642 3815 tuorem
667 3769 696 3815 et
720 3762 795 3831 quod
819 3778 875 3816 non
897 3760 985 3817 liccat
1007 3779 1101 3833 neque
1125 3762 1256 3833 pellicem
1280 3780 1375 3832 neque
1399 3763 1583 3817 concubinam
1599 3763 1716 3818 habere.
1786 3757 1819 3834 4)
1843 3762 1919 3820 Ibid.

266 3868 302 3924 H
321 3871 381 3926 c.5
404 3868 441 3923 1.·
465 3865 547 3930 Quod
571 3867 621 3921 riri
645 3868 673 3920 in
697 3868 831 3923 castitate
855 3885 956 3923 uxores
979 3887 1043 3924 suas
1066 3868 1186 3940 diligere
1212 3869 1310 3939 eisquc
1335 3876 1436 3940 utpote
1461 3870 1519 3923 vasi
1542 3868 1685 3924 infirmiori
1709 3869 1843 3925 honorem
1867 3871 1918 3927 de·

221 3994 249 4035 eu
266 3976 354 4030 beant
376 3975 554 4046 impendere.
659 3973 689 4042 5)
713 3972 788 4030 loia.
814 3973 850 4030 ΙΙ
868 3979 929 4032 cb'
952 3975 988 4030 l..·
1020 3973 1102 4038 Quod
1126 3993 1188 4029 cum
1211 3976 1346 4030 uxoribus
1369 3976 1461 4030 carnis
1484 3977 1642 4031 commixtio
1665 3978 1757 4046 grstia
1780 3976 1843 4033 fieri
1866 3979 1917 4034 de·

265 4082 335 4138 best
364 4081 460 4153 prolis,
491 4098 547 4135 uon
577 4079 739 4152 voluptatis.
839 4081 870 4149 6)
895 4079 970 4137 Ibid.
994 4080 1030 4136 Π
1049 4101 1071 4138 c.
1091 4084 1110 4139 7
1132 4083 1169 4137 l..·
1193 4080 1301 4137 Contra
1324 4100 1383 4148 eos,
1408 4083 1456 4153 qui
1480 4101 1497 4137 a
1520 4083 1597 4138 coitu
1618 4100 1733 4138 uxorum
1757 4103 1917 4156 praegnan-

266 4189 335 4243 tium
358 4206 389 4244 se
411 4188 524 4244 minime
548 4188 692 4243 abstinere
717 4188 825 4243 debere
849 4189 1033 4243 contendunt.
1127 4187 1157 4255 1)
1181 4186 1257 4244 Ibid.
1282 4187 1318 4244 Π
1336 4206 1360 4244 c.
1381 4192 1421 4247 12
1444 4189 1481 4244 l..·
1505 4187 1588 4252 Quod
1611 4190 1664 4244 nisi
1688 4208 1774 4246 causa
1796 4190 1917 4247 fornica-

266 4296 360 4362 tionis,
383 4303 415 4349 ut
437 4295 575 4350 Dominus
598 4295 648 4360 ait,
679 4313 735 4350 non
758 4295 794 4349 sit
818 4312 886 4349 uxor
910 4295 1089 4362 dimittenda,
1115 4296 1166 4350 sed
1190 4297 1286 4366 potius
1309 4296 1487 4362 sustinenda,
1518 4315 1591 4370 qaae
1614 4295 1698 4352 rerba
1723 4296 1805 4352 etiam
1827 4317 1918 4374 surpra

265 4399 360 4457 omnia
383 4408 545 4457 occurrunt.
636 4401 667 4470 8)
691 4399 766 4457 Ibid.
792 4400 828 4456 II
852 4419 875 4455 c.
900 4404 940 4458 13
963 4403 1000 4457 1.(
1032 4400 1114 4466 Quod
1144 4401 1183 4469 hi,
1215 4403 1262 4473 qui
1293 4421 1379 4457 causa
1410 4402 1611 4470 fornicationis,
1644 4404 1764 4459 dimissis
1787 4406 1918 4461 uxoribus

221 4526 248 4567 rs
265 4507 333 4573 suis,
358 4507 427 4562 alias
450 4508 567 4574 ducunt,
592 4508 703 4562 Domini
720 4508 866 4562 sententia
881 4507 1004 4564 adulteri
1022 4526 1084 4564 esse
1101 4517 1248 4572 natantum
1274 4507 1335 4564 iteru
1360 4517 1389 4564 at
1410 4528 1510 4584 snpra.
1587 4510 1618 4566 9)
1642 4509 1717 4566 Idid.
1743 4510 1778 4566 II
1796 4515 1858 4570 c.8
1880 4513 1917 4568 1..·

266 4614 311 4669 De
336 4613 461 4669 incestis.
556 4611 607 4682 10)
632 4612 706 4669 Ibid.
731 4612 753 4669 J
770 4632 793 4669 c.
811 4616 846 4672 11
871 4615 908 4670 1.(
933 4613 1015 4679 Quod
1039 4617 1075 4670 ad
1099 4616 1249 4670 ecclesiam
1273 4617 1370 4671 orandi
1394 4617 1485 4686 gratis
1507 4616 1676 4688 frequenter
1699 4618 1843 4673 conveniri
1865 4619 1916 4674 dc·

265 4721 344 4777 best.
386 4720 418 4775 V.
442 4739 533 4795 snpra
555 4719 601 4775 lib.
618 4719 654 4776 II
672 4739 695 4776 c.
716 4724 751 4779 11
777 4719 887 4776 concilii
908 4719 1069 4776 Parisicnsi
1094 4715 1135 4796 (p.
1156 4725 1217 4780 663
1232 4717 1289 4796 eq.)
1313 4730 1339 4778 et
1361 4721 1449 4779 lonae
1475 4721 1670 4780 instinctionem
1695 4723 1802 4799 sepiam
1827 4744 1849 4781 c.
1867 4727 1916 4784 13.

269 4827 321 4895 11)
345 4826 420 4884 leid.
446 4826 463 4882 1
484 4847 506 4882 c.
524 4829 564 4885 13
587 4829 623 4883 L:
647 4825 731 4890 Quod
753 4828 782 4881 in
807 4829 927 4883 ecclesia
949 4828 1007 4883 Dei
1029 4845 1085 4883 non
1109 4830 1146 4883 sit
1161 4829 1257 4883 otiosis
1273 4830 1461 4901 turpibusque
1478 4830 1582 4885 fabulis
1597 4833 1763 4898 vacandum,
1789 4839 1818 4887 et
1842 4834 1917 4904 quod

266 4935 315 5006 qui
336 4934 408 4990 haec
431 4934 540 4989 faciunt
563 4951 619 4989 uon
641 4933 729 4989 sulum
752 4935 806 4990 sibi
829 4943 977 5006 peccatum
1000 4953 1056 4990 non
1079 4937 1214 5004 minuant,
1240 4937 1291 4990 sed
1315 4937 1399 4991 ctiam
1422 4938 1526 4993 maiora
1549 4937 1737 4994 accumulent.
1781 4937 1811 4994 V.
1827 4959 1918 5014 supra

220 5038 364 5098 «stall
382 5059 406 5095 c.
423 5042 463 5098 12
486 5033 528 5115 (p.
546 5035 690 5116 664³qu
715 5048 740 5096 et
763 5039 852 5096 Ionae
873 5040 1070 5096 instinctionem
1093 5041 1199 5117 repient
1225 5062 1248 5099 c.
1265 5045 1314 5102 11.
1431 5042 1483 5112 12)
1508 5042 1582 5099 Ibid.
1607 5043 1643 5099 II
1661 5064 1683 5100 c.
1704 5047 1745 5104 21
1770 5047 1807 5101 1.·
1837 5045 1916 5102 Iuste

265 5147 446 5202 iudicandum
470 5153 501 5202 et
523 5165 668 5202 munerum
692 5148 888 5218 acceptionem
910 5148 1064 5203 vitandam.
1166 5149 1217 5218 13)
1249 5148 1324 5206 Ibid.
1350 5149 1383 5205 11
1403 5170 1426 5206 c.
1449 5155 1491 5209 26
1514 5152 1552 5206 l..·
1583 5151 1627 5206 Dc
1652 5151 1723 5207 falso
1746 5153 1915 5210 testimonio.

268 5251 638 5322 14)1bta.111c.71..·
668 5253 713 5307 De
738 5255 926 5309 clamatione.
1044 5253 1095 5324 15)
1129 5254 1178 5326 Cf.
1203 5255 1370 5312 Hludorcici
1391 5257 1549 5332 capitulare
1572 5257 1718 5315 murorum
1742 5263 1805 5318 829
1828 5253 1916 5333 (MG.

267 5357 360 5434 Capit.
383 5358 497 5429 11,14,·
522 5356 730 5416 ΜιῖΙιίὸαοΙιεν2
752 5380 780 5416 n.
797 5356 883 5434 867),
907 5362 985 5437 quod
1005 5360 1041 5418 ab
1065 5361 1214 5418 editoribus
1229 5370 1255 5418 ct
1272 5362 1458 5420 Mitblbaclrer
1480 5383 1574 5422 masse
1588 5364 1713 5440 Anqusto
1737 5365 1917 5436 adscribimr,

265 5485 285 5522 a
309 5465 421 5523 &unua
444 5458 476 5539 (l.
500 5467 519 5522 1.
543 5461 659 5534 J,378)
683 5465 761 5522 initio
784 5466 856 5524 anni
877 5470 949 5526 829.
1022 5467 1073 5538 16)
1099 5467 1148 5539 Cf.
1172 5468 1274 5525 relatio
1296 5469 1488 5545 cpiscoporum
1513 5491 1535 5526 c.
1552 5473 1592 5529 51
1609 5472 1698 5540 ruccl.;
1721 5474 1740 5528 l.
1764 5474 1783 5528 l.
1808 5472 1848 5542 II,
1865 5476 1916 5533 11.

219 5590 247 5631 ss
271 5572 304 5628 V.
329 5572 411 5629 etiarn
435 5590 524 5647 suipra
543 5593 576 5647 p.
594 5575 656 5631 595
680 5592 702 5628 c.
722 5575 749 5631 7.
792 5573 840 5644 Cf
866 5574 963 5630 concil
987 5575 1153 5631 Arelatense
1176 5579 1237 5633 813
1260 5594 1283 5631 c.
1302 5579 1349 5646 15,
1374 5576 1535 5633 Turonense
1553 5580 1613 5636 813
1637 5598 1659 5634 c.
1676 5581 1726 5649 15,
1752 5579 1858 5638 Kar-oli
1873 5580 1916 5636 M.

264 5678 390 5753 capitatia
414 5699 429 5735 e
451 5678 604 5736 canonibus
627 5688 762 5754 excepta
782 5684 843 5740 813
867 5701 891 5736 c.
908 5683 956 5751 13,
981 5681 1146 5738 leulouici
1168 5683 1301 5757 cpbtolae
1323 5683 1365 5739 α(1
1385 5683 1612 5760 archiepiscopos
1634 5677 1760 5762 818119,
1784 5706 1810 5744 v.
1835 5686 1917 5743 etiarn

264 5785 364 5842 conat.
382 5784 545 5842 Parisiensc
561 5789 624 5845 829
647 5785 691 5841 lib.
709 5786 730 5842 I
748 5807 771 5843 c.
789 5790 845 5856 51;
867 5808 958 5863 supra
980 5791 1054 5847 252.
1071 5793 1143 5847 292.
1159 5793 1231 5847 296.
1248 5793 1319 5848 133.
1338 5793 1398 5849 611
1408 5811 1450 5865 sq.
1490 5791 1568 5848 Alios
1591 5792 1664 5848 locos
1687 5793 1777 5864 affert
1793 5793 1916 5862 Kranae,

265 5889 341 5950 Mo.
368 5890 460 5967 Capit.
485 5891 525 5962 II,
545 5896 586 5952 11
609 5912 679 5949 ann.
695 5896 746 5952 47.
