4884 6717
724 553 776 610 50.
813 552 1033 611 conclamat
1055 553 1282 611 PARISIENSE
1306 556 1343 611 A.
1364 553 1439 611 829.
1838 548 1903 612 635

250 762 288 805 eo
312 738 400 804 idem
422 741 537 805 vitium
560 763 620 827 per
642 740 769 805 infinita
792 740 923 805 saecula
946 740 1150 806 saeculorum
1170 742 1333 828 punietur.
1368 741 1510 806 Proinde
1528 740 1678 806 omnibus
1695 740 1788 806 nobis
1804 740 1901 807 valde

249 848 468 911 necessarium
491 848 598 912 risum
622 858 680 928 est,
704 857 740 912 ut
763 846 898 935 quidam
914 847 1111 929 sacerdotes,
1136 849 1192 935 qui
1208 848 1270 913 hoc
1286 849 1401 913 vitium
1417 848 1520 931 ahter,
1545 870 1643 934 quam
1659 850 1744 914 sacri
1760 871 1902 915 canones

249 954 407 1034 sanciant,
437 976 502 1018 non
533 953 746 1037 adsalutem,
778 953 836 1019 sed
860 953 902 1018 ad
926 953 1154 1041 deceptionem
1183 955 1367 1020 animarum
1390 956 1539 1042 puniunt,
1571 955 1776 1041 corrigantur
1799 965 1831 1020 et
1853 957 1900 1020 in-

249 1071 423 1141 struantur,
447 1071 483 1125 ut
506 1059 675 1125 codicibus
698 1060 985 1148 poenitentialibus
1009 1083 1140 1148 prorsus
1164 1059 1325 1126 abdicatis
1336 1068 1357 1143 1,
1381 1084 1441 1149 per
1463 1083 1545 1149 quos
1569 1062 1659 1127 multi
1683 1063 1774 1126 inani
1794 1075 1901 1149 spect

216 1167 461 1253 opmmissione
492 1166 622 1255 decepti
652 1179 727 1233 suut
756 1180 789 1232 et
819 1166 1038 1254 decipiuntur,
1071 1166 1190 1233 abhinc
1218 1179 1400 1255 patratores
1423 1179 1490 1233 tam
1514 1168 1737 1233 nefandissimi
1761 1168 1900 1257 Deoque

248 1271 448 1337 detestabilis
472 1275 543 1339 vitii
567 1274 745 1339 secundum
769 1274 927 1339 iudicium
951 1275 1154 1354 canonicum,
1179 1274 1267 1361 quod
1290 1276 1322 1339 in
1338 1274 1553 1340 Anchiritano
1570 1275 1708 1340 concilio
1725 1274 1785 1340 sub
1807 1275 1899 1341 titulo

248 1379 359 1465 quinto
384 1379 534 1445 decimo²
564 1382 757 1463 continetur,
788 1381 983 1446 iudicentur.
1030 1382 1102 1446 Hoc
1133 1403 1276 1470 namquq
1305 1392 1477 1467 peccatum
1505 1381 1610 1445 sancti
1644 1391 1752 1467 patres
1787 1380 1898 1448 divino

248 1484 371 1572 Spiritu
405 1485 509 1551 afflati
541 1488 658 1551 merito
693 1489 727 1552 in
762 1488 864 1552 sacris
900 1485 1080 1579 canonibus
1115 1488 1222 1552 acrius
1269 1477 1382 1551 ‘eteris
1424 1485 1637 1551 iudicandum
1672 1485 1898 1571 decreverunt,

248 1594 401 1678 qnoniam
425 1616 463 1658 eo
487 1603 644 1680 regnante
669 1604 701 1658 et
724 1605 843 1659 statum
860 1592 1163 1659 Christiecblesiae
1186 1594 1243 1658 infi
1296 1594 1343 1658 ari
1368 1605 1401 1658 et
1423 1605 1560 1678 regnum
1584 1593 1762 1680 periclitari
1786 1607 1898 1682 aperte

204 1732 229 1771 ιο
247 1711 479 1786 cognoverunt.

354 1823 456 1912 Cap.
493 1825 638 1890 XXXV.
682 1824 745 1889 De
780 1823 1092 1912 presbyteris
1127 1824 1319 1911 gradum
1355 1822 1709 1889 amittentibus.
1755 1825 1899 1892 Multos8

247 1953 266 1995 a
290 1952 425 2018 corpore
450 1930 570 1997 Christi
593 1954 672 1997 vere
695 1931 864 2017 religionis
887 1932 1038 1997 inimicus
1062 1933 1234 2017 seiungere
1258 1941 1372 2012 certat,
1397 1942 1431 1995 ut
1455 1952 1510 1995 eos
1532 1929 1615 1995 filios
1638 1931 1742 1997 Belial
1766 1932 1896 1998 efficiat

246 2037 321 2124 Ipse
345 2040 465 2127 quippe
489 2040 524 2103 in
547 2039 650 2104 sacris
672 2038 789 2104 litteris
803 2017 928 2103 'merito
952 2038 1067 2121 Belial,
1098 2038 1132 2102 id
1162 2050 1212 2103 est
1242 2036 1367 2123 absque
1398 2038 1474 2123 iugo
1498 2035 1627 2118 dicitur,
1658 2059 1697 2102 eo
1725 2038 1813 2125 quod
1836 2038 1896 2104 sub
1915 2043 2024 2140 ‘polege

246 2145 322 2231 iugo
346 2145 411 2210 Dei
435 2168 506 2210 esse
530 2143 761 2232 superbissime
785 2144 951 2230 refugerit.
997 2145 1041 2209 Et
1068 2144 1191 2210 idcirco
1217 2155 1253 2209 ut
1282 2143 1337 2208 alii
1361 2144 1568 2229 maximeque
1592 2143 1636 2226 hi,
1668 2146 1724 2231 qui
1754 2147 1897 2211 eminen-
1957 2129 1963 2151 ’
2001 2133 2006 2142 ’

202 2282 229 2323 rs
247 2253 361 2316 tiorem
387 2251 494 2317 locum
518 2253 552 2316 in
582 2251 723 2317 ecclesia
752 2261 874 2333 tenent,
903 2250 962 2316 filii
991 2250 1175 2316 efficiantur
1196 2249 1312 2332 Belial,
1345 2247 1501 2330 elaborat,
1532 2252 1696 2336 quoniam,
1726 2273 1786 2338 per
1816 2276 1896 2340 quos

246 2356 436 2443 religionem
460 2356 679 2424 Christianam
703 2369 852 2424 constare
876 2356 997 2423 debere
1021 2358 1134 2440 cernit,
1165 2379 1221 2422 eos
1251 2357 1403 2422 nimirum
1427 2356 1461 2419 in
1484 2356 1550 2420 ima
1572 2354 1729 2422 subruere
1753 2357 1895 2426 festinat.

247 2463 342 2529 Unde
364 2464 550 2551 periculosa
574 2475 606 2531 et
629 2464 769 2530 dolenda
792 2463 889 2529 valde
914 2486 966 2529 res
990 2475 1049 2544 est,
1081 2463 1169 2551 quod
1198 2462 1330 2550 quidam
1361 2461 1626 2549 presbyterorum
1653 2464 1723 2528 eius
1746 2476 1817 2531 astu
1842 2465 1895 2531 de·

247 2572 333 2658 cepti
356 2571 505 2657 gradum,
536 2595 599 2659 quo
631 2572 740 2637 divine
772 2572 920 2636 servituti
943 2572 1122 2657 mancipati
1144 2581 1228 2650 sunt,
1259 2570 1408 2634 amittere
1439 2568 1532 2633 nihili
1554 2568 1711 2656 pendunt,
1742 2573 1895 2658 quoniam

247 2699 285 2742 eo
309 2679 428 2743 amisso
451 2678 535 2743 adeo
558 2678 617 2743 filii
639 2678 744 2743 Belial
767 2677 962 2758 efficiuntur,
987 2688 1023 2741 ut
1044 2699 1106 2741 nec
1129 2675 1280 2763 publicis,
1304 2676 1382 2762 quia
1404 2675 1454 2740 las
1476 2698 1542 2740 non
1566 2687 1624 2757 est,
1647 2698 1710 2741 uec
1729 2679 1896 2743 canonicis

201 2815 228 2855 ω
247 2795 378 2872 propter
400 2784 605 2872 quorundam
622 2786 849 2872 episcoporum
865 2785 1024 2848 incuriam
1047 2782 1175 2868 legibus
1198 2784 1477 2869 constringantur3
1502 2793 1535 2847 et
1558 2781 1685 2847 abida
1702 2783 1896 2870 quibusdam

246 2892 460 2956 ministerium
485 2890 688 2957 sacerdotale
712 2913 778 2956 uon
802 2889 913 2955 divino
937 2911 1047 2954 amore
1071 2890 1236 2976 appetitur
1259 2900 1292 2954 et
1314 2889 1538 2954 inreverenter
1560 2899 1717 2954 tractamr
1748 2902 1781 2955 et
1802 2891 1895 2978 inpu-

246 2997 360 3063 denter
382 2999 541 3063 amittitur
565 3008 606 3080 et,
631 2996 720 3086 quod
741 2996 792 3062 his
814 2996 920 3062 maius
944 3007 1003 3078 est,
1026 2994 1123 3061 vilius
1146 2994 1294 3061 habetur.
1332 2994 1429 3077 Quod
1444 3017 1523 3060 vero
1539 2994 1621 3060 haec
1637 3018 1690 3060 res
1713 2997 1897 3082 periculosa

247 3106 289 3169 sit
311 3115 343 3169 et
366 3103 593 3170 emendatione
618 3103 729 3191 digna,
759 3102 967 3168 manifestum
998 3111 1057 3167 est.
1103 3101 1256 3184 Proinde,
1287 3113 1323 3168 ut
1352 3103 1387 3166 in
1414 3101 1474 3166 hac
1498 3123 1533 3166 rc
1558 3101 1753 3188 corrigenda
1776 3101 1895 3170 abhinc

247 3211 414 3277 sollicitius
438 3211 580 3277 studium
596 3210 851 3291 adsumeremus,
875 3231 987 3274 omnes
1002 3209 1037 3273 in
1053 3231 1224 3275 commune
1241 3208 1455 3289 decrevimus,
1480 3207 1606 3273 scilicet
1620 3220 1656 3273 ut
1671 3212 1894 3298 unusquisque

200 3319 472 3406 „episcoporum
494 3340 561 3383 non
585 3317 688 3382 solum
711 3314 995 3405 praesbiterorum,
1026 3338 1139 3381 verum
1163 3317 1260 3382 etiam
1285 3315 1489 3402 sequentium
1513 3314 1661 3379 ordinum
1684 3317 1895 3403 parroechiae

247 3447 324 3489 suae
340 3423 479 3511 gratim
495 3424 711 3489 emittentium
727 3425 827 3488 vitam
844 3433 876 3488 et
892 3424 1171 3488 conversationem
1187 3443 1378 3508 morumque
1403 3420 1664 3486 emendationem
1687 3433 1754 3487 tam
1777 3445 1837 3510 per
1861 3446 1896 3489 se

247 3554 344 3618 quam
367 3553 426 3619 per
448 3532 613 3596 ministros
637 3553 713 3596 suos
736 3531 865 3596 noverit
888 3552 1009 3617 eosque
1034 3529 1212 3594 canonicae
1236 3528 1454 3615 paenitentiae
1478 3526 1618 3592 subdere
1642 3550 1707 3593 non
1731 3528 1895 3617 neglegat,

246 3639 336 3703 iuxta
360 3636 448 3725 quod
471 3638 505 3702 in
529 3636 668 3703 concilio
684 3637 953 3703 Neocaesariensi
970 3635 1063 3701 titulo
1080 3636 1184 3723 primo
1201 3633 1337 3700 dicitur:
1362 3640 1560 3717 Praesbyterl,
1583 3645 1605 3699 si
1620 3662 1734 3700 morem
1749 3647 1897 3717 acceperit,

246 3755 281 3809 ab
304 3755 398 3809 ordine
421 3756 584 3826 deponatur
622 3753 651 3810 Si
675 3772 740 3809 vero
763 3754 912 3809 iomicatus
926 3753 1017 3808 tuerit
1040 3759 1088 3807 aut
1111 3751 1277 3807 adulterium
1299 3752 1507 3822 perpetraverit,
1530 3751 1647 3822 amplius
1669 3753 1738 3824 pelli
1761 3752 1845 3808 debet
1868 3760 1898 3808 et

199 3882 228 3922 ao
245 3861 295 3917 sub
318 3862 489 3932 paenitentia
509 3862 607 3934 redigi.

353 3975 456 4063 Cap.
492 3975 655 4042 XXXVI.
711 3974 842 4057 Quod
880 3977 924 4039 in
963 3972 1272 4060 recipiendis
1318 3972 1528 4037 alterius
1574 3973 1896 4060 parroechiae

246 4082 452 4148 clericis
487 4105 508 4147 a
543 4081 828 4170 quibusdam
862 4091 1049 4146 statuta
1083 4102 1311 4145 canonum
1347 4079 1606 4145 violentur.
1659 4080 1781 4145 Priscis
1817 4093 1895 4146 tem-

246 4188 391 4276 poribus,
416 4189 547 4277 quando
570 4190 642 4254 iura
665 4211 826 4255 canonum
850 4211 943 4253 suum
967 4184 1144 4252 servabant
1158 4187 1316 4273 vigorem,
1339 4184 1446 4250 nullus
1463 4185 1655 4252 clericorum
1670 4187 1897 4273 parroechiam

247 4319 349 4378 suain,
379 4297 413 4361 in
437 4319 503 4384 qua
525 4296 636 4361 divine
659 4295 794 4361 militiae
819 4295 988 4360 devinctus
1013 4303 1092 4376 erat,
1123 4292 1308 4379 relinquere
1338 4303 1371 4357 et
1397 4291 1440 4357 ad
1464 4292 1560 4357 aliam
1584 4294 1654 4357 sine
1677 4294 1822 4380 episcopi
1847 4296 1896 4359 sui

200 4430 230 4472 aa
247 4401 527 4468 commendaticiis
556 4402 673 4467 litteris
704 4412 736 4466 et
767 4400 921 4489 epistolis,
952 4423 1033 4488 quas
1063 4422 1133 4466 mos
1164 4399 1341 4464 canonicus
1364 4398 1542 4463 formatasl
1571 4398 1724 4486 appellat,
1755 4398 1898 4465 audebat

249 4509 475 4597 quoquomodo
499 4533 645 4597 pergere.
689 4509 800 4574 Nostri
823 4531 901 4573 vero
925 4508 1079 4594 temporis
1102 4503 1299 4571 miserabilis
1323 4503 1487 4592 dignaque
1512 4504 1738 4571 emendatione
1762 4506 1897 4572 inolevit

248 4616 459 4698 consuetudo,
484 4639 522 4682 eo
553 4615 641 4704 qnod
669 4615 763 4681 multi
786 4614 1027 4680 ecclesiasticae
1051 4612 1184 4699 regulae
1208 4609 1357 4695 subiecti,
1389 4613 1546 4699 propositi
1573 4624 1606 4677 et
1628 4612 1690 4678 loci
1715 4614 1765 4677 sui
1789 4612 1896 4678 deser-

248 4735 335 4788 tores
358 4723 476 4805 effecti,
501 4724 634 4810 passim,
660 4743 864 4809 quocumque
889 4721 935 4785 eis
958 4719 1109 4785 voluntas
1133 4720 1282 4802 suaserit,
1313 4717 1500 4805 posthabita
1522 4720 1714 4783 auctoritate
1738 4721 1897 4785 canonica

247 4841 388 4917 pergunt
411 4840 443 4895 et
465 4852 531 4895 non
554 4829 657 4895 solum
681 4826 724 4893 ab
748 4827 820 4892 aliis
844 4827 1007 4913 episcopis
1031 4836 1063 4890 et
1086 4823 1272 4908 abbatibus,
1294 4848 1409 4890 verum
1433 4826 1530 4890 etiam
1547 4848 1567 4890 a
1583 4824 1755 4890 comitibus
1771 4838 1803 4890 et
1819 4849 1897 4891 nou·

200 4964 231 5004 ao
248 4936 344 5001 nullis
368 4936 440 5001 aliis
464 4935 628 5002 nobilibus
651 4936 731 5000 viris
755 4934 966 5020 recipiuntur.
1009 4931 1106 5014 Quod
1130 4943 1286 5018 quantum
1310 4942 1342 4996 et
1366 4954 1386 4996 a
1408 4931 1521 4997 divina
1543 4942 1576 4998 et
1599 4955 1619 4997 a
1641 4933 1799 4998 canonica
1821 4955 1898 4999 auc·

355 5190 501 5241 xxxma
530 5191 546 5241 3
565 5191 701 5241 sanctiunt
720 5181 751 5239 P.
825 5190 841 5238 8
860 5187 1047 5252 Anchyritano
1066 5186 1098 5237 Ρ.
1171 5179 1307 5250 laetius]
1327 5187 1416 5236 carius
1437 5185 1466 5236 P.

355 5280 465 5329 XXXV.
496 5281 528 5330 12
548 5296 564 5329 a
581 5279 648 5329 deest
666 5278 697 5329 P.
771 5279 805 5334 20
824 5277 1050 5342 constringuntur
1068 5275 1096 5325 Γ.
1116 5274 1147 5325 P.
1220 5275 1254 5325 28
1274 5275 1515 5327 Neeocaesariensi
1535 5275 1561 5324 V.
1582 5271 1612 5324 Ρ.

355 5368 480 5419 XXXVI.
509 5369 543 5418 36
562 5366 755 5432 quoquomodo
773 5383 837 5416 corr.
856 5364 992 5431 quomodo
1012 5359 1044 5415 P.
1116 5365 1151 5414 40
1170 5371 1198 5414 et
1217 5365 1352 5414 canonica
1371 5364 1397 5413 V.

359 5583 388 5654 1)
414 5582 462 5657 Os.
478 5603 569 5661 supra
586 5603 611 5640 c.
625 5587 680 5653 32,·
693 5603 727 5660 p.
745 5585 815 5643 633.
886 5581 917 5651 2)
943 5579 1050 5640 Concil.
1067 5581 1251 5655 Ancyranum
1272 5599 1295 5637 c.
1310 5584 1348 5639 15
1364 5573 1479 5654 (Mami
1493 5578 1533 5650 II,
1550 5582 1612 5639 525
1621 5575 1687 5657 aq),
1705 5600 1820 5657 quocum
1836 5589 1900 5639 arte

200 5711 232 5751 so
250 5691 380 5749 cohaeret
406 5690 525 5748 eiusdan
556 5689 667 5748 concilii
695 5709 720 5747 c.
744 5693 792 5760 16,
824 5689 902 5746 usius
930 5707 1075 5745 numerum
1105 5686 1238 5744 editiones
1263 5686 1404 5762 praeviae
1432 5685 1462 5744 ia
1492 5694 1571 5744 until
1596 5685 1706 5745 canalii
1727 5685 1900 5744 Par-iriensis

250 5806 425 5874 receperunt.
518 5797 549 5866 3)
576 5795 625 5868 Cf.
649 5796 751 5854 relatio
774 5792 1379 5872 epacopmumeaoc.42;1.t11,41.
1470 5794 1501 5864 4)
1528 5790 1634 5852 ΟοιιαἹ.
1658 5792 1899 5851 Neocaesaream

250 5924 274 5962 c.
292 5906 326 5972 1,·
351 5904 452 5962 Mauri
473 5903 601 5974 11,543.
693 5903 724 5972 5)
751 5900 801 5973 Cf.
824 5922 915 5978 supra
932 5921 966 5977 p.
985 5904 1099 5976 362sq.
1124 5909 1151 5957 et
1172 5903 1232 5959 421
1256 5918 1316 5957 cum
1340 5919 1409 5957 aaa.
1427 5903 1456 5959 3.
1495 5947 1502 5960 .

1635 6016 1686 6072 80*
