4884 6717
562 541 614 598 52.
649 540 915 597 PRAECEPTUM
938 541 1149 598 SYNODALE
1172 542 1270 597 ANNI
1294 542 1356 598 829
1371 562 1416 599 ex.
1433 544 1480 598 rel
1497 543 1561 599 830
1574 546 1614 598 in.
1846 538 1909 601 687

256 727 428 817 mercedis]
455 729 565 794 domni
588 728 792 815 imperatoris
816 727 1002 792 Hludowici
1033 750 1176 814 suaeque
1208 729 1356 814 coniugis
1380 740 1413 794 et
1435 729 1536 816 prolis
1559 752 1737 817 eorumque
1761 731 1910 815 salutem,

258 859 395 925 quorum
425 849 498 922 post
527 845 651 899 tantum
682 834 809 921 lapsum
837 835 1001 921 reparatio
1036 834 1123 899 facta
1157 845 1216 917 est,
1252 857 1380 899 necnon
1410 846 1443 900 et
1477 859 1599 918 eorum,
1634 859 1694 923 per
1725 860 1807 923 quos
1836 838 1911 903 Deo

258 941 433 1032 annuen[te
472 941 631 1030 imperiali
670 943 862 1006 auctoritate
902 940 1017 1006 eadem
1056 943 1219 1027 reparatio
1259 940 1445 1006 caelebrata
1483 954 1548 1025 est,
1588 942 1697 1031 simu]l
1732 954 1766 1008 et
1799 966 1912 1009 eorum

258 1051 534 1131 informationem,
566 1050 622 1135 qui
652 1059 726 1134 post
756 1047 799 1112 ad
832 1050 1047 1113 monasticum
1083 1048 1230 1113 ordinem
1261 1048 1335 1112 Deo
1370 1050 1548 1136 inspirante
1583 1049 1626 1114 ad
1660 1049 1801 1114 eundem
1836 1073 1912 1115 con·

225 1181 239 1221 s
257 1155 434 1246 ilu[xerint]
459 1157 577 1236 locum,
601 1166 726 1220 remota
748 1156 836 1220 omni
859 1154 1074 1237 simulatione,
1099 1177 1228 1242 semper
1251 1156 1285 1219 in
1302 1154 1417 1219 eodem
1432 1154 1641 1243 mon[asterio
1658 1156 1815 1242 regularis
1832 1157 1911 1222 ordo

257 1274 457 1352 permaneat,
481 1261 609 1350 florleat
632 1273 665 1327 et
687 1260 837 1326 felicibus
861 1260 1067 1326 successibus
1091 1260 1164 1324 Deo
1188 1284 1284 1347 opem
1308 1261 1432 1326 ferente
1455 1262 1584 1348 polleat.

367 1420 375 1435 .
400 1421 408 1436 .
433 1422 441 1436 .
468 1370 550 1460 [qlui
573 1371 790 1435 interfuerunt
812 1379 845 1433 et
867 1368 929 1432 hoe
952 1368 1075 1432 factum
1099 1365 1438 1432 subterfirmaverunt:
1464 1417 1472 1432 .
1497 1417 1505 1433 .
1531 1418 1539 1432 .
1579 1369 1910 1435 senonicae1arehi-

259 1480 431 1567 episcopus
462 1477 652 1565 subscripsi.
698 1479 718 1560 i
747 1475 934 1540 Inehadus²
956 1475 1192 1539 Parisiaccnsis
1224 1473 1382 1538 ecclesiae
1409 1476 1581 1561 episcopus
1604 1476 1735 1540 interfui
1760 1488 1801 1558 et,
1834 1478 1913 1564 quia

257 1584 300 1651 ob
316 1586 524 1649 amissionem
539 1584 698 1650 luminum
714 1582 858 1647 scribere
875 1581 1018 1668 nequivi,
1031 1604 1129 1645 manu
1145 1582 1276 1667 propria
1292 1582 1385 1666 signo
1403 1583 1509 1645 erucis
1525 1581 1763 1648 subterfirmavi
1775 1586 1795 1668 †
1808 1633 1815 1647 .
1830 1632 1837 1647 .
1852 1634 1859 1648 .
1874 1607 1911 1651 .s

213 1719 240 1756 ro
258 1716 300 1757 ss.
326 1692 434 1776 (NT.:
461 1695 662 1778 subscripsi).
794 1687 972 1774 subscripsi
1082 1686 1260 1775 [ilndignus
1285 1689 1457 1774 episeopus
1481 1687 1669 1775 subscripsi.
1713 1730 1772 1756 ...
1797 1693 1840 1755 sis
1864 1692 1911 1755 in·

257 1799 375 1885 dignus
400 1800 572 1886 episcopus
596 1795 784 1882 subscripsi.

418 2043 493 2096 idem
517 2040 586 2094 ordo
609 2036 822 2093 confirmaretur
846 2043 886 2102 et,
911 2035 1042 2106 quoniam
1065 2053 1151 2106 super
1173 2043 1303 2106 pastores
1327 2036 1466 2092 eeclesiae
1491 2036 1624 2108 dignitati
1645 2045 1758 2092 nostrae
1774 2039 1911 2110 imperiali

419 2163 616 2220 quaecumque
648 2144 833 2216 ingerebatur
862 2143 1015 2210 accusatio,
1046 2158 1101 2195 non
1132 2142 1192 2197 sine
1220 2151 1299 2197 certo
1324 2149 1353 2197 et
1377 2142 1536 2197 rationabili
1560 2143 1775 2199 oblitteraretur
1797 2145 1911 2200 iudicio.

420 2254 477 2319 Qui
506 2254 543 2309 ad
574 2252 733 2307 condictum
762 2258 876 2321 tempus
907 2256 936 2304 et
966 2250 1041 2304 diem
1076 2249 1112 2303 ad
1147 2250 1369 2320 suprascriptum
1403 2267 1509 2304 venere
1544 2251 1744 2305 monasterium
1779 2258 1809 2306 et
1844 2252 1912 2323 ipsis

420 2360 630 2419 accusatoribus
660 2377 723 2413 cum
747 2358 862 2429 scripto,
893 2358 970 2428 quod
1000 2355 1169 2410 clementiae
1200 2363 1313 2410 nostrae
1338 2356 1474 2422 tulerant,
1507 2374 1599 2411 coram
1625 2357 1767 2425 exhibitis,
1799 2365 1911 2426 cuncta,

420 2486 494 2542 quae
529 2469 557 2521 in
593 2484 687 2521 eorum
721 2464 899 2519 accusatione
935 2464 1065 2518 dixerant
1098 2462 1144 2518 vel
1176 2464 1359 2534 scripserant,
1395 2461 1467 2517 falsa
1501 2481 1565 2518 esse
1599 2464 1674 2519 veris
1708 2465 1912 2520 assertionibus

420 2575 586 2645 idoneisque
610 2572 726 2644 prolatis
749 2570 872 2626 testibus
890 2571 1092 2642 probaverunt,
1118 2570 1190 2624 sicut
1215 2588 1250 2625 er
1269 2570 1366 2624 ordine
1383 2569 1412 2623 in
1428 2570 1530 2641 scripto
1546 2569 1754 2638 manifestatur,
1779 2572 1853 2642 quod
1877 2590 1913 2627 ex

420 2685 472 2740 hac
502 2698 588 2736 eausa
610 2697 628 2733 a
651 2678 776 2733 secunda
807 2677 1012 2731 constitutionis
1041 2685 1152 2732 nostrae
1183 2669 1282 2731 siubdo
1313 2677 1341 2730 in
1366 2677 1443 2742 (deest
1468 2678 1523 2744 Or.)
1555 2677 1669 2732 archivo
1698 2678 1785 2732 nostri
1814 2677 1910 2749 palatii

420 2810 484 2848 cum
513 2786 637 2853 cartulis,
671 2801 745 2856 quae
776 2784 888 2838 nomina
917 2783 1033 2838 testium
1063 2783 1218 2850 continent,
1255 2784 1300 2854 qui
1331 2783 1458 2853 utrisque
1490 2783 1676 2838 conventibus
1710 2784 1913 2853 interfuerunt,

421 2897 547 2960 directis,
580 2894 616 2948 ob
646 2899 790 2964 gestorum
819 2890 980 2944 memoriam
1010 2897 1209 2956 conservatum
1246 2891 1321 2945 unde
1345 2890 1422 2944 aliud
1453 2890 1539 2945 ctiam
1573 2891 1610 2945 ab
1639 2890 1726 2963 ipsius
1749 2892 1913 2947 monasterii

420 3004 528 3060 scriniis
563 3001 713 3056 retinetur.
765 2997 824 3069 Ipsi
859 2997 895 3051 de
927 3005 1024 3052 cetero
1054 2996 1167 3064 fratres,
1204 3005 1338 3068 respectu
1368 2996 1462 3051 divino
1492 3013 1627 3067 processu
1661 2999 1796 3069 temporis
1827 3000 1914 3054 corda

420 3112 529 3167 illorum
563 3114 701 3179 tangente
736 3105 873 3177 propositi
908 3104 949 3157 sui
984 3104 1090 3158 strenui
1129 3111 1160 3159 et
1196 3104 1413 3175 praeteritarum
1451 3103 1696 3174 neglegentiamm
1734 3106 1911 3176 penitentiae

421 3217 515 3273 devoti
546 3221 728 3270 exsecutores
760 3212 866 3279 effecti,
902 3229 1040 3266 consensu
1070 3211 1174 3265 salubri
1205 3218 1236 3265 et
1268 3211 1399 3281 prudenti
1430 3218 1490 3265 tres
1520 3215 1644 3265 canulas
1674 3213 1912 3284 conscripserunt,

422 3332 452 3379 ut
474 3341 530 3377 una
553 3339 649 3379 earum
672 3320 707 3375 ad
732 3327 817 3391 caput
839 3318 1098 3390 gloriosissimorum
1122 3316 1227 3372 Christi
1250 3325 1401 3389 martyrum
1425 3316 1520 3384 fieret,
1551 3321 1643 3373 altera
1665 3319 1762 3390 regiae
1786 3320 1913 3374 domina·

422 3431 505 3485 tionis
540 3436 652 3483 nostrae
687 3426 817 3482 custodia
850 3425 956 3481 servari
990 3425 1223 3490 demandaretur,
1258 3424 1370 3479 tertiam
1405 3442 1472 3479 vero
1508 3425 1594 3496 ipsius
1628 3427 1790 3481 monasterii
1825 3426 1914 3481 abbas

421 3537 550 3591 baberet.
586 3535 618 3589 In
643 3534 745 3605 quibus
761 3551 792 3589 sa
809 3551 826 3588 a
841 3533 928 3587 beato
942 3539 1025 3603 patre
1042 3530 1199 3587 Benedicta
1215 3531 1338 3586 docente
1354 3538 1452 3585 saneto
1469 3530 1577 3602 Spiritu
1601 3532 1770 3604 descriptam
1786 3534 1913 3605 regulam

423 3652 488 3699 suut
517 3659 629 3699 servare
661 3641 735 3697 velle
767 3639 898 3712 professi.
951 3639 989 3693 Et
1020 3639 1210 3710 unusquisque
1242 3656 1337 3693 eorum
1368 3656 1469 3693 nomen
1499 3640 1642 3710 proprium
1673 3657 1734 3693 eum
1749 3628 1852 3711 'gradu
1884 3648 1913 3696 et

422 3750 549 3807 monachi
579 3749 772 3821 appellatione
804 3747 911 3802 eisdem
942 3747 1026 3801 cartis
1057 3744 1286 3800 subterfirmavit.
1334 3743 1458 3808 Quarum
1486 3763 1570 3799 uuam
1593 3746 1776 3817 benignitatis
1799 3753 1913 3803 nostrae

422 3857 603 3930 praesentiae
639 3855 844 3919 exhibuerunt,
879 3852 1020 3909 humiliter
1053 3852 1231 3924 postulantes
1266 3852 1337 3906 sicut
1373 3859 1402 3906 et
1431 3869 1520 3924 saepe
1554 3853 1700 3906 memorati
1734 3853 1914 3908 venerabiles

424 3972 532 4036 patres,
563 3980 581 4018 a
610 3962 712 4033 quibus
742 3960 885 4015 sinodales
915 3958 1099 4013 diffinitiones
1130 3959 1311 4014 caelebratae
1341 3965 1417 4026 sunt,
1447 3959 1645 4012 auctoritatem
1668 3965 1791 4013 nostram
1814 3960 1914 4015 sedulo

425 4072 581 4144 petierunt,
612 4075 754 4140 quatenus
776 4067 839 4134 hoc,
872 4067 947 4137 quod
970 4073 1028 4120 tam
1051 4065 1149 4120 subtili
1172 4073 1202 4120 et
1226 4065 1353 4134 diligenti
1377 4065 1594 4136 investigatione
1618 4065 1764 4120 inventum
1789 4074 1819 4121 et
1842 4067 1916 4121 iusta

424 4178 534 4234 ratione
558 4174 711 4231 diffinitum
734 4193 785 4230 seu
809 4174 913 4229 salubri
938 4172 1114 4228 restitutione
1138 4179 1299 4241 reparatum
1323 4179 1409 4242 atque
1434 4172 1568 4226 canonica
1590 4171 1758 4226 auctoritate
1782 4179 1915 4228 statutum

427 4303 488 4341 esse
519 4283 685 4350 dinoscitur,
716 4281 907 4353 amplitudinis
938 4287 1050 4334 nostrae
1081 4278 1229 4349 privilegio
1260 4277 1372 4348 scriptis
1402 4278 1591 4349 imperialibus
1615 4276 1852 4346 confirmaremus,
1882 4285 1914 4332 ut

426 4392 501 4463 quod
525 4390 662 4445 canonica
684 4390 769 4444 docet
792 4388 945 4443 auctoritas
969 4395 1000 4441 et
1023 4393 1089 4440 vota
1111 4403 1208 4456 regum
1233 4391 1454 4455 cunctorumque
1478 4382 1614 4451 fidelium,
1641 4385 1687 4454 qui
1712 4385 1801 4456 ipsum
1824 4384 1914 4438 locum

425 4506 544 4571 propter
572 4497 754 4552 monasticum
784 4496 910 4550 ordinem
939 4494 978 4550 ibi
1007 4493 1177 4548 servandum
1207 4492 1293 4546 rebus
1323 4491 1380 4546 suis
1412 4491 1585 4558 ditaverunt,
1616 4491 1821 4559 demonstrant,
1853 4509 1915 4546 cum

425 4623 604 4676 nequaquam
627 4604 663 4658 ab
688 4621 722 4658 eo
744 4603 805 4657 sine
829 4602 955 4673 periculo
979 4608 1009 4655 et
1032 4599 1107 4671 regis
1132 4607 1161 4653 et
1184 4599 1265 4669 regni
1289 4598 1378 4670 possit
1394 4597 1489 4666 aselli,
1512 4605 1608 4652 nostra
1622 4597 1774 4669 imperialis
1790 4605 1914 4668 potestas

426 4711 636 4769 confirmatione
660 4709 820 4781 provideat,
851 4727 887 4764 ne
918 4726 953 4763 ex
984 4708 1084 4762 eodem
1114 4707 1175 4761 loco
1199 4705 1341 4759 modernis
1365 4703 1521 4775 futurisque
1549 4705 1724 4776 temporibus
1747 4705 1823 4758 idern
1844 4705 1914 4760 ordo

427 4821 611 4885 destituatur,
635 4818 685 4872 sed
704 4817 797 4888 potius
813 4814 925 4870 Christo
945 4815 1057 4869 domino
1072 4813 1213 4884 largiente
1234 4807 1294 4866 ad⁸
1316 4811 1457 4866 cumulum
1479 4811 1617 4866 mercedis
1640 4818 1765 4878 nostrae,
1789 4811 1914 4883 coniugis

427 4943 540 4998 quoque
572 4931 602 4981 at
631 4923 717 4996 prolis
748 4939 900 4992 eorumque
931 4921 1062 4986 salutern,
1092 4937 1209 4990 quorum
1239 4925 1304 4990 post
1327 4925 1436 4973 tantum
1459 4917 1569 4989 lapsum
1591 4918 1734 4989 reparatio
1758 4917 1837 4973 facta
1859 4925 1914 4986 est,

427 5050 537 5088 necnon
561 5038 592 5086 et
616 5048 722 5096 eorum,
745 5047 799 5100 per
822 5046 891 5099 quos
906 5027 970 5081 Deo
985 5034 1130 5082 annuente
1146 5033 1245 5080 nostra
1267 5025 1437 5080 auctoritate
1462 5026 1563 5080 eadem
1585 5025 1727 5096 reparatio
1751 5024 1915 5080 caelebratis

427 5148 482 5207 cst,
506 5137 588 5194 simul
612 5145 641 5194 et
664 5136 774 5192 illorum
798 5134 1032 5200 informationem,
1057 5133 1104 5203 qui
1126 5140 1190 5205 post
1212 5133 1249 5187 ad
1271 5133 1452 5186 monasticum
1475 5132 1602 5186 ordinem
1618 5131 1737 5186 Domino
1760 5132 1914 5202 inspirante

427 5247 463 5302 ad
487 5245 610 5301 eundem
633 5242 819 5298 confluxerint
847 5241 949 5308 locum,
980 5247 1088 5294 remota
1117 5240 1190 5294 oumi
1220 5238 1398 5294 simulatione
1429 5257 1543 5309 semper
1571 5239 1598 5293 in
1623 5239 1723 5292 eodem
1748 5237 1915 5292 monasterio

427 5353 565 5425 regularis
588 5351 656 5406 ordo
679 5355 856 5422 permaneat,
880 5346 981 5402 floreat
1004 5354 1034 5402 et
1057 5345 1187 5401 felicibus
1210 5346 1388 5401 successibus
1405 5346 1467 5400 Deo
1483 5364 1566 5416 opem
1581 5344 1695 5400 ferente
1718 5344 1836 5416 polleat.
1855 5384 1862 5398 .
1881 5383 1914 5399 ..

378 5514 407 5584 1)
438 5512 505 5569 scit.
536 5509 678 5581 Aldrissss,
704 5517 825 5584 praeter
854 5525 935 5586 quem
966 5513 1039 5562 certe
1067 5503 1129 5561 Eoo
1159 5504 1305 5562 lietscinis
1336 5503 1564 5579 archiepiscopus
1595 5510 1620 5560 et
1646 5503 1801 5561 Hildainus
1829 5501 1917 5560 abbas

220 5641 249 5681 ss
267 5622 458 5679 mammam
487 5617 775 5697 subterfirmaverunt.
822 5614 868 5670 De
896 5611 1012 5690 reliquis
1038 5620 1153 5687 eccepto
1183 5609 1311 5667 Incbado
1340 5610 1412 5667 nibil
1439 5610 1495 5666 dici
1518 5618 1619 5686 potest.
1712 5609 1743 5680 2)
1773 5608 1832 5674 Qui
1852 5608 1919 5667 obiit

266 5747 296 5786 a.
312 5731 382 5787 831.
402 5725 492 5783 Mart.
510 5728 548 5784 10
554 5745 565 5794 5
588 5723 629 5795 cs.
645 5743 736 5799 supra
753 5742 787 5798 p.
805 5725 866 5781 605
889 5721 907 5776 l.
926 5723 1030 5795 32sq.,
1048 5726 1204 5794 practerea
1225 5715 1324 5774 Gallia
1342 5714 1507 5774 Christiana
1524 5715 1589 5786 VII,
1603 5719 1650 5776 31.
1721 5715 1752 5787 3)
1775 5716 1807 5773 V.
1826 5734 1916 5792 supra

261 5858 295 5913 p.
314 5838 377 5895 686
399 5835 418 5890 1.
435 5836 559 5907 rasqq,
583 5831 657 5887 ande
679 5828 824 5904 sequentia
846 5828 1013 5903 dqrrompta
1035 5833 1108 5882 sunt.
