4884 6717
504 537 512 549 “
562 522 626 586 582
1044 527 1096 582 46.
1132 527 1351 585 CONCILIUM
1374 527 1575 584 ROMANUM
1599 529 1636 583 A.
1657 526 1731 583 826.

560 713 715 801 populum
739 713 925 794 admonere,
956 722 991 778 ut
1021 736 1079 800 pro
1111 714 1179 778 sola
1203 716 1349 778 eratione
1374 713 1423 778 bis
1448 713 1563 779 diebus
1588 689 1807 779 aecclesiam
1831 724 2008 793 recurrant,
2041 712 2118 798 quia
2141 712 2214 799 ipsi,

560 822 617 907 qni
641 820 719 885 talia
742 831 853 906 agunt,
878 842 942 884 non
966 819 1069 885 solum
1094 843 1128 884 sc
1153 820 1304 907 perdunt,
1329 819 1509 885 sedetiam
1534 820 1614 885 alios
1639 821 1788 907 deperire
1812 818 2003 883 adtendunt.

608 953 715 1010 Forma
740 952 840 1010 minor.
888 954 1013 1008 XXXV.
1049 952 1219 1010 Sacerdotes
1243 955 1412 1009 admoneant
1436 955 1582 1026 populum,
1606 963 1637 1008 ut
1662 955 1691 1008 in
1714 954 1815 1008 diebus
1840 952 1921 1009 lestis
1945 971 1999 1007 non
2023 960 2127 1007 vacent
2147 970 2214 1007 con·

720 1061 800 1114 in'riis
823 1060 903 1115 malis
928 1071 957 1114 et
981 1061 1048 1115 iocis
1072 1062 1213 1133 turpibus,
1238 1062 1289 1116 sod
1313 1062 1497 1116 orationibus.

668 1193 829 1257 XXXVI.
876 1193 939 1256 De
978 1193 1072 1274 his,
1113 1196 1191 1280 qui
1230 1194 1500 1259 adhibitam
1539 1192 1635 1257 sibi
1674 1216 1865 1257 uxorem
1903 1192 2248 1279 reliquerunts

560 1313 604 1365 et
638 1300 780 1365 aliam
815 1301 1142 1364 sociaverunt.
1190 1300 1299 1365 Nulli1
1331 1302 1438 1381 liceat,
1470 1312 1610 1386 excepta
1640 1322 1738 1364 causa
1768 1299 2001 1378 fornicationis,
2035 1297 2214 1363 adhibitam

560 1430 697 1471 uxorem
720 1406 904 1492 relinquere
929 1419 960 1469 et
985 1405 1103 1470 deinde
1127 1406 1224 1471 aliam
1253 1407 1421 1494 copulare,
1453 1406 1597 1494 alioquin
1628 1416 1901 1491 transgressorem
1931 1407 2031 1492 priori
2063 1406 2216 1469 convenit

561 1515 678 1578 sociari
709 1514 891 1598 coniugi02.
939 1511 995 1576 Sin
1027 1524 1134 1575 autem
1165 1514 1217 1576 vir
1247 1524 1279 1576 et
1308 1537 1392 1577 uxor
1423 1514 1585 1578 divertere
1615 1536 1675 1599 pro
1703 1512 1772 1577 sola
1795 1512 1948 1597 religiosa
1972 1513 2056 1575 inter
2080 1534 2114 1575 se
2139 1533 2214 1575 con·

561 1621 721 1683 senserint
750 1620 828 1697 vita,
859 1617 1042 1682 nullatenus
1073 1620 1142 1682 sine
1167 1620 1367 1683 conscientia
1391 1621 1537 1705 episcopi
1560 1620 1627 1698 fiat,
1658 1631 1694 1683 ut
1722 1618 1764 1683 ab
1789 1641 1827 1683 eo
1852 1616 2061 1703 singulariter
2084 1619 2214 1704 proviso

562 1728 798 1790 constituantur
821 1724 903 1789 loco.
939 1724 1023 1788 Nam
1040 1747 1141 1789 uxore
1158 1724 1288 1789 nolente
1305 1737 1361 1789 aut
1377 1724 1478 1789 altero
1496 1747 1606 1790 eorum
1632 1727 1730 1789 etiam
1753 1748 1812 1811 pro
1836 1724 1892 1788 tali
1916 1747 1951 1788 re
1974 1726 2214 1789 matrimonium
2234 1746 2261 1784 ro

561 1856 626 1896 non
650 1833 823 1897 solvatur3.

607 1966 716 2022 Formo
731 1955 840 2021 'ticinen
889 1965 1027 2019 XXXVI.
1064 1965 1165 2020 Nullus
1189 1973 1313 2037 excepta
1342 1984 1427 2021 eausa
1458 1965 1649 2020 fornicationis
1672 1983 1786 2021 uxorem
1809 1983 1887 2020 suurn
1912 1966 2046 2020 dimittat.
2093 1963 2215 2020 Slvere

722 2074 763 2127 vir
787 2082 816 2127 ct
840 2091 909 2127 uxor
931 2091 983 2143 pro
1006 2072 1144 2144 religione
1168 2074 1255 2127 dividi
1279 2073 1431 2138 voluerint,
1456 2091 1518 2126 cum
1542 2090 1681 2127 consensu
1705 2073 1830 2143 episcopi
1853 2072 1907 2126 hoc
1934 2072 2049 2126 faciant.
2096 2072 2168 2126 Nam
2191 2072 2215 2125 si

722 2198 794 2234 unus
819 2179 940 2235 voluerit
965 2187 995 2233 et
1019 2179 1091 2233 alius
1115 2180 1248 2246 noluerit,
1274 2181 1358 2235 etiem
1382 2198 1434 2251 pro
1457 2179 1507 2232 toli
1531 2198 1561 2234 re
1585 2180 1789 2233 matrimonium
1813 2197 1869 2232 nou
1892 2178 2026 2233 solvatur.

669 2311 847 2375 XXXVII.
895 2311 951 2376 Ut
988 2334 1074 2376 non
1114 2310 1267 2375 liceat
1305 2335 1390 2375 uno
1429 2322 1642 2397 tempore
1678 2310 1792 2375 duas
1827 2309 2004 2375 habere
2039 2330 2261 2375 uxoresrs

560 2443 577 2482 s
591 2420 600 2481 i
613 2441 634 2480 v
648 2440 665 2482 e
699 2441 716 2481 c
730 2440 748 2482 o
761 2441 782 2481 n
796 2441 813 2481 c
826 2441 847 2482 u
860 2416 939 2482 bin
952 2441 971 2483 a
984 2442 1008 2481 s.
1050 2417 1159 2483 Nulli*
1181 2417 1280 2482 liceat
1296 2441 1359 2483 uno
1384 2429 1529 2505 tempore
1546 2417 1627 2482 duas
1643 2416 1763 2482 habere
1782 2440 1901 2482 uxores
1918 2419 1987 2482 sire
2004 2417 2215 2498 concubinas,

561 2526 649 2612 quia,
675 2547 749 2589 cum
774 2524 883 2589 domui
907 2547 972 2589 non
996 2526 1036 2589 sit
1059 2524 1195 2605 lucrum,
1220 2526 1349 2589 animae
1373 2525 1408 2589 fit
1433 2525 1671 2589 detrimentum.
1711 2524 1795 2588 Nam
1819 2525 1903 2589 sicut
1919 2523 2066 2589 Christus
2091 2534 2215 2588 castam

562 2632 717 2698 observat
742 2631 905 2713 eclesiam,
929 2633 975 2696 ita
998 2633 1049 2695 vir
1072 2643 1197 2696 castum
1221 2629 1320 2694 debet
1344 2630 1506 2696 custodire
1531 2633 1728 2716 coniugium.

608 2765 717 2822 Forma
739 2765 841 2822 minor.
888 2765 1040 2820 XXXVII.
1077 2765 1154 2820 Xulli
1178 2766 1265 2820 liceat
1289 2784 1344 2819 uno
1368 2772 1496 2836 tempore
1522 2766 1593 2819 duas
1617 2783 1717 2819 uxores
1741 2765 1859 2832 habere,
1891 2765 1942 2819 sed
1973 2782 2067 2835 neque
2092 2781 2216 2835 unquam

722 2874 916 2928 concubinam.
2233 2879 2263 2919 to

670 3006 865 3071 XXXVIII.
912 3005 974 3069 Dc
1009 3006 1224 3069 incestis
1260 3018 1303 3069 ct
1338 3002 1606 3069 inutilibus
1642 3002 2092 3069 coniunctionibus,
2139 3011 2214 3066 Con-

562 3126 702 3179 sobrinam
713 3119 734 3188 ⁵,
759 3130 885 3193 neptem,
909 3139 1069 3187 novercam,
1093 3121 1187 3175 fratris
1211 3139 1326 3175 uxorem
1350 3120 1396 3176 vel
1421 3122 1505 3175 etiam
1530 3122 1565 3175 de
1590 3121 1704 3192 propria
1719 3122 1887 3192 cognatione
1904 3127 1953 3175 aut
1971 3138 2054 3192 quam
2078 3128 2216 3191 cognatus

671 3385 779 3437 XXXV.
810 3388 821 3434 l
844 3382 946 3449 populo
967 3382 999 3432 F.
1054 3382 1114 3432 sola
1133 3400 1162 3433 en
1181 3381 1255 3433 nulle
1273 3399 1336 3432 corr.
1357 3382 1410 3431 VJ.
1476 3381 1619 3433 ecclesiam
1641 3382 1674 3432 B.
1695 3382 1726 3434 F.
1745 3383 1776 3433 L.
1842 3378 1993 3446 recurrant]
2015 3385 2142 3433 decurrat
2161 3382 2216 3432 1'1.

564 3470 624 3540 ipsi]
644 3476 667 3524 si
686 3473 745 3523 add.
765 3473 797 3522 L.
887 3472 1009 3522 Laetum
1028 3471 1094 3521 deest
1116 3472 1169 3521 VJ.
1260 3465 1395 3537 deperire]
1415 3471 1566 3537 deprimere
1586 3472 1619 3522 B.
1704 3474 1847 3523 attendunt
1866 3472 1899 3522 B.
1920 3473 1953 3522 G.
1972 3471 2002 3522 l..
2022 3497 2058 3506 —
2076 3496 2110 3506 -
2133 3474 2148 3521 3
2168 3471 2214 3521 ad·

566 3571 692 3614 moneant
709 3580 773 3612 cerr.
794 3569 965 3612 ammoneant
985 3561 1014 3610 P.
1088 3564 1104 3610 4
1124 3560 1212 3611 maliis
1233 3560 1286 3609 1'3.
1360 3555 1541 3623 orationibus]
1562 3576 1610 3610 ora
1624 3598 1630 3609 .
1644 3598 1671 3610 ..
1691 3561 1724 3610 Μ
1730 3567 1755 3610 4.
2234 3572 2263 3611 tt

671 3669 797 3719 XXXVI·
824 3671 840 3718 5
860 3669 985 3718 XXXVI.
1005 3668 1045 3717 Ile
1056 3662 1286 3730 -sociaverunt]
1299 3667 1336 3716 ito
1356 3667 1398 3715 1'1
1419 3665 1473 3726 (obi
1484 3676 1567 3716 autem
1580 3668 1671 3733 rapitur
1688 3667 1876 3732 relinquerunt
1893 3678 1916 3718 et
1928 3667 2016 3729 alias).
2035 3667 2159 3717 XXXVI.
2173 3668 2216 3717 De

565 3761 606 3811 his
620 3758 853 3823 -relinquerunt
872 3765 899 3807 et
918 3756 986 3807 alias
1005 3758 1144 3806 sociarunt
1164 3755 1195 3816 F,
1222 3756 1348 3809 XXXVI,
1368 3756 1409 3806 De
1430 3757 1470 3805 his
1484 3780 1517 3790 -
1531 3755 1667 3821 relinqunt
1688 3765 1713 3807 et
1732 3756 1812 3807 aliam
1832 3760 1951 3807 sortiunt
1970 3757 2001 3811 G.
2029 3756 2153 3808 XXXVI.
2173 3757 2216 3806 lie

565 3846 837 3912 bis-reliquerunt
856 3853 883 3896 et
903 3845 984 3895 aliam
1004 3847 1145 3895 sociarunt
1164 3845 1195 3904 L,
1215 3843 1385 3894 XXXVLB.
1441 3846 1703 3906 'itransgressorem
1722 3844 1753 3895 l..
1810 3847 1950 3896 SaocIarc
1971 3842 2001 3894 L.
2057 3861 2141 3894 uxore
2162 3844 2215 3904 ΓΙ,

566 3938 730 4000 aeoniugio
748 3935 809 3985 odd.
829 3934 860 3985 L.
952 3929 1096 3997 divertere]
1123 3934 1260 3983 divostere
1281 3933 1334 3992 ΓΙ,
1364 3933 1498 3983 dimittere
1524 3932 1552 3982 F.
1643 3933 1771 3998 religiosa
1796 3953 1860 3985 corr.
1883 3935 1917 3984 al.
1936 3953 2003 3984 niori.
2030 3932 2162 3999 religione
2182 3932 2215 3983 F.

565 4029 636 4076 inter
656 4020 693 4087 sc]
712 4026 842 4073 interesse
863 4024 916 4072 1’1.
990 4025 1158 4072 consenserit
1179 4022 1232 4070 l'l.
1252 4021 1284 4071 F.
1306 4022 1338 4071 G.
1418 4023 1536 4071 linitam
1558 4022 1611 4083 1'1,
1631 4031 1724 4074 mutuo
1745 4023 1776 4073 F.
1853 4025 1899 4074 tint
1920 4018 1957 4086 ut]
1977 4023 2006 4073 fit
2026 4022 2057 4072 L.
2124 4024 2216 4086 siugu-
2235 4033 2264 4072 ω

566 4109 667 4176 laritcr]
687 4115 729 4162 sin
749 4122 839 4162 autem
858 4112 918 4161 adl.
938 4111 969 4161 L.
1050 4107 1169 4175 proviso]
1190 4127 1239 4177 pro
1259 4113 1318 4162 viro
1340 4111 1393 4170 1’1,
1419 4112 1529 4175 provisu
1549 4106 1582 4161 F.
1665 4115 1697 4162 10
1715 4129 1827 4162 uxorem
1847 4112 1982 4163 volentem
2004 4112 2055 4162 ΙἸ.
2128 4111 2216 4161 altero

568 4197 670 4267 eorum]
691 4201 839 4251 alterorum
859 4200 912 4250 Vr.
996 4194 1034 4263 rc]
1054 4217 1083 4249 sc
1104 4200 1157 4258 1³1,
1187 4217 1243 4249 rem
1261 4217 1325 4249 corr.
1345 4217 1373 4250 ro
1394 4199 1426 4249 F.
1509 4202 1679 4252 matrimonio
1699 4199 1842 4250 solvantur
1862 4200 1914 4258 1'1,
1943 4203 2143 4251 matrimonium
2162 4199 2216 4250 sol-

566 4300 665 4342 vantur
685 4291 716 4340 G.
736 4315 824 4323 --
845 4292 876 4339 12
896 4296 1011 4355 excepto
1033 4288 1086 4337 1⁷3.
1101 4295 1126 4339 4.
1146 4291 1209 4342 113.
1222 4294 1248 4348 4,
1268 4296 1381 4354 excepto
1400 4305 1464 4338 corr.
1478 4297 1594 4355 excepta
1612 4289 1644 4340 P.
1699 4289 1828 4339 dimitt..
1848 4289 1911 4339 Ma.
1987 4293 2018 4340 13
2037 4291 2135 4340 fatiant
2154 4289 2217 4340 Mi.

570 4385 600 4431 14
621 4380 793 4430 matrImonio
813 4395 876 4428 corr.
896 4378 1097 4427 matrimonium
1118 4377 1148 4427 Ρ.

672 4485 810 4534 XXXVII.
845 4486 877 4535 lt
896 4484 1034 4533 XXXVII.
1062 4484 1100 4533 {rr
1116 4481 1339 4544 -concubInasl
1365 4484 1401 4534 ito
1422 4484 1465 4532 Η
1492 4482 1545 4544 (nbi
1570 4485 1627 4535 sibe
1654 4484 1744 4549 eptem
1763 4502 1812 4549 pro
1837 4483 1915 4546 sire),
1944 4485 2082 4534 XXXVII.
2108 4486 2143 4534 [tt
2162 4501 2217 4535 non
2235 4491 2263 4532 ιδ

567 4576 648 4626 liceat
667 4591 721 4624 uuo
742 4581 864 4640 tempore
884 4575 952 4623 duas
972 4573 1072 4622 hebere
1092 4588 1189 4622 uxores
1209 4588 1355 4623 uxoremve
1375 4580 1402 4623 et
1421 4575 1601 4623 concubinam
1621 4572 1653 4622 F.
1674 4573 1705 4621 (ι’.
1725 4572 1756 4622 L.
1777 4574 1915 4623 XXXVII.
1933 4574 1966 4624 B.
2024 4577 2055 4623 16
2074 4575 2132 4622 sire
2152 4590 2216 4623 con·

566 4659 689 4725 rubinas]
711 4666 769 4713 sibe
789 4664 958 4714 concuquas
980 4662 1032 4720 VJ,
1054 4678 1199 4712 uxoremve
1214 4668 1241 4711 et
1254 4662 1434 4712 concubinam
1449 4662 1482 4712 B.
1495 4660 1526 4711 F.
1542 4662 1572 4711 0.
1587 4660 1618 4711 L.
1676 4664 1707 4713 17
1726 4657 1770 4726 sit]
1790 4663 1820 4712 fit
1840 4662 1893 4712 ΓΙ.
1914 4662 1946 4713 B.
2000 4658 2039 4724 fit]
2061 4665 2096 4714 sit
2116 4663 2169 4712 1⁷1.
2183 4662 2216 4712 B.

566 4749 679 4816 castam]
701 4761 778 4803 costa
799 4753 852 4800 ΓΙ.
931 4753 962 4801 18
983 4750 1084 4800 eclesia
1105 4750 1157 4802 1'1.
1188 4749 1334 4799 ecclesiam
1354 4750 1387 4800 Β.
1406 4749 1438 4801 L.
1458 4776 1493 4783 —
1512 4776 1546 4784 -
1567 4753 1598 4800 la
1619 4767 1745 4817 umquam
1765 4752 1818 4800 1'2.
1833 4757 1858 4800 3.
1871 4758 1896 4800 4.
1918 4754 1980 4802 JI3.
1994 4757 2020 4801 4.
2099 4753 2133 4802 20
2152 4766 2217 4800 eon·

566 4837 705 4905 eubinam]
725 4843 870 4891 Finiuntur
889 4839 1040 4890 decretalia
1059 4840 1175 4900 Eugeuii
1197 4854 1283 4903 papae
1302 4839 1362 4889 add.
1382 4839 1413 4894 P.
1433 4840 1475 4888 ubi
1492 4840 1555 4889 aiem
1573 4841 1601 4888 in
1622 4840 1665 4889 Η
1684 4840 1779 4906 reliquo
1798 4840 1897 4891 demist.

674 4949 826 4999 XXXVIII.
855 4950 885 4998 21
909 4946 1062 4996 XXXVIII.
1084 4947 1124 4995 De
1140 4941 1436 5009 -coniunctionibus]
1464 4946 1499 4996 ita
1520 4947 1563 4994 ΓΙ
1589 4941 1643 5006 (ubi
1669 4947 1759 5010 lepitnr
1782 4956 1865 4996 outmn
1891 4949 2001 4997 incertis
2027 4955 2051 4996 et
2075 4941 2218 5000 inutibusl.
2235 4953 2265 4992 w

568 5037 599 5087 F.
621 5037 643 5087 G
663 5035 716 5098 (uti
731 5056 779 5102 pro
798 5036 942 5086 inutilibus
963 5035 1089 5084 introitur
1108 5031 1320 5084 inutilitatibus).
1341 5033 1362 5084 L
1382 5031 1435 5094 (oti
1454 5035 1544 5098 epirur
1563 5032 1693 5095 incertis),
1713 5035 1870 5085 XXXVIII.
1890 5035 1922 5086 B.
1997 5034 2166 5086 ConsobrIna
2185 5034 2217 5085 L.

568 5121 723 5189 novercam]
743 5128 888 5176 nubercam
910 5125 962 5184 ΓΙ,
989 5140 1118 5173 noveram
1140 5125 1171 5172 (ι’.
1246 5119 1472 5188 2211ept0m12'ra
1492 5123 1524 5184 B,
1551 5132 1677 5188 nepotem
1697 5124 1750 5173 rell.
1824 5127 2016 5189 cognationem
2038 5124 2090 5182 ΓΙ,
2117 5142 2216 5188 cogne-

568 5218 669 5266 tionem
688 5233 750 5266 corr.
772 5215 936 5278 cognatione
960 5211 989 5262 F.
1062 5206 1152 5276 quam]
1173 5228 1253 5276 quem
1274 5212 1327 5260 ΓΙ.

679 5451 706 5512 lt
732 5449 787 5504 llic
810 5467 901 5504 conon
925 5446 1040 5503 trermiit
1061 5446 1089 5501 in
1114 5445 1212 5501 librum
1238 5444 1405 5519 Pepiermem
1431 5445 1563 5502 Lotlmrir'
1585 5465 1608 5502 c.
1626 5449 1683 5514 95,·
1709 5445 1781 5504 MG.
1800 5447 1864 5503 LL.
1883 5448 2025 5516 113557.
2063 5445 2112 5519 Cf.
2136 5448 2218 5505 etiam

568 5577 593 5613 c,
611 5562 651 5614 23
677 5557 708 5612 C.
725 5559 766 5614 27
790 5575 836 5630 qo.
853 5559 882 5613 2.
965 5553 995 5622 2)
1022 5553 1070 5624 tf.
1095 5551 1126 5608 J.
1155 5551 1301 5620 Folrrncr,
1326 5551 1502 5608 ‘Gerclticlrte
1525 5553 1577 5607 der
1603 5552 1816 5628 Eleeclreidrmp
1840 5554 1875 5608 im
1899 5554 2090 5611 bononiaelren
2114 5555 2218 5612 Recte
2235 5574 2266 5614 te

569 5659 720 5737 (Friburyi
733 5661 830 5737 Briso.
845 5657 934 5734 1903)
953 5659 1032 5727 I,83
1047 5679 1117 5714 onir.
1131 5663 1159 5714 3.
1231 5659 1261 5725 3)
1281 5656 1329 5728 (J.
1344 5657 1407 5713 Lex
1425 5657 1510 5733 Visip.
1523 5658 1580 5726 ΙΙΙ,
1595 5665 1623 5726 6,
1636 5663 1670 5720 2,·
1690 5657 1762 5714 Mil.
1780 5660 1844 5716 LL.
1861 5669 1920 5716 not.
1939 5659 2036 5718 Germ.
2050 5661 2074 5728 I,
2089 5664 2148 5720 167
2155 5681 2219 5738 sqq.

570 5767 721 5825 Concilium
748 5765 967 5842 Correpemlicnse
991 5768 1051 5824 757
1075 5784 1114 5820 cc.
1139 5769 1168 5822 5.
1195 5768 1234 5823 16
1240 5786 1250 5832 ;
1282 5761 1355 5820 ΜΘ.
1383 5764 1474 5839 Capit.
1501 5765 1523 5832 1,
1549 5769 1599 5822 38.
1714 5765 1744 5830 4)
1772 5766 1888 5842 Lepitnr
1916 5768 1966 5822 lior
1990 5776 2075 5843 caput
2096 5767 2125 5824 in
2149 5768 2221 5826 libro

571 5873 707 5948 Popienri
731 5872 861 5929 Lotlorii
884 5893 906 5928 c.
926 5877 982 5940 tlb';
1015 5869 1087 5928 MG.
1114 5870 1177 5927 LL.
1204 5870 1347 5940 112557.
1451 5870 1480 5925 51
1505 5870 1617 5946 Repetit
1639 5871 1683 5928 liic
1706 5892 1796 5928 conon
1821 5903 1864 5911 —
1888 5893 1947 5928 (νυνι
1965 5875 2069 5944 fhroro
2093 5873 2222 5931 uberiore
