4884 6717
680 520 731 576 44.
768 518 987 576 CONCILIUM
1011 518 1237 575 PARISIENSB
1261 519 1297 573 A.
1318 515 1392 573 825.
1796 514 1858 577 511

210 717 341 771 fortimdo
371 717 502 771 scinditur
530 735 622 788 neque
651 718 741 788 gloria
770 717 906 771 diuiditur.
953 716 1028 771 Siout
1058 715 1131 770 enim
1163 732 1237 786 quae
1267 724 1343 769 tenet
1373 722 1466 769 noster
1492 716 1661 785 principatus
1689 723 1717 769 et
1741 725 1863 787 potestas

209 842 273 890 una,
302 825 341 877 sie
372 833 400 878 et
428 841 502 894 quae
532 841 599 894 erga
628 841 679 877 nos
707 822 872 894 glorificatio
901 841 957 877 uria
980 833 1009 876 ct
1031 840 1085 877 riou
1109 823 1222 886 multae,
1252 822 1383 892 quoniam
1413 822 1540 892 imaginis
1569 822 1656 876 honor
1686 822 1722 875 ad
1745 824 1861 893 primam

209 931 325 984 fonnem
348 931 454 985 transit.

316 1027 397 1091 Item
423 1029 527 1092 saneti
543 1027 657 1091 Basilii
681 1029 714 1091 in
731 1025 870 1114 epistola
889 1027 932 1090 ad
946 1025 1109 1093 Iulianum
1133 1027 1362 1112 imperatorem
1387 1027 1501 1089 missa:
1527 1031 1704 1090 Secundmn¹
1728 1036 1765 1104 id,
1788 1038 1863 1107 quod

177 1144 337 1199 adiviuitus
360 1145 463 1214 datam,
485 1144 696 1198 haereditariam
725 1143 815 1212 nobis,
844 1143 1038 1197 inmaculatam
1063 1141 1278 1196 Christianorum
1301 1140 1384 1195 fidem
1407 1140 1540 1196 confiteor
1563 1152 1590 1196 et
1612 1142 1751 1213 promitto,
1780 1144 1863 1197 credo

210 1251 238 1304 in
260 1269 343 1305 unum
365 1252 457 1305 Deam
480 1259 587 1321 patrem
612 1250 835 1320 omnipotentem,
858 1250 950 1304 Deum
973 1257 1088 1319 patrem,
1111 1250 1202 1303 Deum
1226 1248 1321 1316 tilium,
1351 1249 1442 1303 Deum
1466 1247 1594 1318 Spiritum
1618 1257 1752 1316 salictum,
1781 1267 1863 1303 unum

209 1357 309 1412 Deum.
351 1358 429 1411 llaec
452 1358 505 1410 tria
527 1358 612 1412 adoro
637 1366 666 1411 et
687 1355 821 1428 glorifico.
862 1355 1002 1410 Confiteor
1020 1365 1112 1409 autem
1131 1365 1160 1409 et
1178 1354 1227 1409 filii
1251 1355 1384 1409 incarnati
1403 1355 1635 1426 dispensationem
1659 1363 1687 1408 et
1710 1356 1763 1410 Dei
1786 1356 1862 1426 geni·

209 1465 316 1528 tricem,
343 1481 416 1534 quae
439 1464 587 1518 secundnm
610 1481 720 1518 camum
743 1481 806 1518 oum
828 1463 933 1532 genuit,
959 1469 1081 1516 sanctam
1106 1463 1230 1516 Mariam.
1277 1460 1401 1532 Suscipio
1430 1479 1496 1515 vcro
1526 1471 1554 1514 et
1580 1469 1699 1515 sanctos
1712 1462 1864 1531 apostolos,

210 1571 360 1641 prophetas
383 1580 411 1625 et
433 1579 568 1641 urmyres
596 1579 624 1626 et
654 1571 690 1624 ad
713 1571 803 1624 Deum
834 1570 1065 1640 deprecationem,
1096 1587 1168 1639 (luae
1198 1587 1248 1639 per
1271 1587 1319 1622 eos
1345 1597 1381 1605 -—
1408 1568 1514 1622 scilieet
1536 1569 1590 1622 illis
1613 1568 1795 1622 mediantibus
1823 1597 1858 1605 -

167 1694 194 1734 ra
211 1677 418 1747 propitiatorem
440 1677 506 1731 mihi
529 1677 615 1732 eflicit
637 1677 914 1732 misericordissimum
930 1677 1020 1730 Dcmn
1036 1685 1065 1730 ct
1080 1676 1265 1730 rearissioiierir
1288 1676 1353 1729 mihi
1377 1675 1528 1729 facinorum
1552 1675 1712 1743 condonari,
1733 1692 1783 1745 pro
1807 1691 1863 1745 qno

212 1792 241 1837 et
262 1782 364 1855 figuras
387 1784 534 1854 irnagiumn
558 1802 652 1838 aarum
675 1785 778 1838 honoro
803 1793 831 1837 ct.
854 1785 948 1850 adoro,
971 1782 1129 1852 specialiter
1151 1783 1202 1835 hoc
1227 1783 1355 1836 traditum
1379 1791 1435 1834 tam
1453 1799 1470 1834 a
1486 1782 1586 1836 sanctis
1609 1781 1741 1851 apostolis
1765 1788 1793 1834 et
1808 1798 1863 1834 nou

210 1890 386 1961 prohibitum,
407 1891 457 1944 sed
481 1891 508 1944 iu
529 1891 654 1944 omnibus
678 1890 802 1945 ecclesiis
825 1891 925 1944 nostris
948 1907 1040 1943 corum
1064 1889 1241 1958 denigrantes
1264 1889 1413 1942 historiam.

319 1986 403 2052 Item
426 1989 497 2074 ipse
520 1988 554 2050 in
578 2009 726 2052 sermone
751 1999 937 2052 sanctorum
961 1986 1023 2050 XL
1047 1999 1242 2073 martyrum:
1268 1991 1361 2048 Nam2
1385 2004 1412 2048 et
1435 1995 1569 2048 bellorum
1594 1995 1793 2064 triumphasse
1809 1995 1863 2049 vie-

212 2104 301 2158 toriae
324 2113 351 2158 et
374 2121 528 2159 sennonem
550 2105 749 2174 conscriptores
772 2104 928 2158 multotiens
951 2111 979 2158 et
1001 2104 1120 2173 pictores
1143 2101 1307 2173 siginificant,
1331 2102 1443 2172 quidam
1467 2111 1558 2155 antem
1583 2101 1666 2156 verbo
1690 2103 1866 2170 adornantes,

169 2225 196 2267 u
214 2211 326 2281 quidam
349 2227 414 2265 vero
437 2210 539 2264 tabulis
560 2211 768 2281 praesignantes
790 2217 818 2263 et
840 2211 940 2264 multos
964 2219 1080 2281 uterque
1103 2211 1139 2263 acl
1163 2209 1318 2262 virilitatem
1343 2211 1541 2262 excitarenmt.
1577 2209 1656 2272 Quae
1680 2208 1752 2262 enim
1775 2225 1865 2262 sermo

213 2317 343 2371 historiae
366 2335 417 2386 per
439 2317 571 2384 auditum,
593 2317 663 2371 haec
686 2316 840 2386 conscripta
864 2316 947 2371 silens
970 2317 1121 2371 admonitio
1143 2335 1194 2386 per
1217 2316 1395 2370 imitationem
1418 2317 1595 2369 ‹terrionstrat

321 2413 403 2478 Item
427 2414 532 2477 sancti
554 2413 736 2477 Athanasii.
772 2413 988 2498 Interrogatio
1012 2412 1167 2478 Antiochi
1190 2413 1233 2477 ad
1257 2425 1403 2477 sanctum
1428 2412 1644 2476 Athanasium
1668 2434 1727 2498 pro
1751 2412 1864 2495 imagi·

213 2519 326 2585 nibus:
358 2519 544 2601 Quomodo,
574 2518 630 2583 lex
660 2531 692 2583 et
722 2520 899 2606 prophetae
929 2520 1093 2585 dieentes:
1125 2520 1269 2583 ‘Statuas
1299 2531 1331 2583 et
1361 2518 1589 2583 similitudines
1618 2540 1682 2581 non
1712 2517 1863 2583 adoretis‘

214 2650 315 2714 qnare
346 2650 423 2713 ergo
447 2649 506 2690 vos
530 2626 636 2690 facitis
663 2627 822 2711 imagines
854 2639 887 2690 et
913 2626 1055 2690 adoratis
1079 2626 1159 2690 eas?
1205 2626 1385 2712 Responsio
1409 2625 1597 2690 Athanasii:
1630 2631 1713 2689 >lon3
1735 2643 1767 2688 ut
1791 2636 1866 2689 Deos

169 2761 196 2801 ro
213 2745 347 2814 imagines
368 2745 524 2810 adoramus,
552 2761 602 2797 nos
631 2742 728 2797 fideles
751 2743 821 2798 sicut
843 2743 953 2813 pagani.
998 2743 1086 2797 Absit.
1132 2743 1188 2797 Sed
1211 2746 1398 2798 tantmnmodo
1422 2745 1524 2797 affectu
1548 2750 1576 2797 ct
1606 2743 1727 2798 caritatis
1756 2749 1866 2796 nostrae

214 2852 322 2905 atrimae
352 2851 388 2905 ad
418 2852 522 2904 vultum
551 2850 634 2905 faciei
664 2850 798 2920 imagines
824 2859 999 2921 apparentes.
1047 2851 1126 2906 Unde
1158 2851 1297 2904 mmtoties
1327 2852 1403 2904 vultu
1432 2852 1527 2906 deleto
1550 2851 1618 2904 sicat
1642 2850 1745 2920 liguum
1768 2868 1865 2919 purum

215 2965 299 3028 atque
322 2975 475 3020 commune,
498 2957 552 3011 iam
576 2958 651 3028 quod
674 2958 776 3011 (ludum
799 2957 890 3011 fuerat
912 2957 1013 3024 imago,
1036 2957 1226 3010 eomlmrimus.
1273 2956 1348 3010 Sicut
1372 2958 1443 3011 cuim
1468 2958 1551 3011 Iacob
1582 2957 1757 3027 aproximans
1786 2956 1865 3009 morti

215 3063 398 3119 smnmitatem
427 3064 522 3134 virgae
550 3064 649 3134 loseph
681 3064 815 3128 adoravit,
843 3081 898 3117 non
927 3063 1031 3132 virgam
1055 3062 1248 3126 honorificans,
1277 3064 1325 3117 scd
1349 3064 1396 3134 qui
1421 3081 1481 3118 eam
1505 3064 1627 3126 tenebat,
1656 3063 1694 3116 sic
1718 3071 1746 3117 et
1769 3061 1866 3117 fideles

214 3188 269 3226 uon
292 3189 341 3241 pro
364 3170 459 3240 aliquo
482 3170 537 3224 alin
559 3171 641 3224 modo
664 3171 797 3240 imagines
820 3170 974 3236 adoramus,
997 3188 1051 3223 non
1075 3187 1124 3239 pro
1148 3170 1283 3225 desiderio
1308 3169 1400 3240 effigie
1423 3171 1573 3224 declarata.

170 3293 197 3334 a
324 3267 407 3331 Item
432 3265 519 3330 beati
544 3265 659 3353 Cyrilli
683 3266 899 3330 Alexandrini
931 3268 1076 3353 episcopi
1101 3268 1133 3330 in
1157 3290 1306 3332 sermone
1330 3266 1464 3331 Matthei
1489 3265 1729 3352 evangelistae:
1760 3276 1865 3346 Depin-

214 3379 309 3456 gitur⁴
332 3383 403 3437 enim
426 3381 505 3450 fides,
528 3384 602 3453 qumi
626 3383 652 3436 in
676 3382 765 3436 forma
781 3383 834 3436 Ilei
854 3383 945 3436 existit
967 3383 1090 3452 verbum,
1112 3383 1180 3437 sicut
1204 3393 1233 3437 et
1256 3392 1364 3438 nostrae
1384 3385 1458 3437 ritae
1482 3385 1668 3454 redemptione
1692 3384 1801 3438 oblatus
1824 3390 1866 3437 est

215 3492 277 3545 l)eo
301 3490 449 3544 secundum
473 3497 593 3544 nostram
616 3489 819 3543 siusilitudinem
843 3489 951 3543 inclutus
974 3497 1002 3543 et
1025 3490 1114 3544 factus
1136 3490 1227 3543 horno.

321 3587 364 3650 Et
387 3586 473 3650 idem
497 3588 567 3673 ipse
591 3596 664 3672 post
688 3608 810 3672 pauca:
842 3591 1019 3664 Imaginum⁶
1048 3596 1127 3650 nobis
1157 3597 1270 3666 explent
1299 3615 1367 3666 opus
1400 3596 1553 3666 parabolae
1581 3595 1790 3668 significantium
1814 3596 1865 3650 vir·

213 3713 310 3768 uitem,
338 3704 457 3766 cuidam,
484 3704 623 3774 quomodo
654 3709 681 3756 ct
710 3703 849 3757 oculormu
879 3702 1002 3757 mlhihcri
1033 3713 1060 3755 et
1090 3704 1207 3773 palpatu
1239 3721 1334 3757 inanius
1364 3702 1467 3766 afferri,
1499 3704 1526 3756 iu
1558 3704 1688 3773 vestigiis,
1720 3702 1867 3771 mentibus,

170 3826 197 3868 to
214 3809 442 3881 inapparabiliter
464 3808 568 3863 habeus
592 3809 731 3863 visionem.

321 3907 402 3971 Item
427 3906 530 3970 sancti
554 3905 687 3992 Cyrilii:
713 3911 970 3981 Quernadmoihmr⁰
994 3915 1139 3986 imaginem
1163 3917 1225 3987 quis
1248 3916 1421 3984 designatam
1444 3918 1587 3972 iocundam
1604 3917 1763 3987 respexerit,
1787 3917 1865 3969 mira·

215 4025 286 4078 bitur
309 4023 420 4094 quidem
443 4023 516 4092 regis
539 4022 664 4092 liginum,
688 4031 715 4076 et
739 4040 812 4093 quae
835 4023 883 4076 illo
903 4035 1033 4093 apparet:
1058 4023 1126 4076 llaec
1144 4031 1170 4075 et
1187 4023 1246 4076 cius
1262 4042 1376 4077 litletona
1391 4025 1618 4094 eoiiscriptioucm
1635 4024 1737 4094 irariter
1752 4041 1867 4078 cenaeus

214 4129 408 4196 delectabitur,
429 4137 459 4183 ut
483 4130 569 4199 ipsum
594 4148 688 4198 regem
711 4129 838 4199 aspiciat,
862 4132 894 4183 et
917 4132 1036 4184 cetera.

321 4226 403 4290 Item
428 4227 532 4290 sancti
555 4225 744 4312 Epyphanii
768 4227 914 4312 episcopi
938 4225 1148 4291 Corrstantiae
1167 4227 1286 4313 Cypri:
1311 4231 1440 4290 Εῐῡιιίιιι7
1464 4237 1642 4307 imperatores
1658 4256 1708 4308 pro
1724 4257 1768 4306 eo,
1790 4238 1867 4308 quod

170 4362 198 4402 aa
214 4343 319 4397 hahent
343 4342 485 4414 imagines,
509 4361 562 4396 non
586 4344 641 4396 duo
665 4349 725 4396 suut
750 4343 939 4412 imperatores,
962 4345 1010 4397 scd
1034 4342 1182 4413 imperator
1205 4361 1273 4396 mins
1296 4361 1356 4396 cum
1381 4344 1509 4412 iurapn'ne.

322 4439 402 4503 Item
434 4441 537 4503 saneti
563 4437 720 4524 Stephani
751 4441 897 4525 episcopi
927 4439 1067 4504 Bostrou
1097 4439 1138 4503 ad
1169 4438 1326 4525 quosdam
1358 4439 1398 4504 de
1432 4439 1628 4526 imaginibus
1662 4451 1864 4504 sanctorum:

217 4556 282 4609 I)e”
305 4556 470 4626 imaginibus
494 4563 648 4609 sarictormn
673 4553 843 4618 confidimus,
866 4557 996 4626 «luntrium
1020 4575 1099 4609 ornnc
1124 4574 1201 4626 olins,
1224 4557 1298 4625 ‹ltrerd
1322 4555 1351 4609 lit
1376 4557 1401 4610 iu
1426 4557 1478 4611 Ilei
1502 4558 1620 4620 nomine,
1649 4558 1749 4610 boumn
1773 4567 1814 4611 est
1838 4566 1865 4611 et

215 4673 346 4717 sauctmn.
380 4663 465 4717 Aliud
489 4671 530 4716 est
554 4663 625 4716 onim
648 4663 740 4732 imago
763 4671 792 4715 et
814 4663 889 4716 aliud
912 4663 1095 4724 simulacrum.
1119 4664 1145 4716 id
1170 4670 1210 4716 est
1234 4664 1426 4717 statunculum.
1462 4666 1578 4728 Quando
1594 4665 1666 4718 euim
1682 4665 1760 4719 Deus
1775 4665 1865 4718 Adam

214 4770 371 4840 plasnmvit,
394 4770 523 4824 videlieet
546 4777 573 4824 ct
596 4770 727 4834 condidit,
750 4769 874 4823 ‹licebat:
901 4768 1055 4825 Faciamus
1078 4768 1213 4825 hoiiiiacm
1238 4769 1280 4824 ael
1300 4768 1448 4844 iiieayinem
1467 4778 1592 4826 nostram
1609 4777 1635 4826 et
1649 4769 1865 4838 mutitudinem,
1884 4789 2012 4838 assisto.

169 4973 198 5014 to
324 4964 467 5011 ltenetur
487 4960 522 5020 P,·
540 4979 603 5010 eom.
623 4977 635 5010 e
653 4960 716 5010 soni·
792 4963 824 5010 18
845 4959 888 5009 lex
909 4986 943 4993 -
961 4959 1082 5011 dieentes
1102 4960 1195 5011 simnia.
1213 4959 1288 5009 αὺεοί.
1362 4963 1396 5011 39
1415 4960 1583 5011 condidisset
1604 4959 1633 5012 P.

326 5126 354 5194 1)
378 5123 579 5194 Ps.·Basilias,
611 5124 743 5199 Epistola
767 5127 844 5193 360‚·
876 5121 950 5198 Opp
976 5123 1080 5181 Basilii
1102 5123 1159 5192 III,
1182 5128 1255 5183 462.
1305 5123 1353 5196 Cf.
1380 5123 1529 5182 Hndriaai
1551 5125 1641 5200 epist,
1673 5125 1774 5182 atlanti
1796 5125 1866 5194 XII,

215 5235 306 5291 1065.
355 5229 460 5289 Concil.
485 5230 605 5288 Menas.
630 5240 685 5288 act.
710 5231 775 5300 JV,
800 5230 864 5287 ibid.
891 5230 976 5300 XIII,
1003 5234 1053 5290 72.
1145 5229 1176 5300 2)
1201 5230 1336 5301 Basilius,
1362 5231 1487 5288 Ilmnilia
1511 5231 1594 5287 XIX
1619 5232 1648 5288 ia
1672 5231 1867 5309 quadraginta

214 5347 355 5412 martyres
376 5329 401 5415 ἕ
415 5343 453 5407 2,·
479 5337 552 5413 Opp.
570 5338 609 5408 ΙΙ,
629 5342 696 5397 119.
746 5339 795 5409 (ff.
819 5336 970 5395 Hadriaai
992 5337 1081 5412 epist,
1109 5337 1208 5394 Mauri
1230 5337 1299 5406 XII,
1327 5340 1414 5396 1067.
1500 5339 1530 5406 3)
1555 5338 1741 5406 Athanasius,
1768 5337 1863 5402 Quae·

214 5444 317 5501 sannas
332 5445 374 5502 ad
382 5444 548 5501 Antiochum
564 5453 670 5520 quaml.
685 5449 742 5512 39;
759 5445 833 5520 (app.
851 5443 894 5501 ed.
909 5441 1220 5513 dissonantiam.
1254 5442 1304 5517 Os.
1317 5444 1467 5501 Hadriani
1481 5444 1570 5520 epist,
1590 5445 1662 5502 lici.
1679 5443 1756 5520 Epp.
1771 5444 1803 5512 V,
1818 5447 1865 5503 31.

169 5569 197 5609 ta
218 5549 249 5619 4)
278 5551 363 5607 Hane
393 5560 419 5607 et
441 5551 511 5607 daos
538 5550 732 5627 subsequentes
762 5553 836 5608 locos
864 5551 939 5607 iuter
967 5570 1056 5625 opera
1082 5549 1182 5623 Cprilli
1203 5551 1326 5621 snatra
1355 5550 1494 5626 quaesivi;
1521 5550 1633 5626 primia
1662 5546 1695 5624 (l.
1711 5545 1866 5626 25—27)

214 5657 316 5734 ἱερέων
343 5656 372 5714 in
400 5656 551 5714 Hadriani
580 5657 705 5732 epistola,
738 5657 838 5714 Monoi
859 5657 928 5726 XII,
955 5661 1044 5717 1068.
1146 5657 1177 5714 nl
1202 5655 1320 5714 Ibidem.
1369 5655 1417 5728 Cf.
1449 5657 1531 5714 Libri
1554 5657 1684 5715 Uarolr'ai
1706 5656 1742 5714 11
1766 5677 1790 5714 e.
1813 5661 1865 5716 20.

216 5763 248 5834 6)
279 5763 398 5840 Lepitrir
419 5763 449 5818 ia
472 5763 624 5820 Hadriani
645 5763 771 5840 epistola,
796 5762 869 5821 ΜΘ.
896 5763 973 5840 I‘J'pp.
997 5763 1095 5834 V,33.
1188 5764 1219 5833 l)
1252 5763 1369 5840 Lepitar
1390 5763 1420 5820 ia
1444 5763 1594 5820 Hadriani
1616 5764 1743 5840 epistola,
1769 5763 1869 5820 Menai

215 5869 286 5940 XII,
303 5873 393 5932 1069.
485 5869 516 5938 8)
540 5868 632 5938 ltid.;
655 5870 1003 5940 1.]..11110691072
1026 5863 1093 5946 (eol.
1110 5874 1191 5930 1070
1201 5891 1244 5947 sq.
1269 5870 1395 5928 uerriom
1420 5869 1536 5928 Graeca
1559 5865 1758 5948 occupantia).
