4884 6717
729 524 781 579 46.
817 523 1035 581 CONCILIUII
1058 523 1259 580 ROIIAXUM
1282 525 1318 579 A.
1342 522 1417 579 826.
1834 514 1898 577 577

247 712 484 797 episcoporum,
516 733 653 796 qnorum
678 710 846 774 dioceseos
870 712 1024 790 existunt,
1056 711 1098 774 ad
1122 709 1254 775 easdem
1277 709 1441 790 utilitates,
1473 707 1591 796 quibus
1615 710 1790 773 constituta
1814 718 1897 788 sunt,

247 817 446 899 ordinentur,
471 831 505 881 ut
529 816 632 881 debiti
655 840 756 904 panes
780 829 877 904 atque
901 840 978 882 eure
1001 816 1239 904 pertinentibus
1263 826 1478 881 revertantur.

294 950 401 1006 Forma
425 950 525 1006 minor.
566 950 676 1005 XXIII.
712 952 763 1007 De
787 952 1030 1007 senodochiis
1061 959 1096 1006 et
1120 952 1207 1007 aliis
1231 952 1419 1006 similibus
1442 950 1548 1005 locis.
1595 950 1651 1005 Per
1679 949 1897 1004 sollicitudinem

408 1059 611 1129 episcoporum,
636 1060 663 1112 iu
688 1075 805 1129 quorum
824 1060 969 1114 dioceseos
993 1060 1129 1124 existunt,
1153 1060 1188 1114 sd
1207 1060 1322 1113 easdem
1341 1056 1490 1123 utilitates,
1516 1057 1619 1128 quibus
1642 1057 1797 1111 constituta
1820 1061 1897 1122 sunt,

214 1183 228 1222 s
406 1165 581 1230 ordinentur,
607 1172 637 1218 ut
661 1166 751 1220 debiti
774 1183 864 1237 panes
888 1174 975 1236 atque
1000 1184 1083 1222 curae
1107 1166 1318 1238 pertinentibus
1341 1171 1531 1220 revertuntur.

353 1296 499 1363 XXIIII.
535 1296 598 1360 De
629 1298 724 1382 piis
755 1296 900 1378 locis,
937 1320 1022 1384 que
1053 1300 1156 1363 sine
1185 1296 1498 1384 presbyteris
1529 1298 1760 1363 existunt.
1815 1298 1898 1364 Sunt

247 1403 407 1490 quaedam
432 1405 486 1491 pia
511 1403 591 1482 loca,
616 1415 651 1468 ut
674 1404 786 1482 fertur,
810 1405 844 1468 in
867 1403 1007 1468 dirersis
1031 1403 1217 1491 regionibus
1242 1406 1385 1485 inventa,
1416 1426 1500 1490 quae
1532 1405 1577 1468 ita
1600 1406 1700 1491 impia
1723 1404 1896 1470 solitudine

247 1521 279 1574 et
302 1509 525 1574 sacerdotibus
549 1509 703 1574 destituta
726 1510 878 1597 nulloque
903 1509 1013 1575 debito
1036 1510 1158 1576 ibidem
1175 1522 1347 1576 resonante
1364 1512 1507 1575 existunt
1524 1510 1641 1591 officio,
1666 1522 1711 1592 ut,
1736 1535 1809 1576 cnm
1834 1513 1897 1576 sint

247 1641 304 1704 pro
328 1617 397 1681 sola
420 1617 484 1681 Dei
508 1618 604 1682 laude
628 1620 812 1695 constituta,
844 1618 954 1683 diuino
978 1617 1160 1682 adtestante
1184 1617 1334 1683 oraculo:
1365 1618 1487 1682 Darasa
1516 1643 1585 1683 rnen
1609 1619 1720 1683 domus
1743 1622 1897 1684 orationis
1916 1645 2078 1696 usuraria.

201 1751 228 1790 re
247 1740 299 1803 est,
330 1746 416 1789 nunc
447 1736 554 1789 autem
586 1737 620 1788 ut
652 1724 734 1788 aliae
768 1724 881 1788 domus
912 1724 1049 1788 utilitate
1080 1723 1297 1789 saecularium
1326 1723 1492 1788 hominum
1521 1723 1651 1788 sordide
1675 1725 1895 1789 inveniuntur.

247 1831 383 1918 Itaque¹
416 1832 443 1894 si
473 1833 605 1917 proprio
635 1832 706 1894 iure
738 1830 875 1895 eclesiae
900 1843 974 1896 sunt
997 1829 1174 1912 subiectae,
1206 1832 1380 1918 episcopus
1410 1829 1532 1895 ibidem
1563 1830 1633 1894 sine
1657 1830 1896 1895 intermissione

247 1936 454 2024 presbyteros
480 1961 552 2002 cunr
577 1938 758 2002 sufficiente
783 1959 860 2000 suae
884 1937 1031 2002 utilitatis
1059 1960 1119 2024 ope
1145 1939 1329 2019 constituat,
1359 1949 1401 2019 et,
1429 1938 1457 2001 si
1487 1936 1703 2001 saecularium
1732 1936 1897 2002 hominum

248 2055 321 2108 sunt
344 2045 434 2108 iurae
459 2046 644 2124 constituta,
669 2043 711 2108 ab
736 2045 890 2130 episcopo
913 2044 998 2108 illius
1022 2043 1191 2109 dioceseos
1215 2043 1460 2124 admoneantur,
1492 2054 1534 2124 et,
1563 2044 1591 2107 si
1621 2042 1779 2108 admoniti
1809 2066 1896 2130 pres·

247 2149 379 2236 byteros
410 2150 495 2214 inira
526 2152 622 2215 trium
653 2151 811 2215 mensium
841 2152 981 2236 spatium
1012 2149 1134 2215 ibidem
1167 2150 1371 2236 neglexerint
1401 2152 1607 2232 constituere,
1639 2173 1750 2214 curam
1778 2149 1898 2216 exinde

202 2281 229 2321 rs
247 2256 370 2322 habens
406 2258 578 2344 episcopus
618 2255 741 2344 absque
780 2256 932 2343 neglectu
970 2258 1151 2343 principem
1191 2267 1360 2344 suggerat,
1400 2269 1560 2345 quatenus
1599 2258 1668 2321 eius
1708 2256 1900 2321 emendetur

247 2365 416 2428 sententia.

293 2496 402 2552 Flrrnro
425 2497 525 2553 minor.
571 2497 697 2552 XXIIII.
733 2498 865 2570 Episcopi
889 2499 917 2552 in
940 2499 1060 2570 propriis
1083 2499 1140 2552 suis
1164 2498 1292 2554 aeclesiis
1315 2499 1499 2570 presbyteros
1522 2498 1671 2566 ordinent3
1697 2498 1797 2569 quodsi
1822 2498 1898 2569 quis·

406 2604 477 2659 libet
502 2604 572 2659 alius
595 2604 677 2660 horno
701 2606 729 2660 in
752 2623 803 2659 sua
825 2604 898 2659 infra
922 2605 1005 2658 trium
1028 2606 1165 2659 mensium
1181 2606 1306 2676 spacium
1322 2605 1358 2660 ab
1375 2605 1507 2677 episcopo
1523 2605 1683 2660 admonitus
1700 2606 1899 2677 presbyterum

406 2729 462 2766 uon
486 2711 602 2776 miserit,
629 2713 778 2782 episcopus
801 2711 920 2782 principi
944 2720 1089 2783 suggerat,
1115 2719 1146 2766 ut
1170 2713 1222 2768 boc
1247 2713 1425 2768 emendetur.

202 2867 229 2907 so
354 2843 464 2907 XXV.
507 2844 571 2908 De
607 2843 879 2909 destructis
916 2843 1162 2909 ecclesiis.
1217 2844 1368 2909 Eclesiae
1404 2854 1437 2909 et
1466 2842 1631 2932 quaelibet
1658 2846 1713 2930 pia
1742 2843 1813 2909 loca
1843 2843 1898 2908 de·

248 2961 369 3014 structa
394 2951 573 3015 reiacentia
603 2952 782 3037 promissae
813 2961 910 3037 atque
942 2963 1113 3038 susceptae
1137 2951 1295 3016 formatae
1320 2953 1547 3017 constitutione
1571 2952 1702 3038 proprio
1728 2948 1899 3037 dispendio

354 3169 460 3218 XXIII.
491 3172 502 3218 l
532 3163 732 3234 episcoporum]
761 3169 827 3219 haec
853 3168 914 3218 aad.
933 3168 966 3218 Β.
1051 3184 1165 3234 quonam
1190 3168 1257 3219 deest
1282 3167 1312 3218 F.
1331 3167 1363 3218 L.
1448 3170 1572 3220 dioceses
1598 3168 1659 3230 ΓΙ,
1688 3170 1847 3220 dioeceseos
1867 3167 1900 3218 B.

248 3258 347 3307 existat
366 3257 419 3306 ΓΙ.
435 3256 466 3314 F,
486 3257 663 3308 exsistantll
670 3263 693 3306 1.
753 3257 787 3307 ad
807 3251 926 3320 easdem]
946 3255 1075 3308 aliasdem
1094 3256 1128 3318 F,
1147 3258 1257 3308 easdem
1275 3257 1350 3307 etium
1368 3256 1400 3307 L.
1416 3257 1478 3308 ΙΙΙ.
1538 3256 1663 3308 utilitatis
1683 3257 1736 3316 ΓΙ,
1756 3257 1900 3308 utilitatem

249 3345 280 3396 L·
301 3346 363 3396 lsi.
420 3346 541 3397 adebiti
561 3341 656 3412 panes]
679 3346 777 3397 desitis
798 3347 852 3406 ΓΙ,
872 3347 971 3396 debitis
990 3345 1023 3396 B.
1078 3362 1161 3396 curae
1180 3346 1213 3395 B.
1232 3345 1266 3396 L.
1320 3347 1518 3412 pertinentibus
1537 3340 1715 3410 revertantur]
1736 3347 1900 3412 pertinentes

204 3438 400 3486 reconsutam
425 3435 491 3486 alr.
583 3430 761 3500 revertantur]
787 3443 894 3486 vertant
920 3434 951 3486 G.
989 3460 1024 3469 -
1060 3461 1096 3469 -
1139 3437 1154 3484 3
1180 3434 1353 3486 senedochiis
1379 3434 1440 3496 ΓΒ,
1468 3435 1646 3486 senedochiis
1672 3435 1706 3485 Μ
1714 3438 1739 3486 3.
1758 3441 1790 3493 4,
1818 3451 1900 3486 xeno·

249 3525 356 3575 docbiis
376 3524 407 3576 P.
463 3520 1259 3589 4111]ὴὶῐυΜ2.Γ2.3,1]1110114,ὴίῃοωπ,ἰηΓ4.
1315 3517 1441 3589 quorum]
1460 3539 1553 3573 corum
1566 3524 1630 3578 Me.
1686 3524 1828 3575 dioceseos
1846 3524 1900 3574 t's.

250 3607 294 3676 ad]
315 3621 341 3662 et
361 3613 426 3663 312.
445 3613 499 3662 1⁹5.
572 3614 686 3679 bpanis
707 3613 769 3662 113.
843 3615 932 3678 adque
953 3613 1006 3663 1'3.
1080 3629 1143 3663 cure
1166 3613 1218 3663 ΓΙ.
1232 3617 1257 3664 3.
1277 3613 1340 3663 MS·
1360 3612 1390 3664 P.
1411 3612 1464 3663 Vs.

356 3720 477 3770 XXIIII.
507 3721 522 3770 e
542 3720 665 3769 XXIIII.
682 3720 723 3770 De
734 3745 769 3754 -
779 3715 907 3782 existunt]
923 3721 960 3769 itu
979 3720 1032 3780 ΓΙ,
1052 3720 1171 3774 XXIIII.
1185 3721 1227 3770 De
1240 3721 1292 3785 piis
1307 3718 1383 3777 locis,
1396 3735 1466 3785 qnae
1479 3721 1538 3770 sine
1551 3720 1724 3786 presbyteros
1738 3720 1856 3770 existunt
1869 3717 1901 3780 F,

251 3809 373 3859 XXIIII.
392 3810 434 3860 De
454 3810 506 3875 piis
528 3808 603 3867 locis,
623 3825 692 3873 quae
711 3811 769 3860 sinc
789 3810 953 3873 presbyteris
973 3810 1092 3860 existunt
1112 3809 1145 3860 0.
1158 3808 1189 3868 L,
1209 3808 1308 3858 XXIV.
1328 3808 1362 3860 B.
1434 3803 1615 3874 Iqusedam]
1634 3809 1743 3873 quidam
1764 3807 1796 3858 F.
1854 3810 1902 3875 pia

205 3893 321 3960 101οο0]
342 3896 451 3965 piacula
471 3898 524 3947 ΓΙ.
609 3892 648 3960 utl
669 3898 737 3948 baec
758 3897 810 3948 ΓΙ.
892 3892 988 3962 terrm]
1008 3899 1120 3948 refertur
1139 3897 1171 3948 F.
1255 3913 1308 3962 que
1328 3896 1359 3947 F.
1378 3897 1411 3952 L.
1495 3892 1542 3961 ita]
1562 3899 1599 3948 ibi
1620 3896 1653 3947 F.
1744 3891 1902 3960 solitudine]

250 3986 436 4037 sollicitudine
451 3986 483 4049 G,
497 3985 636 4036 solitudini
650 3985 681 4037 L.
737 3981 993 4051 Sdebitoldevitae
1014 3987 1065 4037 ΓΙ.
1121 3993 1294 4037 resonantem
1314 3985 1339 4034 Γ
1342 3992 1366 4048 Ι,
1387 3994 1517 4037 resonant
1529 4003 1579 4037 nec
1595 3987 1627 4037 (Ι.
1685 3987 1784 4036 existat
1803 3985 1855 4036 ΓΙ.
1870 3985 1902 4036 F.

251 4077 341 4127 officia
361 4077 393 4125 (i.
458 4076 493 4126 sit
512 4075 565 4124 ΓΙ.
586 4074 617 4125 F.
683 4074 827 4127 blandem
846 4076 901 4126 ΓΙ.
965 4069 1121 4139 constituta]
1141 4077 1283 4128 coustituit
1302 4071 1333 4125 L.
1400 4082 1546 4126 attestante
1566 4074 1599 4125 B.
1620 4075 1652 4125 0.
1722 4076 1754 4126 10
1773 4081 1803 4125 nt
1822 4068 1903 4139 aliae}

250 4167 284 4216 ad
303 4164 357 4214 alie
379 4163 408 4214 F.
495 4163 638 4215 utilitatem
658 4163 688 4214 F.
770 4163 931 4216 secularium
951 4163 981 4215 F.
1003 4167 1035 4215 (I.
1118 4165 1246 4215 sordidae
1267 4164 1299 4226 0,
1328 4164 1433 4215 sordire
1451 4163 1484 4224 L,
1512 4164 1624 4214 sordere
1645 4163 1678 4214 Β.
1766 4167 1794 4214 11
1816 4158 1905 4228 inrue]

249 4251 620 4314 terramtenus.
675 4251 808 4304 ecclesiae
829 4253 861 4304 B.
876 4253 906 4310 L,
923 4273 972 4319 pro
989 4254 1074 4304 datico
1092 4253 1280 4318 iutelliymdum
1298 4261 1341 4304 cst.
1396 4254 1449 4304 sint
1469 4253 1501 4304 Β.
1515 4251 1548 4313 F,
1566 4252 1633 4304 deest
1646 4253 1678 4304 G.
1732 4254 1856 4304 subiecta
1871 4251 1903 4312 F,

205 4352 232 4392 at
248 4343 299 4393 icil.
319 4343 423 4393 domus.
513 4343 740 4393 intermissionem
767 4342 791 4389 Γ
801 4347 823 4393 Ι.
850 4341 882 4393 F.
975 4344 1007 4393 11
1032 4343 1253 4409 presbyterorum
1279 4342 1335 4392 ΓΙ.
1362 4341 1396 4402 L,
1422 4343 1609 4408 presbyterum
1630 4343 1666 4403 (Ι,
1692 4343 1851 4409 presbytero
1874 4340 1903 4391 F.

249 4432 414 4482 sufficientes
441 4431 497 4492 ΓΙ,
523 4431 704 4482 sufficientiae
725 4431 757 4481 G.
841 4426 977 4493 utilitatis]
1006 4433 1104 4482 aetatis
1125 4431 1157 4482 F.
1242 4425 1305 4497 ope]
1330 4431 1368 4482 ita
1392 4429 1425 4481 B.
1446 4429 1478 4492 F,
1504 4447 1585 4496 opere
1611 4431 1668 4481 ΓΙ.
1695 4429 1726 4492 L,
1753 4433 1843 4497 operis
1872 4428 1903 4480 (1.

249 4520 412 4571 secularium
433 4523 491 4580 (1,.
512 4559 518 4570 .
538 4559 544 4570 .
566 4519 662 4571 larium
682 4519 714 4573 F.
790 4522 821 4570 13
846 4529 908 4570 sunt
927 4522 961 4572 at.
980 4538 1048 4570 man.
1066 4538 1130 4571 corr.
1149 4521 1201 4571 sub
1221 4520 1275 4569 ΓΙ.
1289 4518 1322 4570 Β.
1394 4527 1456 4570 sunt
1481 4514 1567 4584 iurae]
1594 4521 1669 4570 iuras
1688 4528 1752 4570 sunt
1772 4520 1824 4578 ΓΙ,
1845 4521 1904 4570 iure

249 4611 303 4659 siut
323 4610 354 4660 B.
428 4604 515 4674 iuras]
533 4610 568 4659 itu
589 4609 641 4659 ΓΙ.
661 4608 693 4668 L,
713 4610 771 4659 iure
791 4608 824 4659 B.
838 4608 871 4659 F.
886 4609 917 4659 G.
990 4610 1154 4660 constitutae
1173 4608 1206 4666 B,
1227 4610 1375 4660 consti...
1395 4607 1429 4658 F.
1506 4603 1550 4673 sb]
1570 4609 1605 4659 sd
1619 4608 1651 4658 F.
1724 4609 1858 4675 episcopis
1872 4608 1904 4658 L.

251 4697 386 4749 dioecesis
406 4698 438 4749 Β.
512 4698 690 4749 admoneatur
709 4698 764 4747 ΓΙ.
837 4692 915 4762 etsi]
935 4735 941 4747 .
961 4734 968 4749 .
988 4735 994 4747 .
1014 4697 1046 4748 F.
1120 4697 1260 4748 admonita
1279 4697 1334 4746 Vr.
1408 4697 1570 4762 presbyteris
1591 4697 1644 4758 ΓΙ,
1664 4698 1850 4764 presbyterum
1872 4697 1904 4756 0,

206 4795 234 4834 eo
252 4788 410 4853 presbytero
430 4787 461 4837 L.
555 4788 586 4836 tt
606 4802 747 4837 mensuum
767 4786 821 4846 ΓΙ,
848 4802 971 4837 men...
991 4784 1021 4846 F,
1049 4802 1170 4836 mensum
1188 4785 1221 4837 L.
1306 4784 1457 4853 neglexerit
1476 4786 1530 4836 ΓΙ.
1551 4787 1583 4836 G.
1602 4785 1634 4836 L.
1725 4779 1903 4849 constituere]

252 4892 358 4926 ...ere
377 4873 409 4926 F.
484 4878 516 4926 15
536 4877 668 4942 episcopo
689 4874 721 4925 F.
795 4877 942 4942 episcopus
962 4869 1074 4940 absque]
1094 4911 1101 4925 .
1121 4911 1128 4925 .
1148 4910 1155 4926 .
1174 4872 1205 4924 F.
1280 4873 1435 4941 neglectum
1455 4875 1655 4940 V1,neglecta
1676 4875 1708 4926 F.
1728 4874 1760 4926 0.
1833 4877 1904 4940 prin-

251 4966 340 5030 cipem
357 4964 424 5016 deut
443 4965 496 5026 ΓΙ,
515 4966 632 5031 principi
652 4965 684 5014 θ.
748 4959 888 5030 suggerat]
903 4980 1050 5029 suggerere
1070 4964 1124 5024 ΓΙ,
1144 4980 1286 5029 sugger..
1309 4962 1339 5015 F.
1403 4959 1657 5029 quatenusl...F.
1725 4966 1781 5016 eius
1793 4964 1859 5014 deest
1873 4962 1906 5013 1..

253 5048 420 5118 emendetur]
440 5053 612 5104 remendetnr
631 5053 684 5103 ΓΙ.
742 5054 774 5103 16
793 5054 956 5103 sententiam
973 5052 1006 5103 F.
1022 5051 1055 5103 L.
1072 5079 1108 5087 -
1126 5078 1162 5087 -
1183 5055 1213 5104 li
1235 5048 1272 5117 in]
1291 5054 1328 5102 im
1348 5052 1401 5103 ΓΙ.
1456 5051 1580 5104 ecclesiis
1601 5053 1654 5102 ΓΙ.
1674 5052 1705 5103 Ρ.
1726 5053 1778 5114 ΓΙ,
1798 5053 1905 5104 aeccle·

253 5142 301 5192 siis
322 5141 375 5202 ΓΒ,
395 5141 503 5192 celestis
523 5140 586 5191 Ma.
607 5147 631 5191 t.
695 5140 810 5206 quilibet
830 5142 884 5192 Γ3.
903 5141 1005 5191 1114.
1025 5140 1056 5191 Ρ.
1076 5141 1130 5191 ΓΙ.
1197 5143 1229 5192 18
1247 5136 1308 5206 sua]
1328 5141 1444 5193 basilios
1461 5142 1522 5193 add.
1541 5139 1607 5204 (eud.
1626 5140 1727 5206 rami)
1745 5141 1776 5192 P.
1843 5160 1904 5208 sps·

208 5231 321 5281 &tium
341 5231 394 5280 ΓΙ.
414 5230 516 5281 Mas.
537 5229 567 5279 P.
649 5232 812 5280 ammonitus
833 5230 889 5280 Pr.
973 5233 1005 5281 19
1024 5238 1134 5296 sugeret
1153 5231 1206 5291 ΓΙ,
1229 5237 1367 5296 ...gerat
1386 5231 1449 5281 ΙΙΙ.
1532 5231 1779 5283 emendaturus.
1799 5230 1829 5282 P.
1850 5231 1904 5281 ΓΙ.

359 5337 442 5387 XXV.
471 5339 505 5388 20
523 5336 606 5386 XXV.
627 5337 668 5386 De
684 5360 715 5370 -
730 5332 867 5401 ecclesiis]
886 5338 922 5386 ita
941 5337 995 5396 ΓΙ,
1020 5339 1178 5389 ...tractis
1203 5336 1277 5389 eccle
1360 5337 1392 5398 F,
1412 5338 1496 5388 XXV.
1517 5339 1558 5388 De
1578 5337 1686 5389 eclesiis
1706 5340 1851 5390 destructis
1872 5339 1905 5398 G,

254 5427 339 5476 XXV.
366 5426 408 5476 De
434 5427 580 5476 destructis
607 5425 732 5476 ecclesiis
756 5432 783 5476 et
808 5427 860 5491 piis
888 5425 955 5476 locis
981 5431 1014 5484 (r.
1033 5443 1088 5476 eurr.
1109 5425 1154 5488 24)
1172 5425 1204 5487 L,
1227 5426 1310 5476 XXV.
1330 5425 1363 5477 Β.
1454 5425 1580 5478 Ecclesia
1599 5427 1632 5486 Β,
1660 5426 1803 5478 Ecclesiae
1824 5426 1853 5477 F.
1874 5426 1904 5477 L.

254 5513 376 5580 qualibet
396 5514 428 5564 F.
450 5514 479 5564 L.
571 5514 632 5564 loca
658 5509 808 5577 destructa]
829 5521 978 5564 ...tructa
998 5514 1030 5565 F.
1126 5517 1158 5566 21
1185 5510 1551 5582 promissae—susceptae]
1577 5532 1678 5581 pro..
1700 5523 1851 5583 .snscepte
1872 5515 1904 5566 F.

254 5598 398 5668 sonnatae]
418 5611 540 5655 eromata
559 5611 585 5654 et
605 5603 636 5653 F.
728 5598 932 5667 constitutione]
952 5621 1066 5655 eou...
1088 5603 1119 5664 F,
1149 5605 1371 5654 constitutionem
1392 5603 1424 5666 G,
1444 5600 1575 5654 constitut
1594 5621 1643 5655 nos
1663 5604 1694 5655 L.
1786 5601 1905 5672 proprio}

209 5703 238 5743 to
256 5728 263 5742 .
283 5730 289 5741 .
309 5729 316 5741 .
336 5693 395 5757 prio
415 5691 446 5742 F.

367 5873 395 5942 ι)
422 5871 470 5945 cs.
493 5872 526 5930 u
544 5873 631 5942 sas,
656 5874 674 5929 1.
699 5873 717 5929 1.
742 5873 899 5950 rasosq.

310 5987 354 6030 Lis.
371 5986 471 6028 &uellit
483 5988 513 6028 11.
