4884 6717
635 491 702 555 614
1109 498 1161 554 44.
1199 498 1419 556 CONCILIUM
1442 499 1669 557 PARISIENSE
1692 500 1730 556 A.
1748 499 1823 556 825.

636 703 666 749 et
687 695 779 763 fusile,
809 696 929 764 leonum,
957 695 1042 750 boum
1066 703 1094 751 et
1115 697 1270 766 palmarum
1300 703 1328 750 et
1349 697 1488 751 hominnm
1527 707 1556 752 et
1585 715 1639 751 non
1670 703 1713 751 est
1738 697 1920 767 reprehensus
1943 714 1961 750 a
1983 697 2055 751 Deo.
2101 696 2129 752 Si
2153 697 2225 753 enim
2245 717 2283 752 me

636 802 840 872 reprehendere
863 803 904 856 vis
926 821 977 873 pro
1001 802 1175 874 imaginibus,
1197 804 1369 873 reprehende
1393 805 1493 871 Deum,
1516 805 1564 874 qui
1586 804 1656 858 haec
1678 802 1737 857 tieri
1761 804 1847 872 iussit,
1870 804 1898 856 in
1920 804 2053 858 memoria
2075 805 2133 858 eius
2149 821 2209 858 esse
2226 822 2285 876 erge

636 927 696 962 nos.
741 910 861 963 Iudaeus
883 909 966 963 dixit:
1001 908 1056 963 Sed
1086 927 1141 963 non
1172 909 1360 963 adorabantur
1389 911 1454 965 illae
1485 911 1554 964 sicut
1576 910 1614 964 dii
1636 911 1835 978 similitudines,
1865 911 1914 964 sed
1943 910 2074 964 memoria
2104 913 2284 966 tantummodo

638 1014 732 1069 fiebat.
779 1015 949 1069 Christianus
979 1016 1062 1070 dixit:
1100 1015 1177 1069 Bene
1208 1016 1310 1084 dixisti,
1347 1034 1438 1087 neque
1468 1034 1486 1070 a
1514 1016 1594 1070 nobis
1624 1025 1653 1070 ut
1684 1017 1721 1070 dii
1758 1018 1907 1070 adorantur
1943 1024 2097 1070 sanctorum
2127 1016 2234 1088 effigies
2260 1028 2285 1072 et

638 1123 773 1193 imagines
796 1130 824 1175 et
847 1121 933 1192 sigua.
980 1120 1008 1176 Si
1033 1122 1103 1176 enirn
1127 1131 1157 1176 ut
1180 1123 1271 1177 Deum
1295 1124 1411 1176 adorant
1433 1123 1567 1194 lignorum
1589 1123 1733 1194 imagines,
1755 1123 1894 1177 debebunt
1917 1124 2025 1178 omuino
2050 1131 2078 1177 et
2100 1132 2193 1178 cetera
2216 1125 2310 1196 ligas

639 1230 772 1296 adorare,
796 1228 818 1280 si
841 1246 907 1282 vero
931 1236 961 1282 ut
983 1229 1075 1283 Deum
1099 1230 1246 1283 adorarent
1268 1229 1382 1301 lignum,
1404 1247 1458 1284 non
1482 1230 1590 1284 omnino
1614 1230 1707 1284 deleta
1730 1228 1823 1300 effigie
1846 1230 1994 1300 imaginem
2017 1231 2202 1284 incenderent.

746 1325 790 1390 Et
812 1326 947 1390 iterum:
972 1331 1099 1389 Damus¹
1123 1352 1178 1405 que
1202 1344 1264 1388 sunt
1287 1353 1396 1390 annexa
1418 1337 1472 1389 duo
1496 1337 1571 1408 ligna
1593 1337 1690 1405 erucis,
1713 1338 1798 1390 adoro
1821 1337 1928 1407 signum
1945 1344 2058 1406 propter
2074 1336 2220 1402 Christum,
2243 1338 2284 1408 qui

638 1443 667 1495 in
691 1459 725 1496 ea
747 1441 891 1496 entcifixus
915 1451 972 1509 est3
1004 1451 1033 1495 ut
1054 1442 1101 1495 ubi
1125 1442 1212 1495 divisa
1235 1443 1336 1495 firerint
1358 1443 1395 1495 ah
1419 1443 1589 1513 alterutrum,
1612 1443 1715 1512 proieio
1738 1459 1773 1496 ea
1797 1449 1825 1496 et
1846 1443 1971 1496 incendo.
2017 1444 2053 1496 Et
2076 1443 2145 1497 sieut
2168 1445 2216 1515 qui
2238 1445 2284 1498 itm

639 1549 743 1602 sionem
766 1549 938 1618 imperatoris
961 1548 1111 1618 suscipiens
1134 1557 1162 1602 et
1185 1549 1325 1602 osculatus
1348 1559 1389 1602 est
1412 1549 1527 1619 signum,
1549 1567 1604 1602 non
1627 1549 1714 1602 lutum
1733 1548 1851 1602 honorat
1873 1559 1922 1602 airt
1945 1557 2049 1603 cartam
2072 1557 2120 1602 aut
2139 1550 2286 1620 plumbum,

639 1657 688 1710 sed
711 1657 868 1725 imperatori
894 1656 1010 1709 salntem
1035 1664 1063 1708 et
1084 1655 1290 1709 venerationem
1314 1656 1441 1721 reddidit,
1464 1656 1501 1709 sic
1525 1663 1553 1709 et
1569 1655 1783 1709 Christianonrm
1805 1656 1882 1725 pueri
1906 1657 2012 1726 signum
2035 1657 2122 1710 crucis
2144 1657 2286 1711 adorantes
2301 1676 2321 1712 n

638 1781 693 1817 non
716 1770 842 1816 namnam
866 1762 933 1833 ligni
957 1779 1129 1830 veneramur,
1152 1762 1200 1815 sed
1223 1763 1329 1831 signnm
1354 1769 1381 1815 et
1403 1761 1518 1832 figuram
1535 1760 1643 1815 Christi.
1680 1762 1773 1831 Ipsum
1796 1763 1921 1816 videntes
1942 1780 1994 1832 per
2015 1764 2113 1832 ipsum,
2136 1763 2183 1833 qui
2207 1765 2234 1816 in
2256 1781 2286 1817 ea

639 1867 783 1922 enreifixus
806 1877 857 1936 est,
879 1868 1034 1922 osculamur
1057 1877 1086 1921 et
1108 1869 1253 1921 adoramus
1277 1869 1309 1921 et
1332 1870 1450 1922 cetera.

746 1965 790 2029 Et
812 1976 887 2050 post
910 1987 1032 2050 pauca:
1058 1971 1155 2029 Sicut2
1178 1974 1250 2027 enim
1274 1975 1378 2044 virgam
1398 1974 1508 2038 Christi,
1531 1992 1639 2029 crucem
1662 1976 1816 2044 adoramus,
1839 1977 1999 2030 sicutenim
2022 1978 2115 2031 sedem
2139 1985 2168 2030 et
2189 1978 2285 2031 lectum

640 2082 708 2150 eius,
732 2087 854 2135 sanctum
879 2081 1062 2151 sepulchrum,
1086 2068 1154 2134 sicut
1177 2081 1248 2134 errim
1271 2082 1391 2148 dommn,
1413 2082 1587 2152 praesepium
1604 2090 1632 2134 et
1647 2082 1781 2150 Betleem,
1805 2091 1832 2135 et
1855 2089 1948 2136 cetera
1972 2093 2066 2136 saneta
2089 2084 2147 2136 eius
2162 2084 2286 2137 tabenis-

640 2190 713 2254 cula,
743 2189 813 2242 sieut
843 2189 915 2242 enim
945 2188 1048 2241 amicos
1072 2187 1139 2251 cius,
1168 2189 1308 2257 apostolos
1341 2188 1399 2241 eins
1423 2197 1451 2240 ct
1473 2196 1582 2241 sanctos
1604 2198 1738 2258 martyres
1761 2198 1788 2241 et
1811 2189 1933 2259 reliquos
1956 2196 2073 2255 sanctos,
2102 2190 2203 2242 Christi
2226 2207 2286 2242 vero
2303 2206 2322 2244 u

640 2296 795 2366 passionem
819 2294 846 2348 in
870 2294 993 2348 ecelesiis
1017 2302 1044 2347 ct
1067 2294 1095 2347 in
1118 2294 1244 2347 domibus
1267 2303 1295 2347 et
1317 2295 1344 2347 in
1368 2295 1468 2364 plateis
1492 2303 1520 2348 et
1542 2295 1570 2347 in
1593 2294 1757 2366 imaginibus
1780 2303 1806 2348 et
1829 2296 1856 2349 in
1879 2296 1949 2350 velis
1973 2303 2001 2349 et
2022 2296 2051 2349 in
2073 2296 2206 2350 cubiculis
2221 2297 2287 2350 etin

640 2402 760 2456 vestibus
784 2409 812 2456 et
834 2403 861 2455 in
885 2401 957 2455 omui
982 2402 1043 2453 loco
1067 2401 1252 2472 designamus,
1274 2411 1306 2453 ut
1323 2401 1507 2454 indesinenter
1523 2401 1688 2471 aspicientes
1703 2400 1772 2455 haee
1787 2403 1963 2455 recordemur
1978 2410 2006 2456 et
2021 2421 2074 2456 non
2090 2402 2287 2470 obliviscamur,

640 2509 709 2562 sieut
732 2519 762 2563 tu
784 2509 884 2562 oblinis
908 2525 937 2561 es
959 2507 1060 2561 domini
1085 2507 1139 2560 Dei
1169 2507 1207 2560 tui
1239 2516 1266 2558 et
1290 2507 1359 2560 sicut
1387 2514 1416 2560 tu
1441 2509 1559 2561 adorans
1588 2507 1686 2561 librum
1715 2509 1784 2578 legis
1805 2526 1860 2562 non
1883 2517 2007 2563 natrrram
2029 2509 2145 2578 pellimn
2168 2517 2195 2562 et
2220 2519 2286 2563 atra·

639 2617 723 2670 menti
746 2617 855 2680 adoras,
885 2615 934 2668 sed
963 2614 1049 2668 verba
1072 2614 1136 2683 Dei,
1166 2631 1239 2684 (puae
1270 2615 1296 2667 in
1320 2632 1354 2667 eo
1377 2615 1559 2677 confinentur,
1588 2615 1627 2667 sie
1658 2622 1685 2667 et
1715 2631 1767 2684 ego
1797 2615 1944 2685 imaginem
1968 2615 2066 2668 Christi
2096 2616 2215 2669 adorans
2237 2634 2287 2669 non

639 2732 765 2776 neutram
789 2722 924 2794 lignorum
946 2729 995 2776 aut
1010 2723 1134 2776 colorum
1149 2722 1244 2787 adoro,
1267 2721 1354 2786 absit,
1379 2722 1426 2774 sed
1445 2721 1596 2774 inanimata
1611 2722 1638 2774 in
1654 2720 1769 2792 figuram
1785 2719 1884 2774 Christi
1899 2729 1997 2775 tenens
2012 2739 2062 2791 per
2077 2739 2139 2776 cam
2155 2720 2287 2776 Christum
2303 2737 2325 2775 ro
2402 2775 2403 2778 ,

639 2848 719 2898 spero
742 2837 836 2883 tenere
861 2839 888 2882 et
912 2830 1037 2883 adorare.

746 2925 789 2989 Et
811 2926 897 2990 infra
921 2927 1083 3012 sequitur:
1107 2919 1208 2988 ⁴Nam3
1239 2942 1267 2987 et
1295 2934 1369 3003 ipsos
1398 2933 1469 2988 filios
1498 2941 1605 2988 nostros
1633 2942 1661 2987 et
1683 2941 1776 3003 patres
1798 2934 1886 2988 factos
1910 2935 2056 2988 existentes
2079 2943 2107 2988 et
2130 2945 2288 3005 peccatores

638 3042 747 3113 saepius
770 3044 925 3096 osculamur
949 3051 976 3096 et
999 3060 1054 3095 non
1077 3042 1103 3095 in
1126 3042 1179 3095 hoe
1202 3041 1460 3107 condemnabimur,
1486 3060 1541 3094 non
1564 3049 1595 3094 ut
1617 3041 1684 3094 deos
1707 3059 1754 3094 eos
1777 3042 1941 3107 osculamur,
1964 3042 2012 3095 sed
2036 3059 2156 3094 amorem
2180 3051 2287 3095 nostrae

637 3158 763 3216 naturae,
786 3167 868 3220 quem
892 3166 959 3219 erga
983 3166 1030 3201 eos
1052 3149 1194 3212 habemus,
1217 3165 1268 3216 per
1290 3148 1411 3200 osculum
1436 3148 1611 3201 ostendimus.
1647 3147 1723 3201 Sicut
1746 3149 1818 3201 enirn
1840 3148 1997 3202 multotiens
2018 3148 2090 3202 dixi:
2115 3149 2195 3202 biens
2218 3167 2285 3202 scm·

637 3265 712 3310 tatur
733 3258 761 3309 in
785 3256 857 3311 omni
880 3257 976 3308 osculo
1000 3264 1027 3307 ct
1051 3255 1078 3308 in
1102 3255 1174 3307 omni
1198 3255 1359 3308 adoratione
1383 3255 1415 3307 et
1438 3258 1556 3322 cetera,
1582 3255 1629 3316 sic,
1653 3275 1669 3306 o
1692 3256 1784 3322 homo,
1807 3255 2021 3308 Christianorum
2044 3255 2150 3325 populi,
2181 3257 2286 3326 quanti·
2303 3273 2324 3310 rs

637 3381 755 3433 eumque
779 3364 857 3435 signa
880 3362 968 3416 cnrcis
991 3373 1020 3414 et
1043 3360 1190 3432 imaginum
1214 3362 1380 3426 osculantur,
1409 3378 1464 3414 non
1494 3361 1560 3430 ipsis
1584 3363 1789 3416 reiterationem
1813 3362 1893 3431 lignis
1917 3371 1964 3415 aut
1988 3361 2125 3432 lapidibus
2148 3363 2287 3431 proferunt

637 3479 685 3524 aut
708 3487 775 3523 atrro
799 3479 845 3524 aut
868 3481 1014 3538 corruptae
1038 3468 1148 3539 imagini
1172 3474 1220 3522 urit
1244 3468 1376 3538 lypsanis,
1406 3469 1454 3520 sed
1477 3485 1527 3537 per
1549 3468 1598 3521 illa
1622 3469 1684 3521 Deo
1708 3470 1834 3531 creatori,
1865 3469 1912 3538 qui
1943 3477 1971 3521 et
2001 3486 2094 3521 eonon
2119 3478 2147 3522 et
2170 3470 2286 3523 onmium

636 3587 745 3630 creator
768 3586 818 3646 rest,
840 3577 956 3646 gloriam
981 3585 1008 3628 et
1031 3576 1154 3628 osculum
1178 3583 1205 3628 et
1230 3575 1433 3627 venerationem
1457 3574 1584 3627 offerunt.

743 3673 787 3736 Et
810 3674 910 3737 infra:
943 3678 1017 3746 Qui*
1041 3681 1112 3735 eninr
1136 3682 1226 3750 diligit
1251 3681 1368 3734 uitricum
1391 3700 1467 3733 smmi
1491 3690 1539 3734 aut
1562 3699 1655 3750 regem
1679 3690 1706 3734 et
1729 3682 1816 3750 inagis
1838 3682 1910 3734 benc
1933 3689 2092 3744 merentem,
2121 3682 2179 3734 sire
2202 3682 2286 3735 tilium

637 3791 695 3843 cius
724 3789 820 3842 videns
849 3789 905 3841 sive
936 3790 1042 3858 virgam
1072 3788 1130 3841 sive
1160 3789 1253 3840 sedem
1284 3788 1340 3840 sive
1370 3805 1499 3840 connum
1530 3788 1587 3840 sive
1618 3789 1726 3841 donnun
1752 3789 1809 3841 sive
1833 3805 1940 3841 servum
1964 3797 2070 3852 tenens,
2097 3790 2238 3842 osculatur
2260 3799 2286 3842 et
2302 3805 2325 3842 to

635 3896 752 3949 honorat
775 3914 826 3965 per
847 3895 898 3949 hos
920 3896 1124 3949 benefactorem
1148 3903 1175 3946 et
1198 3894 1286 3964 magis
1310 3894 1407 3948 Deum.
1455 3894 1571 3958 Quando
1601 3895 1673 3948 enim
1705 3895 1781 3948 vides
1805 3895 1972 3947 Christianos
2001 3896 2147 3948 adorantes
2171 3913 2287 3956 erucem,

636 4021 781 4072 cognosce,
811 4003 940 4072 qnoniam
971 4001 1100 4055 errreitixo
1129 4000 1237 4054 Christo
1268 4002 1457 4054 adorationem
1487 4002 1630 4071 proferunt
1660 4011 1687 4054 et
1717 4020 1771 4054 non
1801 4002 1884 4072 ligno.
1932 4002 2001 4054 Nam
2026 4002 2048 4054 si
2071 4010 2195 4055 nattnam
2220 4004 2286 4072 ligni

636 4111 758 4165 verterati
795 4117 893 4168 essent.
928 4109 1036 4162 onmino
1068 4119 1094 4162 et
1125 4108 1238 4162 arbores
1268 4118 1297 4160 et
1324 4126 1437 4162 nemora
1467 4109 1624 4170 adessent,
1658 4108 1727 4161 sicut
1757 4116 1784 4161 et
1814 4117 1843 4161 tn
1876 4108 2036 4177 aliquando,
2071 4108 2188 4170 Israhel,
2221 4112 2285 4162 ado

636 4217 717 4270 rubas
740 4218 833 4270 dicens
857 4216 947 4270 arbori
973 4225 999 4270 ct
1024 4216 1112 4284 ligno:
1143 4216 1187 4269 Tu
1217 4215 1283 4268 mihi
1314 4233 1344 4268 es
1367 4216 1444 4270 Deus
1472 4225 1499 4269 et
1526 4222 1555 4268 tu
1584 4233 1629 4268 rne
1658 4215 1784 4284 gerrnisti.
1830 4215 1904 4285 Ergo
1928 4233 1982 4267 non
2006 4215 2044 4267 sic
2072 4215 2186 4268 dicimus
2213 4217 2285 4269 cruci

635 4342 726 4393 neque
749 4323 843 4395 figuris
865 4331 1034 4377 sanctonum:
1066 4323 1113 4376 Dii
1135 4323 1220 4376 nostri
1245 4322 1317 4374 estis.
1363 4322 1426 4374 Non
1449 4323 1520 4375 enim
1544 4332 1605 4375 sunt
1628 4322 1665 4375 dii
1688 4322 1782 4382 nostri,
1812 4322 1861 4374 sed
1890 4322 2079 4375 similitudines
2102 4329 2129 4375 et
2152 4323 2286 4392 imagines
2301 4336 2324 4377 tt

635 4430 734 4484 Christi
766 4438 793 4483 et
823 4440 977 4484 sarretorum
1008 4430 1065 4483 eins
1095 4438 1123 4482 et
1152 4430 1188 4482 ad
1218 4429 1377 4482 memoriam
1409 4439 1435 4480 et
1464 4428 1596 4482 honorem
1626 4439 1655 4480 et
1684 4430 1811 4480 decorem
1843 4428 2019 4481 ecelesiarum
2050 4429 2235 4482 adiacentium
2259 4438 2286 4482 et

635 4538 815 4592 adorantium.
860 4538 912 4600 Qui
944 4537 1015 4590 enirn
1044 4537 1160 4590 honorat
1189 4546 1339 4606 ritartyrcm
1362 4536 1452 4588 Deum
1482 4535 1597 4588 honorat
1628 4545 1655 4588 et
1686 4536 1732 4604 qui
1762 4545 1877 4588 matrem
1907 4535 1964 4587 eins
1994 4535 2112 4588 honorat
2140 4535 2191 4605 ipsi
2224 4537 2285 4590 Deo

634 4645 764 4698 honorem
788 4644 869 4698 offert
893 4652 921 4696 et
944 4644 990 4713 (lui
1015 4644 1171 4712 apostolum
1193 4643 1311 4696 honorat
1334 4642 1382 4711 qui
1404 4642 1476 4694 misit
1500 4660 1561 4695 eum
1584 4642 1701 4695 honorat
1724 4644 1755 4695 et
1779 4645 1897 4695 cetera.

741 4742 823 4804 Item
853 4739 940 4804 beuti
964 4740 1139 4824 Augustini
1170 4739 1210 4802 de
1235 4761 1284 4818 eo,
1316 4737 1403 4824 quod
1427 4739 1578 4823 apparuit
1600 4737 1692 4801 Deus
1716 4737 1833 4824 Moysi,
1865 4750 1897 4800 et
1927 4737 1967 4801 de
1998 4740 2092 4824 uirga
2124 4749 2156 4803 et
2185 4763 2285 4803 manu

456 4869 614 4918 reuerso.
635 4849 778 4913 colorata
802 4861 834 4911 et
856 4870 943 4933 aqua
972 4848 1004 4910 in
1037 4847 1227 4930 sanguinem
1260 4857 1292 4908 et
1321 4856 1395 4931 post
1425 4843 1586 4931 quaedam
1616 4844 1807 4929 interposita
1830 4843 2014 4907 subiunxit:
2047 4850 2147 4910 Sicut⁵
2172 4853 2285 4926 Moyses
2301 4873 2325 4909 u

635 4964 772 5020 exultauit
792 4971 945 5038 serpentem
971 4963 999 5017 in
1024 4962 1143 5030 hererno,
1174 4961 1214 5016 ito
1245 4960 1371 5017 exultari
1398 4968 1507 5034 oportet
1521 4958 1615 5036 fillum
1647 4958 1773 5027 hmerinis,
1804 4968 1835 5014 ut
1856 4959 1954 5028 amab,
1979 4960 2027 5035 qui
2049 4960 2140 5017 aedit
2160 4960 2189 5016 iu
2214 4980 2284 5028 cunr,

633 5091 691 5128 non
709 5078 821 5146 pereat,
845 5070 896 5126 sed
917 5069 1019 5125 lateat
1039 5069 1124 5124 eitum
1148 5076 1303 5123 aetermam.
1339 5068 1400 5120 Hoc
1425 5074 1479 5120 est:
1504 5068 1670 5137 quicumque
1693 5084 1837 5137 percussus
1859 5067 1942 5120 fuerit
1958 5087 1975 5121 a
1991 5068 2164 5138 serpentibus
2185 5086 2284 5138 pecca·

634 5186 721 5234 torum
745 5177 881 5231 Christum
904 5178 1040 5230 intueatur
1063 5183 1092 5228 et
1113 5174 1226 5228 habebit
1250 5174 1394 5227 sanitatem
1417 5174 1445 5227 in
1468 5173 1653 5227 remissionem
1677 5183 1860 5243 peccatorum.

739 5370 772 5419 27
794 5363 923 5433 lypsanis]
950 5368 984 5417 ol.
1003 5385 1071 5417 mou.
1089 5365 1117 5414 io
1136 5382 1214 5429 morp.
1233 5364 1367 5428 uelscn‘prit
1391 5365 1418 5413 id
1444 5372 1486 5413 est
1505 5361 1627 5428 reliquiis
1646 5363 1677 5413 P.
1759 5366 1792 5413 ‘29
1819 5366 1934 5414 merenti
1954 5363 1984 5414 P.
2076 5367 2110 5415 to
2134 5361 2221 5429 Sicut]
2242 5367 2284 5415 De

633 5475 714 5508 errice
735 5459 761 5507 in
780 5476 858 5522 usurp.
879 5454 908 5506 Ρ.
2300 5473 2325 5511 tt

742 5631 771 5712 1)
797 5635 846 5708 Cf.
873 5635 956 5694 (bne.
981 5635 1044 5692 Nic.
1069 5645 1123 5692 act.
1148 5635 1213 5703 JV,
1241 5635 1340 5691 illapsi
1362 5633 1449 5700 XIII,
1473 5637 1522 5692 44.
1609 5624 1640 5706 2)
1663 5634 1758 5704 Itid.;
1794 5636 1812 5690 t.
1838 5637 1855 5691 l.
1881 5635 1968 5704 XIII,
1992 5638 2042 5696 45.
2132 5627 2163 5713 3)
2187 5635 2283 5704 leid,-

632 5749 650 5803 I.
675 5749 693 5803 l.
718 5745 805 5814 XIII,
829 5749 877 5804 49.
962 5737 992 5812 Ii
1017 5743 1110 5812 ibide
1141 5744 1158 5798 I.
1184 5744 1201 5797 t.
1228 5741 1315 5809 XIII,
1339 5746 1389 5800 52.
1472 5733 1502 5818 ὃ)
1526 5740 1707 5817 Augustinus,
1733 5741 1832 5799 Sosio
1856 5746 1875 5802 6
1899 5747 1959 5801 c.5
1981 5737 2058 5818 ἕλ’
2083 5740 2156 5818 opp.
2182 5743 2213 5812 V,
2231 5745 2282 5801 36.

634 5855 682 5926 Cf.
707 5852 858 5909 Hudm'nui
880 5851 968 5926 epist,
995 5849 1067 5908 JJG.
1093 5849 1171 5924 Epp.
1196 5849 1227 5916 V,
1244 5852 1295 5907 28.
