4884 6717
716 542 769 598 46.
805 542 1024 600 CONCILIUM
1047 542 1248 599 ROMANUM
1271 543 1308 598 A.
1329 542 1404 598 826.
1822 535 1887 598 555

231 760 310 830 quasi
334 758 436 814 vulnus
460 760 568 830 corpori
591 758 716 826 infixum,
745 759 825 813 aditu
849 759 912 812 talis
936 758 1064 813 miseriae
1088 759 1232 826 obserato,
1263 757 1380 812 salutari
1404 757 1533 812 antidoto
1556 764 1682 824 curetur,
1714 758 1786 812 sicut
1809 758 1885 812 bene

230 866 371 938 provisum
396 873 450 930 est,
474 866 686 931 interdictione,
711 878 796 942 quae
821 858 983 920 contraria
1007 866 1092 936 sunt,
1120 883 1156 919 ne
1180 865 1275 920 denuo
1299 864 1481 935 quispiam,
1505 864 1706 935 cuiuscumque
1731 865 1768 918 sit
1791 864 1886 936 gentis

231 973 361 1044 sacrique
391 972 569 1043 baptismatis
600 973 677 1026 unda
706 972 798 1039 lotus,
833 978 1006 1043 attemptet,
1043 979 1075 1025 ut
1105 990 1160 1026 non
1184 972 1256 1026 tanti
1285 971 1405 1042 piaculi,
1442 962 1526 1026 sicul
1549 961 1661 1026 audita
1684 972 1776 1042 sunt,
1811 970 1885 1025 mole

231 1099 383 1152 oppressus
418 1080 446 1133 in
480 1079 660 1150 precipitium
693 1079 799 1134 incidat
834 1086 883 1133 aut
917 1079 1050 1150 voragine
1087 1085 1232 1150 mergatur
1263 1078 1431 1149 iniquitatis,
1466 1078 1518 1132 sed
1548 1079 1629 1133 vitari
1658 1078 1766 1133 debeat
1797 1087 1885 1149 atque

199 1187 365 1243 eradicitus
389 1188 538 1242 evellatur.

339 1301 399 1388 (3).
439 1300 658 1366 Secunda
702 1300 968 1364 admonitio
1014 1299 1279 1386 pontificis:
1327 1303 1517 1364 Necessaria¹
1563 1327 1656 1364 rerum
1700 1309 1885 1380 dispositione

230 1418 446 1490 constringimur
480 1425 510 1472 et
545 1418 717 1488 apostolicae
754 1418 829 1472 sedis
864 1418 1054 1472 moderamine
1090 1416 1272 1471 convenimur
1306 1417 1345 1470 sic
1381 1434 1518 1470 canonum
1548 1424 1730 1486 paternorum
1765 1417 1885 1471 decreta

231 1525 333 1581 librare
359 1533 389 1581 ct
412 1532 489 1580 retro
512 1525 654 1595 presulum
682 1526 921 1594 decessorumque
952 1532 1111 1578 nostrorum
1140 1531 1279 1595 precepta
1309 1523 1412 1590 metiri,
1448 1530 1480 1577 ut
1515 1541 1587 1594 quac
1623 1524 1799 1594 presentium
1833 1540 1885 1578 ne-

231 1632 348 1686 cessitas
371 1638 528 1702 tcmporum
558 1631 752 1686 restaurandis
784 1630 912 1686 ecelesiis
947 1630 1100 1684 relaxanda
1135 1630 1283 1700 deposcit,
1318 1629 1447 1684 adhibita
1480 1630 1706 1685 consideratione
1742 1630 1884 1702 diligenti,

188 1755 213 1792 ro
232 1745 366 1809 quantam
385 1745 483 1810 potest
502 1736 574 1804 fieri,
599 1745 800 1808 temperemus,
824 1754 879 1807 quo
896 1754 949 1791 nec
966 1737 993 1790 in
1011 1744 1101 1791 totum
1118 1736 1234 1789 formam
1250 1743 1379 1790 veterum
1394 1736 1541 1790 videamur
1557 1737 1696 1791 excedere
1713 1736 1886 1808 regularum,

232 1855 261 1898 ct
291 1845 455 1915 reparandis
485 1844 602 1898 militiae
632 1844 770 1898 clericalis
801 1842 911 1909 officiis,
943 1861 1016 1914 quae
1048 1861 1100 1914 per
1133 1833 1283 1896 diversas*
1313 1834 1499 1918 provincias
1527 1832 1677 1919 neglecta
1700 1833 1884 1908 videantur,

231 1953 463 2028 recuperentur
486 1942 518 2004 iu
548 1940 672 2022 molius,
706 1951 808 2026 utque
832 1963 891 2027 per
922 1939 993 2003 loca
1025 1938 1197 2003 destitutae
1228 1938 1367 2003 eclesiae
1399 1938 1657 2026 competentibus
1686 1963 1728 2004 ex
1755 1940 1885 2004 auxiliis

231 2049 370 2112 salutare
394 2047 574 2112 subsidium
599 2046 832 2111 restaurandae
862 2069 927 2110 non
958 2045 1187 2131 neglegamus,
1224 2046 1406 2110 animarum
1441 2057 1625 2111 nostrarum
1660 2046 1808 2124 salutem,
1844 2069 1885 2111 ne

231 2153 325 2218 nobis
348 2153 391 2218 ad
414 2177 568 2240 magnum
592 2155 722 2218 eveniat
749 2166 885 2233 reatum,
917 2163 940 2217 si
970 2171 1051 2217 tanto
1083 2170 1231 2218 coenante
1263 2163 1399 2234 periculo,
1430 2154 1464 2217 in
1496 2167 1652 2239 quantum
1675 2153 1884 2232 valuerimus,

188 2287 213 2325 is
230 2260 434 2345 neglegimus
457 2259 640 2326 subvenire.

338 2385 399 2472 (4).
443 2384 662 2451 Secunda
696 2386 952 2471 responsio
989 2386 1348 2471 episcoporum:
1384 2391 1525 2448 Etiamsi²
1559 2395 1636 2449 nulla
1672 2401 1798 2450 exstaret
1834 2413 1885 2450 ne·

232 2503 349 2557 cessitas
374 2502 566 2557 eclesiasticae
591 2502 769 2573 disciplinae,
794 2504 983 2572 expetendum
1007 2519 1108 2555 revera
1133 2501 1212 2556 nobis
1236 2500 1331 2555 fuerat
1353 2501 1423 2555 illud
1453 2501 1630 2572 privilegium
1660 2502 1736 2556 sedis
1760 2511 1886 2566 restrae,

232 2625 286 2679 quo
316 2609 456 2679 susceptis
486 2609 566 2680 regni
598 2607 723 2662 clavibus
754 2616 817 2679 post
847 2609 1081 2662 resurrectionem
1111 2608 1259 2662 salvatoris
1288 2626 1342 2679 per
1372 2615 1462 2663 totum
1492 2609 1589 2663 orbem
1619 2609 1774 2664 beatissimi
1806 2608 1886 2665 Petri

232 2714 380 2786 singularis
403 2715 576 2786 praedicatio
600 2716 792 2770 universorum
816 2715 1018 2769 inluminationi
1042 2715 1198 2786 prospexit,
1224 2715 1304 2769 euius
1326 2715 1422 2769 vicarii
1445 2715 1630 2786 principatus,
1661 2717 1733 2771 sicut
1765 2718 1882 2782 eminet,

186 2837 214 2877 so
232 2823 272 2877 ita
293 2822 464 2877 rnatuendus
488 2830 533 2875 est
556 2823 592 2876 ab
616 2822 744 2876 omnibus
769 2830 798 2876 et
822 2823 966 2876 anundus.
1013 2821 1136 2876 Proinde
1161 2838 1211 2875 nos
1228 2821 1322 2877 Deum
1346 2822 1374 2875 in
1398 2822 1477 2876 robis
1500 2822 1628 2893 primitus
1652 2824 1814 2892 adorantes,
1839 2824 1883 2879 cui

232 2930 291 2983 sinc
309 2929 425 2999 querela
441 2929 564 2996 seriitis,
589 2929 624 2983 ad
641 2928 726 2984 fidem
743 2929 909 2983 recurrimus
925 2929 953 2982 in
970 2928 1124 2999 apostolico
1140 2946 1188 2983 ore
1206 2929 1361 2994 laudatam,
1385 2928 1451 2982 inde
1468 2947 1605 3000 responsa
1621 2938 1787 3000 querentes,
1810 2931 1886 2986 unde

392 3187 422 3234 ct
446 3187 477 3232 ut
501 3178 637 3232 radicitus
660 3186 756 3233 taritae
773 3178 902 3233 miseriae
920 3176 1065 3248 squalores
1081 3195 1098 3232 a
1114 3175 1239 3231 fidelium
1256 3178 1398 3232 mentibus
1414 3179 1602 3250 detergantur
1627 3188 1656 3235 et
1680 3181 1759 3251 qnasi
1783 3181 1885 3235 vulnus

392 3286 500 3357 corpori
524 3284 648 3352 infixam,
673 3285 753 3339 aditu
776 3284 841 3338 talis
864 3284 992 3338 miseriae
1016 3285 1158 3350 obserato,
1183 3284 1300 3339 salutari
1323 3285 1451 3339 antidoto
1475 3295 1600 3353 curetur,
1625 3288 1699 3341 sicut
1722 3288 1795 3342 benc
1821 3304 1886 3359 pro·

392 3393 481 3446 ristmr
512 3399 566 3458 est,
598 3391 797 3452 interdictione
828 3390 1027 3454 anathematis,
1059 3408 1094 3444 ne
1126 3390 1219 3445 denuo
1250 3391 1302 3446 hoc
1326 3394 1475 3462 quisquam
1499 3392 1651 3458 Romanus,
1683 3394 1887 3466 Langobardus

392 3498 438 3554 rel
462 3499 661 3569 cuiuscumque
686 3498 723 3552 sit
746 3498 840 3569 gentis
863 3498 993 3567 sacrique
1019 3498 1195 3567 baptismatis
1218 3499 1295 3553 anda
1318 3498 1403 3564 lotus,
1429 3506 1566 3566 attentet,
1594 3509 1626 3554 ut
1650 3517 1704 3554 non
1729 3501 1801 3555 tanti
1824 3501 1886 3572 pia·

393 3605 447 3660 culi
472 3609 543 3660 mole
567 3622 720 3676 oppressus
743 3604 1006 3675 praecipitationem
1031 3601 1070 3680 (in
1095 3605 1291 3676 praecipitium
1310 3628 1363 3660 nar.
1383 3599 1447 3681 lect.)
1471 3606 1576 3661 incidat
1596 3616 1645 3662 aut
1662 3608 1795 3679 voragine
1812 3627 1885 3664 mcr·

392 3720 476 3784 gutur
499 3713 666 3784 iniquitatis,
690 3712 741 3766 scd
758 3705 943 3784 (addeceat.)
965 3711 1047 3766 vitari
1071 3711 1178 3766 debeat
1201 3719 1288 3783 atque
1308 3713 1443 3768 radicitus
1468 3713 1618 3769 evellatur.

336 3832 361 3908 ⁸²)
394 3843 508 3894 (lemnus
534 3843 570 3892 ita
592 3842 689 3907 perpit:
718 3838 817 3892 Italiae
849 3845 946 3908 partes
976 3836 1016 3890 ita
1046 3836 1115 3891 belli
1145 3837 1283 3907 famisque
1312 3838 1485 3910 consumpsit
1509 3838 1640 3906 incursie,
1672 3848 1704 3893 ut
1734 3841 1762 3894 in
1793 3841 1887 3895 multis

393 3946 539 4011 ecclesiis,
574 3945 647 3999 sicut
677 3944 772 3999 fratris
804 3952 833 3999 et
862 3943 1022 4013 coepiscopi
1053 3944 1141 3997 nostri
1166 3943 1313 4010 loliannis,
1350 3945 1523 4000 &vennatis
1553 3946 1692 4001 ecclcsiae
1716 3947 1884 4012 sacerdotis,

393 4053 538 4124 frequenti
569 4051 706 4106 relatione
738 4050 932 4121 comperimus,
966 4067 1173 4120 usquequaque
1205 4049 1359 4104 deficiente
1383 4053 1498 4107 servitio
1521 4052 1719 4120 ministrorum,
1756 4054 1807 4108 nisi
1839 4073 1885 4109 re·

394 4160 533 4214 mittendo
556 4157 701 4229 paulisper
725 4156 926 4211 ecclesiasticis
949 4156 1171 4226 protractionibus
1195 4156 1352 4227 antiquitus
1376 4157 1526 4213 intervalla
1546 4158 1682 4230 praelixa,
1707 4171 1884 4228 remaneant,

393 4266 453 4320 sinc
478 4265 580 4336 quibus
604 4265 791 4318 administrari
822 4272 970 4334 nequeunt
1001 4264 1087 4318 sacris
1110 4263 1255 4318 ordinibus
1284 4262 1422 4318 ccclesiae
1447 4263 1574 4320 funditus
1598 4267 1767 4334 destitutae,
1798 4275 1884 4339 atque

393 4374 421 4427 in
445 4372 570 4443 plurimis
593 4371 662 4426 locis
686 4389 739 4442 pcr
761 4371 881 4442 inopiam
906 4371 1095 4441 competentis
1119 4370 1212 4424 auxilii
1237 4369 1360 4424 salutare
1385 4371 1539 4424 subsidium
1564 4373 1791 4428 redimendarum
1811 4375 1885 4429 desit

393 4480 556 4545 animarum,
580 4495 688 4549 nosque
713 4495 813 4550 magno
836 4485 928 4542 reatu,
953 4478 975 4531 si
1000 4484 1080 4531 tauto
1099 4485 1262 4532 coarctante
1281 4476 1409 4547 periculo
1430 4495 1485 4532 non
1502 4479 1682 4549 aliquatenus
1698 4481 1885 4546 corisulamas,

393 4587 509 4642 innecti.

342 4760 378 4809 II.
410 4758 520 4809 laditu
539 4754 610 4822 talis]
629 4759 723 4809 addito
742 4756 837 4807 talium
858 4757 890 4810 G.
946 4751 1155 4820 2dc1nrolduo
1176 4756 1207 4806 G.
1264 4759 1299 4807 sit
1318 4752 1418 4822 gentis]
1440 4769 1565 4822 regentes
1586 4761 1616 4808 G.
1672 4763 1832 4827 topprcssi
1853 4761 1885 4810 G.

234 4853 261 4900 in
280 4843 480 4914 praecipitium]
499 4849 653 4913 praecipitii
675 4846 706 4897 G.
779 4846 903 4897 incidant
924 4849 955 4895 G.
1020 4853 1067 4895 aut
1089 4870 1119 4879 -
1141 4840 1287 4908 evellatur]
1309 4856 1338 4896 ut
1358 4863 1390 4897 nc
1411 4849 1541 4912 voragine
1561 4859 1715 4899 mereantur
1733 4851 1886 4914 iniquitatis

235 4940 315 4988 vitati
334 4938 453 4988 debeant
472 4945 554 5003 atque
574 4937 706 4986 radicitus
726 4935 879 4986 evellantur
899 4937 930 4985 G.

342 5044 397 5094 111.
426 5038 499 5107 iet]
519 5045 546 5092 in
567 5045 598 5092 G.
673 5043 850 5092 convenimur
868 5036 917 5105 sic]
945 5042 1121 5090 cent-enimus
1148 5043 1170 5091 si
1192 5041 1224 5090 G.
1298 5045 1314 5091 9
1341 5037 1473 5108 deposcit]
1493 5051 1520 5092 ct
1538 5043 1598 5093 odd.
1620 5045 1651 5094 G.
1727 5049 1758 5096 10
1785 5041 1886 5112 petest]

189 5148 377 5199 topossumus
399 5135 430 5182 G.
493 5127 559 5198 quo]
580 5132 689 5196 intellipe
707 5138 736 5181 ut
756 5149 797 5188 eo,
817 5131 889 5196 quod
912 5131 943 5180 G.
1010 5133 1041 5179 12
1062 5125 1157 5195 utque]
1176 5139 1206 5179 ut
1226 5146 1297 5196 quae
1319 5133 1350 5186 G,
1370 5132 1477 5197 intellipe
1498 5141 1524 5183 et
1543 5141 1580 5182 ut.
1654 5138 1833 5200 competentis
1853 5153 1886 5186 cx

235 5222 330 5273 anxilii
350 5222 382 5272 0.
450 5225 481 5271 13
501 5217 627 5284 salntem]
646 5221 734 5285 strpqsle
753 5230 889 5270 sectemur
907 5221 945 5269 ccl
962 5218 1041 5268 sinrile
1059 5218 1128 5284 quiid.
1187 5224 1218 5268 14
1239 5215 1416 5284 valuerimus]
1436 5223 1458 5270 si
1478 5222 1566 5271 iterant
1586 5222 1646 5272 add.
1668 5226 1698 5271 G.
1774 5227 1803 5274 15
1823 5226 1886 5276 sub·

235 5312 322 5361 veniri
343 5311 375 5360 G.

342 5417 414 5467 1111.
444 5419 477 5465 16
496 5410 624 5478 exstaret]
644 5423 729 5466 staret
749 5415 780 5466 G.
855 5417 886 5465 l'l
908 5415 1058 5479 expetenda
1079 5416 1111 5464 G.
1187 5417 1218 5464 18
1242 5416 1315 5480 quod
1336 5417 1367 5464 G.
1443 5421 1473 5467 la
1500 5413 1711 5482 inluminationi]
1732 5418 1887 5471 inlumina·

235 5508 338 5557 tionem
359 5506 391 5556 G.
466 5507 498 5555 21
519 5506 636 5554 servitus
658 5505 688 5554 G.
762 5506 968 5606 recurrissem'us
990 5503 1021 5553 G.
1095 5504 1206 5553 inderet
1226 5507 1257 5553 G.
1331 5500 1403 5570 inde]
1424 5506 1450 5555 id
1471 5514 1510 5554 est
1530 5507 1563 5556 G.

190 5692 218 5732 aa
346 5669 374 5739 l)
398 5668 511 5744 Repetit
526 5668 671 5744 nepesina
694 5667 862 5724 excitaretis
879 5665 990 5724 Getasa
998 5687 1099 5743 popae
1114 5660 1317 5740 (raa—496)
1335 5689 1358 5723 c.
1375 5671 1391 5726 1
1408 5669 1479 5725 orsiti
1493 5673 1563 5728 495.
1581 5665 1738 5744 (Jaffessa'.
1757 5693 1784 5729 n.
1799 5675 1886 5742 636).

238 5775 269 5845 2)
295 5776 346 5832 Ex
368 5775 485 5851 qrbtola
508 5774 699 5850 preceperant
731 5774 756 5829 Τ
753 5775 985 5831 tarraconensium
1018 5775 1060 5830 eri
1081 5774 1214 5829 Hilarem
1241 5794 1362 5849 popum,
1394 5795 1467 5849 qaae
1495 5777 1614 5834 recitata
1645 5787 1685 5834 est
1714 5778 1741 5835 in
1773 5780 1889 5838 coercitio

238 5882 368 5939 Romarm
391 5902 419 5939 α.
436 5885 527 5948 1654
552 5881 652 5937 Menai
670 5880 733 5950 VII,
752 5885 812 5940 963
836 5875 873 5954 (e.
898 5880 962 5936 ibid.
988 5883 1040 5937 col.
1058 5884 1117 5938 921
1129 5876 1196 5956 sq).

1624 6001 1674 6055 70*
