4884 6717
718 515 772 572 50.
809 515 1028 573 COXCILIUM
1051 516 1278 572 PARISIENSE
1302 517 1339 572 A.
1360 515 1435 572 829.
1835 509 1899 572 633

246 726 311 769 non
334 703 438 768 solum
462 701 759 781 consacerdotibus,
794 709 909 767 verum
933 703 1032 767 ctiam
1056 702 1250 789 quibusdam
1275 703 1346 767 aliis
1369 702 1539 785 fidelibus,
1575 702 1692 790 quibus
1717 701 1899 768 consultum

245 810 330 874 ferre
354 808 545 889 debuerant,
570 809 683 873 honeri
708 810 849 873 existere
873 820 906 874 et
930 807 971 873 ob
995 808 1080 873 hauc
1104 832 1238 873 causam
1253 809 1371 874 multos
1391 810 1491 874 insui
1509 808 1742 874 detractionem
1759 808 1898 873 detesta-

246 918 432 1003 tionemque
453 916 641 1003 pertrahere
653 922 673 982 ¹.
709 915 837 980 Idcirco
861 917 895 979 in
919 939 1090 980 commune
1115 918 1295 998 statuimus,
1319 937 1360 979 ne
1383 915 1519 980 ulterius
1543 939 1563 980 a
1587 939 1751 1003 quoquam
1775 916 1899 1003 episco-

246 1047 360 1111 porum
384 1023 448 1088 tale
473 1023 551 1110 quid
575 1023 641 1090 fiat.
689 1023 868 1089 Statuimus
893 1024 1001 1102 etiam,
1029 1034 1066 1087 ut
1087 1034 1234 1109 tempore
1258 1044 1402 1108 congruo
1426 1024 1648 1110 unusquisqne
1672 1022 1898 1110 parroechiam

213 1152 337 1195 ssuam
361 1132 548 1195 circumeat.
596 1130 639 1194 Et
662 1153 857 1217 quamquam
882 1131 1058 1195 auctoritas
1082 1130 1265 1194 canonicae
1289 1128 1421 1211 doceat,
1453 1139 1488 1193 ut
1520 1141 1636 1215 quarta
1658 1152 1734 1216 pars
1757 1129 1898 1194 decima·

246 1261 317 1301 rum
341 1248 373 1302 et
396 1237 559 1302 redituum
583 1260 625 1302 ex
649 1235 869 1302 oblationibus
892 1235 1038 1300 fidelium
1056 1237 1090 1299 in
1109 1259 1186 1301 usus
1202 1237 1429 1322 episcoporum
1446 1235 1551 1317 cedat,
1576 1234 1772 1322 ubicumque
1788 1245 1899 1300 tamen

246 1346 417 1431 episcopus
441 1367 499 1408 sua
521 1342 636 1424 habet,
668 1344 733 1408 suis
758 1353 929 1407 contentus
953 1344 1010 1424 sit3
1042 1342 1099 1407 ubi
1129 1352 1238 1407 autem
1267 1342 1348 1406 nihil
1371 1365 1480 1407 rerum
1503 1342 1662 1406 ecclesiae
1687 1364 1765 1407 suae
1788 1341 1898 1426 habet,

246 1452 387 1537 accipiat
411 1450 451 1515 de
474 1462 653 1515 memorata
677 1461 792 1536 quarta
815 1461 907 1535 parte
927 1448 990 1513 sibi
1009 1451 1139 1536 suisque
1158 1471 1225 1513 non
1244 1448 1331 1535 quod
1351 1450 1499 1531 avaritia,
1524 1448 1611 1536 quod
1632 1448 1726 1530 absit,
1750 1450 1898 1530 suaserit,

246 1557 303 1622 sed
326 1560 433 1644 potius
457 1556 544 1643 quod
567 1558 744 1622 necessitas
768 1556 970 1643 compulerit.
1018 1554 1171 1620 Ceterum
1200 1555 1228 1619 si
1252 1554 1434 1642 accipiendi
1458 1555 1547 1621 nulla
1569 1556 1747 1620 necessitas
1770 1557 1898 1637 urserit,

201 1688 227 1726 ro
246 1662 325 1727 nihil
349 1663 389 1728 de
412 1674 592 1728 memorata
616 1674 731 1750 quarta
753 1675 845 1749 parte
869 1663 1020 1748 accipiat,
1044 1662 1103 1727 sed
1125 1660 1238 1726 usibus
1262 1661 1474 1727 ecclesiarum
1500 1674 1532 1727 et
1555 1661 1753 1749 pauperibus
1777 1659 1898 1726 Christi

245 1771 484 1856 inpertiendum
507 1768 686 1835 secundum
709 1792 800 1833 suam
824 1768 1069 1856 dispositionem
1091 1769 1263 1855 relinquat.

352 1883 455 1971 Cap.
479 1883 626 1951 XXXII.
673 1883 729 1949 Ut
753 1883 1011 1966 codicelli,
1043 1907 1157 1971 quos
1181 1885 1544 1971 penitentiales
1568 1893 1757 1966 vocant,
1789 1885 1900 1970 quia

246 1990 1745 2079 canonicaeauctoritatirefragantur,poenitusaboleantur.
1789 1990 1900 2072 Quon-

245 2099 309 2162 iam
339 2097 431 2162 multi
462 2096 667 2163 sacerdotum
696 2099 814 2185 partim
841 2098 984 2181 incuria,
1015 2099 1134 2185 partim
1164 2099 1348 2182 ignorantia
1375 2097 1507 2161 modum
1530 2100 1749 2185 paenitentiae
1773 2110 1900 2162 reatum

200 2227 227 2267 rs
246 2227 339 2268 suum
363 2203 592 2269 confitentibus
617 2228 727 2286 secus,
763 2227 860 2292 quam
884 2205 957 2270 iura
980 2206 1139 2269 canonica
1165 2204 1360 2284 decernant,
1396 2205 1582 2290 imponunt,
1616 2217 1742 2270 utentes
1773 2204 1900 2270 scilicet

246 2309 441 2396 quibusdam
464 2310 632 2376 codicellis
651 2322 765 2376 contra
784 2312 975 2376 canonicam
994 2312 1218 2376 auctoritatem
1239 2311 1377 2397 scriptis,
1401 2333 1483 2397 quos
1502 2310 1749 2398 paenitentiales
1768 2323 1897 2394 vocant,

247 2429 279 2480 et
302 2415 343 2480 ob
367 2416 401 2482 id
423 2440 489 2482 non
512 2417 648 2482 vulnera
671 2429 879 2505 peccatorum
904 2431 1036 2499 curant,
1069 2417 1127 2481 sed
1157 2418 1264 2503 potius
1295 2417 1443 2482 forentes
1473 2417 1624 2504 palpant,
1660 2418 1841 2483 incidentes
1864 2419 1899 2482 in

245 2523 325 2588 illud
355 2524 596 2611 propheticum:
630 2525 692 2590 Vae
719 2529 779 2612 qai
805 2540 956 2590 cormarine
978 2526 1136 2612 preb-illos
1164 2527 1221 2589 snb
1252 2528 1340 2590 onan
1368 2527 1469 2590 cubito
1492 2550 1604 2590 orarius
1627 2540 1655 2590 et
1675 2527 1812 2612 faciant
1833 2551 1898 2590 cer·
1918 2547 2078 2600 neccaram.

250 2633 365 2696 ricalia
400 2632 446 2698 ad
474 2632 679 2718 decipiendas
713 2636 856 2712 arn'mas,
892 2629 1041 2695 omnibus
1064 2629 1158 2694 uobis
1183 2629 1357 2695 salubriter
1378 2631 1412 2694 in
1437 2652 1609 2695 commune
1632 2632 1738 2695 visum
1762 2643 1828 2712 est,
1864 2644 1899 2697 ut

200 2767 228 2806 so
246 2738 467 2825 unusquisque
492 2739 719 2825 episcoporum
742 2739 776 2801 in
800 2761 858 2802 sua
880 2736 1073 2824 parroechia
1096 2736 1229 2801 eosdem
1259 2760 1411 2802 erroneos
1436 2737 1611 2802 codicellos
1630 2736 1803 2824 diligenter
1826 2760 1898 2825 per·

248 2845 353 2930 quirat
369 2855 401 2908 et
416 2846 565 2909 inventos
581 2846 650 2930 igni
672 2844 791 2925 tradat,
815 2866 855 2908 ne
879 2866 939 2930 per
954 2866 1010 2909 eos
1026 2843 1160 2908 ulterius
1176 2843 1362 2908 sacerdotes
1378 2845 1520 2930 imperiti
1536 2843 1683 2908 homines
1701 2844 1897 2932 decipiant

248 2950 442 3016 Sacerdotes
464 2975 572 3038 porro,
597 2954 653 3040 qui
676 2963 732 3017 aut
754 2952 898 3015 muneris
922 2963 977 3016 aut
1000 2952 1120 3015 amoris
1144 2961 1199 3015 aut
1222 2952 1347 3015 timoris
1371 2962 1426 3014 aut
1449 2963 1537 3015 certe
1556 2950 1677 3017 favoris
1697 2974 1797 3017 causa
1818 2964 1898 3016 tem·

247 3080 327 3145 pora
350 3058 546 3146 modumque
570 3058 790 3145 paenitentiae
814 3057 855 3122 ad
879 3056 1008 3122 libitum
1031 3058 1266 3145 paenitentiam
1290 3056 1447 3138 indicunt,
1472 3057 1615 3139 audiant,
1639 3057 1718 3144 quid
1734 3058 1897 3123 Dominus

248 3186 306 3250 per
328 3163 535 3230 Ezechielem
560 3164 752 3253 prophetam
775 3163 962 3229 terribiliter
985 3163 1088 3228 dicat:
1113 3165 1182 3230 Hec
1205 3166 1282 3229 dicit
1304 3164 1449 3228 dontinus
1469 3165 1575 3229 Dens:
1600 3164 1682 3243 Θυῖα
1709 3168 1807 3230 locati
1826 3168 1899 3230 estis
1917 3187 2070 3238 nise-10.

201 3297 229 3338 ss
250 3297 330 3336 rana
353 3288 381 3337 et
403 3272 530 3338 vidistis
554 3273 767 3348 arendace'am,
803 3297 869 3337 ecce
895 3296 950 3360 eqo
980 3272 1026 3337 ad
1048 3297 1119 3354 ros,
1153 3275 1201 3336 ar't
1230 3272 1376 3336 dominas
1404 3271 1509 3352 Dens;
1543 3286 1572 3336 et
1600 3274 1661 3337 erit
1689 3298 1800 3337 enonas
1832 3298 1898 3338 rnen

247 3403 341 3466 saper
369 3380 560 3466 propbetas,
596 3382 655 3466 qai
687 3380 794 3444 rident
826 3405 907 3443 erana
932 3394 961 3444 et
984 3379 1131 3444 divinant
1153 3379 1369 3460 accredacinrre5
1405 3380 1437 3442 in
1462 3380 1594 3443 consilio
1614 3380 1817 3465 populiensi
1839 3405 1897 3444 non

248 3500 339 3550 erant
366 3501 394 3551 et
423 3489 457 3551 ia
488 3489 649 3573 scriptura
680 3487 789 3550 donans
813 3485 940 3550 Israhel
967 3511 1027 3551 non
1051 3486 1226 3550 scribentur
1248 3510 1303 3548 nec
1329 3488 1360 3549 in
1385 3500 1500 3550 terrain
1517 3485 1644 3550 Israhel
1666 3486 1900 3572 r'repredr'entnr5

248 3605 276 3656 et
297 3595 412 3673 scietis,
444 3596 520 3678 qaia
549 3618 603 3679 epo
627 3593 774 3658 dominas
796 3593 894 3656 Deus.
941 3593 991 3656 Eo
1021 3592 1107 3678 qaod
1135 3592 1314 3678 deceperint
1336 3593 1493 3679 populum
1516 3617 1617 3656 meam
1642 3593 1799 3658 dieentes:
1828 3592 1901 3657 Pac

248 3713 276 3764 et
309 3724 369 3762 aon
404 3713 449 3764 est
477 3723 562 3786 pas,
597 3709 630 3763 et
658 3709 731 3785 post
760 3721 826 3764 non
856 3697 974 3762 multa:
1010 3698 1086 3764 Cain
1119 3712 1266 3785 caperent
1287 3701 1413 3762 anirnas
1435 3701 1556 3786 populi
1582 3702 1662 3780 mei,
1697 3701 1901 3787 ririficabnnt
1918 3719 2072 3772 missure.

203 3830 231 3871 so
248 3809 373 3870 carinas
396 3830 501 3871 eoram
525 3821 553 3870 et
574 3807 737 3870 violabant
758 3831 805 3869 rna
828 3806 874 3869 ad
888 3807 1045 3893 papalum
1069 3831 1169 3871 nicam
1188 3819 1322 3892 propter
1338 3807 1500 3893 papillam
1525 3806 1618 3871 ordei
1637 3821 1667 3871 et
1680 3808 1899 3894 fragmentum

245 3915 360 3998 panis,
396 3927 429 3977 ar
461 3915 667 4000 interficerent
695 3914 821 3977 animas
828 3963 837 3993 ,
873 3938 952 3998 qaae
977 3938 1036 3976 eron
1060 3915 1254 3992 moriantur,
1289 3927 1318 3977 et
1342 3914 1539 3999 vivificarent
1560 3915 1702 3994 areirnas,
1737 3937 1817 3998 qaae
1840 3937 1899 3978 narr

251 4021 368 4098 cicant,
398 4022 575 4084 mentientes
600 4021 721 4106 populo
751 4044 818 4084 nico
848 4019 989 4083 credenti
1015 4019 1199 4084 mendaciis.
1247 4015 1457 4104 Praesbyteri
1487 4018 1585 4081 etiam
1612 4019 1753 4104 imperiti
1779 4017 1900 4083 sollerti

250 4123 356 4189 studio
381 4123 422 4189 ab
447 4125 608 4212 episcopis
632 4127 698 4189 suis
721 4124 903 4189 instruendi
927 4135 1012 4207 sunt,
1043 4124 1182 4212 qualiter
1212 4135 1245 4189 et
1275 4124 1498 4189 confitentium
1529 4135 1666 4211 peccata
1689 4125 1829 4190 discrete
1853 4126 1899 4189 in·

251 4232 379 4318 quirere
396 4232 509 4318 eisque
526 4254 704 4317 congruum
720 4231 852 4297 modum
868 4231 1047 4297 secundum
1063 4232 1256 4296 canonicam
1272 4232 1498 4295 auctoritatem
1514 4233 1733 4318 paenitentiae
1751 4232 1902 4296 noverint

206 4362 234 4404 rs
250 4340 428 4425 imponere,
453 4338 606 4424 quoniam
629 4337 788 4403 hactenus
812 4361 923 4404 eorum
946 4339 1074 4402 incuria
1097 4349 1130 4402 et
1147 4337 1332 4424 ignorantia
1347 4335 1521 4401 multorum
1537 4336 1661 4424 flagitia
1676 4349 1902 4402 remanserunt

251 4445 399 4532 inpunita
422 4454 455 4509 et
477 4443 539 4508 hoc
563 4442 605 4507 ad
628 4445 756 4510 ruinam
779 4447 959 4510 animarum
983 4446 1146 4532 pertinere
1170 4441 1306 4507 dubium
1329 4465 1394 4507 non
1418 4453 1476 4508 est.

357 4557 461 4647 Cap.
496 4557 661 4623 XXXIII.
720 4559 876 4640 Quod⁴
915 4559 1163 4646 episcopis
1208 4560 1492 4640 conveniat,
1535 4571 1581 4624 ut
1621 4560 1778 4624 ieiuni
1820 4581 1903 4646 per

251 4667 600 4753 inpositionem
635 4688 846 4731 mannum
881 4665 1077 4731 tradant
1112 4664 1347 4752 Spiritum
1382 4677 1606 4731 sanctum.
1653 4665 1818 4730 Perlatum
1853 4680 1902 4731 est

357 4814 458 4865 XXXI.
488 4809 775 4877 Iconsaccrdotibusl
794 4830 854 4864 cum
873 4815 1063 4865 sacerdotibus
1083 4814 1110 4865 1'.
1177 4808 1319 4877 iboneri]
1341 4815 1473 4864 =oneri.
1540 4809 1620 4878 leit]
1641 4820 1681 4865 est
1700 4813 1730 4865 P.
1802 4816 1901 4865 Sava·

207 4912 236 4952 ω
253 4895 330 4945 ritiae
350 4895 377 4944 Γ.
451 4897 466 4945 9
487 4890 596 4959 urserit]
616 4896 739 4960 urguerit
759 4895 785 4943 Γ.
805 4891 836 4945 P.

358 4975 472 5025 XXXII.
503 4975 535 5025 16
554 4973 705 5027 codiceillis
724 4974 753 5025 l'.
835 4976 867 5026 27
887 4980 959 5024 terra
978 4972 1009 5023 P.
1091 4975 1126 5026 30
1145 4967 1232 5038 ordei]
1252 4973 1347 5024 hordei
1367 4971 1397 5024 P.
1478 4975 1512 5025 34
1531 4973 1681 5040 secundum
1700 4973 1729 5026 Γ.
1809 4974 1901 5040 paeni·

253 5049 362 5118 tentiae]
382 5055 520 5121 peeuitiee
540 5054 568 5106 V.

357 5135 488 5185 XXXIII.
517 5137 551 5186 38
570 5151 679 5185 manum
699 5134 729 5185 P.

362 5255 391 5338 1)
412 5260 461 5335 Os.
479 5263 585 5320 Karoli
600 5262 643 5320 M.
660 5263 818 5339 capiarlare
834 5261 1024 5319 Mantaannnr
1041 5265 1100 5321 787
1116 5281 1139 5318 c.
1156 5265 1186 5331 5,
1203 5261 1240 5318 H
1240 5261 1370 5319 ludowici
1388 5261 1546 5337 capiterlare
1561 5262 1772 5320 ecclesiasticam
1788 5257 1864 5340 818]
1867 5267 1905 5322 19

207 5382 236 5422 st
254 5388 277 5425 c.
291 5372 338 5439 19,
355 5369 480 5444 capitula
496 5370 531 5426 de
546 5369 637 5427 arans
652 5368 823 5427 instruendis
835 5372 912 5438 829,·
930 5366 1003 5425 ΜΘ.
1018 5365 1111 5444 Capit.
1124 5367 1229 5438 I,195.
1242 5371 1314 5428 278.
1329 5368 1369 5438 11,
1384 5372 1402 5428 9
1418 5370 1436 5425 l.
1450 5372 1536 5445 Isqq.
1554 5364 1774 5444 (Iliilrlbaeber'
1789 5389 1817 5425 n.
1830 5372 1903 5429 289.

255 5477 324 5535 674.
340 5469 426 5551 860).
507 5467 538 5553 2)
564 5474 613 5549 Cf.
638 5477 752 5533 decreta
769 5473 880 5534 Gelani
898 5494 922 5531 c.
938 5477 981 5535 27
997 5469 1111 5550 (Jaffe'·
1121 5476 1159 5534 K.
1180 5496 1208 5532 n.
1227 5471 1309 5550 636).
1351 5474 1383 5531 V.
1402 5473 1483 5532 etiam
1506 5495 1597 5551 snpra
1614 5495 1647 5551 p.
1665 5478 1724 5536 591
1748 5480 1855 5536 anm
1879 5485 1906 5533 et

259 5580 293 5639 U.
311 5581 397 5653 State,
422 5579 600 5642 ‘Gescbicbte
623 5583 671 5639 des
693 5580 865 5638 lcirclrlicbea
881 5581 1159 5661 erpirialweseae’
1176 5579 1200 5652 Ι,
1216 5585 1260 5641 27
1271 5602 1332 5658 sqq.
1425 5572 1455 5659 3)
1482 5579 1531 5653 Cf.
1548 5581 1646 5640 conciL
1669 5582 1831 5640 Ibroaense
1845 5585 1905 5643 813

255 5707 278 5744 c.
293 5691 345 5759 22,
371 5688 565 5747 canaam
579 5691 639 5749 813
655 5708 678 5746 c.
696 5691 736 5749 38
742 5710 753 5758 ;
775 5708 865 5765 supra
884 5709 917 5764 p.
933 5692 1007 5749 289.
1023 5691 1095 5749 281.
1137 5687 1169 5745 V.
1187 5687 1270 5745 etiarn
1287 5685 1362 5746 Mc.
1380 5687 1459 5764 Epp.
1478 5688 1511 5758 V,
1529 5691 1597 5748 617.
1672 5679 1703 5768 l)
1729 5686 1797 5747 Cirta
1818 5709 1904 5767 arpa·

254 5803 344 5852 mento
367 5803 393 5852 et
424 5794 486 5871 ipso
509 5795 631 5871 capitulo
654 5795 695 5868 cs.
719 5794 819 5853 relatio
843 5796 1034 5871 episcoporum
1058 5815 1081 5851 c.
1098 5798 1139 5854 40
1162 5787 1194 5868 (l.
1211 5796 1229 5852 l.
1255 5794 1294 5865 II,
1311 5789 1374 5870 40),
1405 5794 1434 5851 in
1461 5794 1538 5852 ruitis
1560 5794 1767 5855 abbreviatione
1789 5797 1907 5854 careonis

207 5918 236 5957 so
256 5900 426 5960 Pamsr'ensis
448 5901 546 5959 nititur
569 5905 630 5961 c.7
653 5903 687 5960 de
709 5921 833 5959 consecr.
857 5901 897 5959 D.
914 5906 944 5960 5.

307 5999 352 6044 LI».
363 5999 464 6041 &neura
477 6000 508 6043 11.
1659 5990 1693 6040 80
