4884 6717
560 524 624 587 526
1029 532 1080 587 44.
1117 532 1337 590 cortorulum
1360 532 1586 588 PARlSIENSE
1610 534 1646 588 A.
1669 531 1743 588 825.

559 717 638 782 lenti
662 719 795 804 pingere
820 730 876 782 aut
899 719 1023 804 fingere
1048 718 1246 805 prohiberet.
1293 719 1389 785 Unde
1420 741 1523 805 usque
1553 718 1651 783 hodie
1680 719 1794 783 eadem
1819 718 1907 806 apud
1930 741 1989 781 nos
2013 718 2214 783 consuetudo

559 836 697 905 tenetur,
722 836 766 906 ut,
792 826 870 911 quia
894 825 954 890 hoe
978 827 1154 890 auotoritas
1171 826 1260 890 nulla
1276 825 1375 898 iubet,
1400 848 1495 889 nemo
1512 824 1634 906 iubeat,
1659 825 1816 906 similiter,
1841 826 1918 912 quia
1935 826 2110 889 auctoritas
2127 825 2215 889 nulla

559 931 719 1018 prohihet,
750 955 845 996 uerno
875 932 1058 1018 prohibeat.
1107 933 1193 1013 Quia
1224 956 1302 996 vero
1333 947 1467 1019 propter·
1496 934 1709 1018 praemissam
1741 934 1899 996 rationem
1930 931 2025 996 aliter
2054 954 2215 995 essenon

558 1050 674 1124 potest,
699 1040 761 1102 nisi
786 1040 867 1102 ratio
892 1039 968 1102 inde
993 1038 1163 1120 habeatur,
1188 1040 1326 1104 fortasse
1351 1039 1465 1103 eadem
1490 1041 1572 1102 ratio
1597 1039 1660 1103 tale
1678 1040 1850 1103 exordium
1866 1062 1930 1103 non
1948 1039 2216 1102 inconvenienter

558 1144 680 1208 habere
712 1145 840 1231 poterit.
895 1144 929 1209 Si
962 1146 1061 1228 igitur
1091 1147 1199 1231 imago
1231 1147 1264 1209 in
1295 1156 1362 1210 toto
1394 1145 1472 1209 orbe
1503 1158 1662 1210 terrarum
1693 1145 1781 1210 nullu
1810 1147 1897 1231 picta
1928 1145 1981 1209 vel
2010 1145 2086 1209 fieta
2117 1156 2247 1218 essens

558 1251 715 1338 numquid
740 1251 864 1337 aliquid
888 1251 975 1330 fidei,
1007 1253 1077 1337 spei
1105 1253 1158 1317 vel
1183 1254 1312 1316 caritati
1337 1264 1471 1316 sanetae
1495 1251 1561 1315 Dei
1585 1252 1744 1316 eeclesiae
1769 1251 1923 1316 obesset?
1970 1252 2093 1316 Rursus
2117 1252 2145 1315 si
2167 1252 2214 1315 ita

558 1371 593 1422 ut
616 1359 649 1421 in
674 1357 869 1444 quibusdam
894 1358 983 1439 lociS,
1009 1360 1150 1422 niaxime
1175 1358 1324 1423 ecclesiis
1348 1382 1406 1423 seu
1425 1358 1555 1444 palatiis
1571 1360 1766 1444 principum,
1790 1358 1832 1422 eb
1848 1358 1971 1423 nullum
1988 1357 2087 1422 alium
2104 1359 2213 1422 catho-

557 1465 641 1529 licae
671 1465 748 1529 fidei
779 1489 837 1529 seu
861 1465 1027 1550 religionis
1052 1465 1183 1542 cultum,
1215 1465 1273 1529 sed
1305 1464 1528 1545 tautummodo
1560 1464 1738 1529 scientibus
1762 1489 1820 1551 pro
1844 1467 1963 1529 amoris
1988 1466 2033 1550 pii
2057 1465 2214 1529 memoria

558 1595 617 1635 seu
647 1583 835 1635 ornamento
867 1571 1046 1635 eorundem
1076 1571 1232 1652 locorum,
1267 1570 1488 1636 nescientibus
1524 1594 1602 1635 vero
1638 1595 1696 1657 pro
1728 1572 1875 1636 ciusdem
1905 1573 2036 1658 pietatis
2064 1570 2213 1635 doctriua

558 1680 665 1765 pictae
689 1679 742 1742 rel
765 1678 861 1743 fictae
886 1689 970 1758 sunt,
995 1680 1040 1742 ita
1064 1701 1123 1764 per
1147 1678 1273 1766 reliqua
1296 1679 1441 1743 eiusdem
1458 1677 1655 1764 imaginibus
1672 1701 1817 1763 congrua
1834 1678 1998 1742 domicilia
2014 1679 2055 1742 ad
2072 1677 2212 1742 eundem
2232 1702 2259 1740 re

558 1808 688 1848 sensum
723 1785 924 1870 pertinentes
959 1786 1067 1870 pictae
1103 1784 1156 1848 rel
1186 1785 1282 1849 fictae
1314 1796 1437 1862 essent,
1474 1784 1553 1872 quid
1583 1785 1738 1870 praelatis
1768 1784 1942 1849 virtutibus
1973 1807 2126 1871 umquam
2157 1795 2213 1848 aut

557 1914 695 1977 usquam
720 1891 835 1955 obesse
859 1892 1042 1976 potuisset?
1090 1891 1132 1955 Et
1156 1891 1242 1962 ideo,
1267 1893 1418 1978 quiores
1444 1892 1489 1955 ita
1513 1914 1547 1954 se
1572 1890 1679 1968 habet,
1712 1892 1790 1978 quid
1815 1903 1973 1977 superest,
2004 1893 2067 1955 uisi
2098 1891 2212 1976 utqui

558 1996 680 2076 nolunt,
705 1999 751 2061 ita
774 2021 837 2060 uon
862 1999 994 2076 faciant,
1025 2009 1059 2062 ut
1083 2011 1192 2062 tamen
1222 2000 1280 2078 eis,
1312 1999 1367 2084 qui
1399 1997 1470 2061 illas
1501 2020 1540 2060 eo
1564 2020 1672 2076 sensu,
1703 2012 1738 2061 ut
1761 2000 1976 2084 praemissum
2001 2009 2059 2078 est,
2091 1995 2211 2061 hahere

557 2103 671 2167 volunt
694 2104 746 2168 vel
769 2104 903 2184 faciunt,
929 2105 962 2167 in
985 2103 1137 2167 faciendo
1161 2104 1213 2168 vel
1239 2104 1390 2168 babendo
1414 2105 1547 2168 minime
1572 2104 1808 2182 contradicant,
1840 2116 1873 2167 et
1903 2104 1949 2167 illi
1973 2104 2130 2184 similiter,
2156 2104 2211 2189 qui

559 2210 629 2274 illas
654 2209 775 2274 habere
799 2210 921 2291 volunt,
953 2210 1100 2274 nolentes
1130 2210 1172 2274 ad
1203 2209 1389 2275 habendum
1414 2211 1466 2275 vel
1495 2210 1678 2275 faciendum
1710 2211 1894 2275 nullatenus
1926 2223 2055 2296 cogant.
2102 2211 2210 2296 Atque
2232 2234 2258 2273 rs

557 2318 602 2380 ita
626 2328 757 2380 auctore
775 2317 847 2381 Deo
872 2328 1008 2404 uterque
1033 2317 1175 2381 inlaesus
1200 2330 1359 2394 servatur,
1384 2317 1462 2382 dum
1486 2328 1518 2380 et
1542 2316 1662 2381 habere
1687 2318 1800 2381 volens
1823 2331 1957 2403 propter
1981 2317 2141 2382 cautelam
2164 2318 2211 2379 in·

557 2423 636 2487 liciti
662 2422 767 2487 cultus
792 2437 824 2486 et
847 2423 968 2486 habere
999 2423 1111 2488 nolens
1143 2435 1277 2510 propter
1306 2423 1466 2488 cautelam
1498 2423 1613 2487 inliciti
1644 2436 1848 2510 contemptus
1879 2424 1989 2488 salvus
2020 2445 2212 2510 permanere

558 2528 780 2593 indubitanter
802 2531 930 2615 poterit.
977 2530 1086 2615 Atque
1110 2532 1156 2593 ita
1179 2531 1354 2594 miseraute
1379 2531 1451 2594 Deo
1477 2532 1635 2594 rusiorum
1658 2545 1841 2594 nostrorum
1873 2530 1913 2595 de
1937 2529 2134 2615 imaginibus
2159 2529 2211 2593 vel

557 2638 692 2722 picturis
717 2659 838 2699 morem
863 2638 1037 2716 imitantes,
1062 2638 1095 2700 in
1119 2636 1262 2700 iubendo
1279 2636 1333 2700 rel
1356 2635 1569 2723 prohibendo,
1594 2638 1627 2700 in
1652 2636 1802 2701 habendo
1826 2637 1878 2701 vel
1904 2661 1967 2700 nou
1992 2636 2154 2720 habendo,
2178 2638 2212 2700 in

557 2742 694 2807 colendo
729 2743 782 2807 vel
816 2766 881 2807 non
916 2743 1064 2825 colendo,
1100 2743 1240 2808 inlaesos
1275 2742 1433 2807 haetenus
1469 2744 1529 2807 hac
1565 2744 1606 2807 de
1638 2767 1738 2808 causa
1768 2744 1910 2807 Domino
1939 2743 2117 2831 opitulante
2152 2767 2212 2807 uos
2231 2766 2259 2806 se

557 2851 711 2914 transisse
736 2864 767 2914 et
791 2851 861 2936 ipso
885 2849 1090 2935 gubernante
1114 2851 1306 2914 transituros
1329 2872 1536 2936 nequaquam
1561 2850 1758 2915 dubitamus.
1806 2849 2028 2930 Quamobrem
2059 2850 2213 2915 monendi

557 2969 631 3020 sunt
655 2980 777 3037 ornnes,
802 2958 856 3043 qui
882 2957 953 3021 illas
978 2956 1099 3020 habere
1123 2956 1247 3036 volunt,
1271 2979 1312 3020 ue
1336 2955 1476 3020 amande
1500 2957 1552 3020 vel
1577 2956 1724 3043 quolibet
1746 2957 1842 3021 mode
1866 2957 2032 3022 adorando
2056 2957 2108 3021 vel
2126 2980 2212 3021 com·

557 3063 729 3149 plectendo
752 3063 838 3127 ultra
862 3087 958 3149 quam
984 3075 1111 3149 opertet
1135 3063 1257 3127 cultum
1281 3065 1327 3126 eis
1352 3063 1509 3128 inlicitum
1534 3063 1694 3128 ullatenus
1725 3063 1924 3149 impendant.
1972 3064 2127 3129 Similiter
2151 3087 2213 3127 nec

558 3169 613 3248 illi,
639 3171 695 3255 qui
719 3193 774 3233 cas
799 3169 920 3233 habere
945 3170 1127 3251 uoluerunt,
1152 3169 1256 3234 sicubi
1282 3193 1338 3234 eas
1362 3173 1560 3256 aspexerint.
1586 3170 1731 3257 qualibet
1754 3173 1970 3256 ignominiosa
1986 3171 2039 3234 vel
2055 3170 2214 3256 probrosa

558 3276 771 3340 detestatione
796 3299 960 3362 spernere,
992 3276 1225 3340 contumeliare
1258 3276 1310 3340 rel
1341 3276 1485 3341 lacerare
1510 3290 1729 3364 praesumant.
1777 3278 1864 3342 Hinc
1889 3301 1966 3362 ergo
1991 3277 2213 3342 indubitanter
2231 3299 2258 3338 as

558 3382 665 3468 colligi
690 3394 806 3469 potest,
838 3406 922 3468 quae
948 3382 1035 3446 illum
1061 3384 1142 3446 ratio
1167 3383 1229 3446 hoe
1253 3406 1327 3448 cum
1352 3384 1495 3469 periculo
1520 3407 1726 3470 quocumque
1758 3384 1930 3471 compellat
1961 3384 2092 3464 habere,
2124 3383 2213 3471 quod

558 3489 647 3553 illum
670 3488 783 3574 proenl
808 3488 906 3553 dubio
931 3491 1000 3552 sine
1024 3488 1089 3553 ullo
1113 3489 1259 3575 periculo
1283 3490 1359 3554 lieet
1382 3513 1446 3554 nou
1471 3490 1601 3554 habere.
1637 3491 1716 3554 Ideo
1741 3515 1818 3576 erge
1843 3493 1939 3555 totius
1963 3491 2058 3555 huius
2077 3492 2212 3555 rationis

557 3596 630 3659 talis
655 3607 704 3658 est
727 3619 862 3676 summa,
893 3597 1007 3681 utqui
1038 3594 1151 3659 volunt
1178 3597 1311 3682 propria
1334 3598 1490 3660 memoria
1513 3598 1567 3661 vel
1590 3620 1670 3662 sana
1695 3597 1842 3662 doctrina
1865 3600 1898 3662 in
1922 3598 2002 3663 locis
2027 3611 2212 3684 competen-

558 3700 643 3765 tibus
667 3700 791 3787 absque
816 3702 880 3766 ullo
905 3702 1027 3765 inlicito
1052 3701 1140 3766 cultu
1164 3704 1269 3788 pictas
1295 3702 1347 3766 vel
1377 3703 1469 3767 fictas
1501 3703 1643 3768 habeant
1673 3706 1843 3790 imagines,
1875 3707 1930 3791 qui
1961 3716 2068 3770 autem
2100 3704 2213 3768 uolunt

557 3807 681 3894 absque
706 3807 770 3871 ullo
794 3808 916 3871 inlicite
941 3821 1128 3894 contemptu
1152 3809 1260 3872 taliter
1283 3808 1440 3873 habentes
1457 3810 1509 3873 rcl
1527 3810 1654 3874 habitas
1671 3813 1830 3896 imagines
1846 3812 2029 3876 nullatenus
2046 3824 2211 3896 spernant.
2232 3832 2260 3871 an

665 3915 784 3979 Essent
807 3917 918 4001 utique
942 3914 1046 4000 plura,
1072 3939 1155 4001 quae
1180 3914 1233 3980 hic
1258 3916 1492 3992 ratiocinando,
1518 3916 1567 3980 his
1584 3940 1643 4002 per
1658 3919 1766 3982 omnia
1783 3941 1936 4002 congrua,
1961 3918 2026 3981 dici
2042 3917 2095 3981 vel
2112 3916 2212 3980 scribi

558 4023 748 4108 potuissent,
772 4023 799 4084 si
824 4033 879 4084 aut
902 4020 1047 4085 brevitas
1072 4023 1227 4107 temporis
1251 4024 1453 4108 permitteret
1477 4037 1532 4086 aut
1556 4023 1591 4086 id
1614 4023 1723 4110 aliqua
1747 4023 1788 4087 ad
1806 4047 1845 4087 ca
1866 4024 2090 4088 confirmanda
2113 4021 2211 4088 scribi

558 4132 736 4193 necessitas
760 4128 981 4214 poposcisset'.

665 4252 963 4317 AUCTORITAS.
1018 4254 1078 4316 llis
1114 4255 1211 4317 etiam
1247 4276 1306 4339 pre
1342 4254 1562 4318 satisfactione
1594 4254 1833 4341 praedictorum
1863 4255 1998 4318 fratrum
2029 4266 2212 4318 nostrornm

558 4359 610 4422 vel
634 4359 792 4423 ecelesiae
817 4361 966 4446 superius
991 4361 1234 4423 eorumemorati
1258 4361 1350 4444 regni
1375 4362 1407 4424 in
1432 4385 1500 4430 sua,
1525 4363 1602 4446 quia
1618 4361 1712 4425 aliter
1728 4385 1799 4425 esse
1816 4386 1881 4425 non
1898 4364 2011 4448 potuit,
2036 4363 2210 4448 separatim
2231 4384 2259 4424 ss

558 4466 713 4530 relatione
738 4466 790 4530 rel
815 4467 898 4529 serie
923 4479 1146 4551 competenter
1168 4468 1366 4552 praemissis,
1389 4478 1426 4531 ut
1450 4469 1645 4554 quicumque
1670 4469 1894 4532 ratiocinando
1919 4470 2027 4533 animo
2044 4491 2101 4532 suo
2118 4469 2211 4532 satis·

558 4574 665 4637 lacere
690 4572 838 4650 voluerit,
870 4596 928 4638 cur
958 4573 1072 4636 eadem
1104 4573 1244 4637 ecclesia
1269 4573 1324 4638 tali
1350 4597 1384 4636 se
1408 4574 1629 4638 moderamine
1654 4576 1715 4639 hac
1739 4576 1772 4638 iu
1797 4598 1831 4638 re
1857 4598 1899 4638 ex
1923 4576 2064 4661 antiquis
2088 4586 2210 4660 tempo·

558 4679 647 4744 ribus
671 4681 703 4742 in
728 4678 887 4743 habendis
913 4679 964 4742 vel
988 4703 1052 4742 uon
1077 4678 1237 4742 habendis
1262 4679 1457 4765 imaginibus
1482 4691 1623 4745 tractare
1646 4680 1795 4756 voluerit,
1827 4693 1916 4745 tanto
1948 4681 2211 4767 compendiosius

557 4788 665 4850 facere
690 4787 801 4872 possit,
826 4800 947 4872 quanto
971 4810 1035 4849 non
1060 4787 1208 4872 sparsim,
1234 4786 1292 4849 sed
1309 4786 1402 4850 simul
1419 4810 1547 4851 sensum
1566 4787 1693 4852 illorum
1710 4801 1866 4874 oportune
1885 4787 2055 4853 collectum
2072 4788 2210 4873 legendo

558 4892 729 4956 addiscere
760 4894 887 4978 poterit,
918 4892 1014 4956 modo
1047 4906 1155 4956 autem
1187 4891 1302 4955 eadem
1333 4895 1415 4957 ratio
1446 4893 1550 4970 docet,
1583 4897 1666 4959 sieut
1696 4901 1815 4981 supra¹
1840 4895 2057 4980 significatum
2086 4906 2144 4976 est,
2175 4906 2212 4959 ut
2230 4919 2259 4958 te

557 5023 644 5063 nunc
668 4999 709 5063 ad
734 5001 959 5063 auctoritatem
984 5013 1170 5062 sanctorum
1194 5010 1332 5086 patrum,
1358 5000 1413 5085 qui
1429 5000 1505 5064 inde
1523 5000 1647 5088 aliquid
1663 5004 1863 5088 scripserunt
1878 5001 2037 5088 nobisque
2055 5004 2210 5088 scriptum

558 5106 768 5191 reliquerunt,
785 5105 957 5170 redeamus
973 5118 1005 5168 et
1022 5104 1202 5184 rideamus,
1227 5106 1253 5168 si
1271 5104 1385 5169 eadem
1403 5109 1578 5170 auctoritas
1595 5110 1807 5194 praemissam
1826 5111 1984 5172 rationem
2001 5108 2211 5195 congruendo

558 5213 720 5276 affirmare
744 5211 863 5275 debeat
886 5236 927 5275 an
952 5235 1027 5278 non.

665 5318 805 5382 Videtur
827 5320 926 5403 igitur
950 5317 1053 5400 nobis,
1085 5320 1234 5404 quamvis
1264 5318 1372 5404 plures
1404 5319 1479 5384 inde
1511 5321 1543 5384 in
1574 5321 1707 5408 reliquis
1739 5322 1929 5387 tractatibus
1954 5323 2031 5396 suis,
2063 5345 2144 5409 qnos
2169 5321 2210 5386 de

559 5437 643 5489 statu
678 5437 809 5489 sanctae
841 5425 906 5489 Dei
941 5425 1101 5489 ecclesiae
1138 5426 1314 5511 inspirante
1351 5426 1475 5513 Spiritu
1510 5441 1622 5492 sancto
1658 5429 1800 5492 studiose
1837 5441 2020 5508 texuerunt,
2055 5428 2211 5493 nonnulla
2229 5449 2259 5489 ss

667 5627 763 5676 laide
784 5626 815 5676 P.
876 5629 911 5677 20
931 5625 1049 5676 inlaesus
1071 5625 1100 5675 P.
1163 5629 1196 5676 22
1216 5623 1365 5690 adorando]
1388 5630 1491 5680 orando
1513 5629 1542 5678 P.
1605 5632 1708 5679 ‘23nce
1729 5625 1777 5694 illi]
1798 5630 1898 5680 stillis
1921 5630 1950 5679 P.
2015 5632 2049 5681 32
2069 5625 2113 5692 adl
2135 5632 2158 5680 si
2179 5630 2209 5680 P.

559 5715 743 5766 confirmando
763 5715 793 5764 P.

669 5897 697 5965 l)
723 5897 753 5952 V.
776 5916 866 5970 supra
886 5916 918 5971 p.
936 5902 998 5955 :323
1021 5898 1039 5952 l.
1058 5903 1099 5955 32
1114 5916 1173 5972 sqq.
