4884 6717
683 544 735 601 56.
771 543 991 601 CONCILIUM
1014 541 1343 608 AQUISGRANRNSE
1367 543 1404 598 A.
1424 540 1500 598 836.
1855 532 1915 596 721

263 750 289 798 et
310 741 406 798 omnia
429 741 546 798 consilia
570 749 619 797 tan
642 740 671 796 in
695 740 756 816 iprae
780 747 982 815 permaneant.
1036 740 1107 794 Item
1129 740 1217 793 idem:
1249 736 1351 794 Audite
1373 756 1450 813 erpo,
1473 736 1534 815 fids·
1555 735 1617 805 urei,
1647 743 1758 811 patrern
1788 744 2101 801 oesbum.¹roa.u,ro.1r.

263 847 372 905 Seroitc
388 847 511 905 Domino
534 847 562 903 in
586 847 705 904 ⁴ueritate
727 855 753 904 st
774 845 915 922 inquirite,
940 854 970 902 ut
985 845 1109 917 sacione
1132 864 1205 920 quae
1227 853 1292 901 suut
1309 843 1421 919 placita
1444 842 1494 912 illi,
1526 852 1552 900 et
1567 842 1639 922 filiis
1661 842 1760 900 oman
1774 843 1919 913 mandate,

262 963 293 1011 ut
307 954 430 1026 sociam
451 953 571 1011 iustitias
594 962 621 1011 et
642 951 810 1026 elymosinas
833 961 859 1008 et
880 960 911 1008 ut
931 951 989 1008 sint
1009 970 1144 1010 memores
1166 949 1225 1007 Dei
1247 958 1273 1006 et
1294 949 1460 1007 benedicant
1483 968 1543 1006 euru
1570 949 1600 1005 iu
1630 950 1707 1006 omni
1736 957 1859 1025 tenspors
1887 948 1917 1005 in

262 1061 380 1118 ueritate
402 1070 428 1118 et
450 1061 478 1117 in
503 1069 561 1118 tota
584 1060 685 1117 sirmis
706 1079 770 1116 sua.

230 1224 244 1263 o
370 1196 454 1282 (54).
479 1194 622 1280 (ΧΠΙΙ).
646 1192 743 1257 ΧΠΙ.
790 1196 865 1255 His¹
888 1201 1015 1255 omnibns
1045 1200 1213 1272 praelibatis
1243 1200 1458 1255 innotescimus
1482 1199 1571 1266 vobis,
1601 1199 1675 1271 qnod
1705 1216 1753 1265 ea,
1785 1215 1859 1269 quae
1889 1198 1919 1253 in

263 1312 394 1383 capitulis
417 1312 519 1366 vestris
549 1310 630 1364 nobis
661 1309 813 1363 tractanda
842 1307 1028 1374 commisistis,
1059 1306 1168 1362 scilicet
1195 1301 1283 1377 quid²
1313 1324 1331 1360 a
1359 1305 1530 1377 principibus
1560 1311 1588 1360 et
1615 1305 1723 1376 reliquo
1746 1305 1850 1375 populo
1873 1305 1919 1359 vel

263 1420 310 1488 ita,
332 1425 364 1472 ut
385 1418 478 1472 divina
501 1417 649 1471 auctoritas
671 1417 804 1483 doceat,
829 1421 877 1468 aut
899 1414 981 1468 aliter
1002 1419 1140 1480 teneatur,
1163 1413 1208 1467 vel
1233 1413 1387 1484 quidinde
1411 1429 1444 1466 cx
1467 1419 1547 1482 parte
1570 1417 1619 1466 aut
1641 1429 1675 1466 ex
1697 1419 1757 1466 toto
1779 1412 1919 1466 dimicem

263 1529 306 1590 sit,
329 1532 437 1579 utnon
459 1531 596 1590 tenentur,
626 1539 737 1577 necnon
762 1529 791 1577 et
816 1521 845 1575 in
868 1520 921 1587 his,
951 1537 1024 1592 quae
1048 1519 1193 1591 praesenti
1216 1513 1313 1574 anno⁸
1335 1519 1475 1574 conscribi
1499 1525 1528 1574 et
1550 1518 1724 1590 permissos
1747 1526 1857 1574 vestros
1881 1518 1918 1572 ob
1947 1549 1952 1558 ·

262 1633 331 1686 vitia
354 1630 557 1702 conprimenda
578 1646 632 1701 per
654 1629 801 1700 imperium
824 1633 948 1681 vestrum
972 1626 1124 1692 direxistis,
1148 1625 1282 1692 fatemur,
1312 1626 1380 1697 quia
1401 1626 1431 1680 in
1453 1625 1496 1679 bis
1520 1625 1662 1695 capitulis,
1692 1642 1766 1695 quae
1790 1625 1919 1696 superius

220 1757 245 1795 ro
263 1740 453 1804 continentur,
484 1736 572 1790 multa
595 1736 788 1789 demonstrata
809 1740 890 1801 sunt,
922 1749 997 1803 quae
1027 1750 1045 1787 a
1071 1733 1233 1803 pastoribus
1256 1731 1442 1788 aeclesiarum
1466 1737 1496 1786 et
1519 1749 1537 1786 a
1559 1731 1733 1803 principibus
1757 1738 1788 1786 et
1810 1730 1920 1802 reliquo

263 1846 368 1916 populo
391 1849 510 1899 actenus
533 1842 664 1913 neglecta
688 1841 852 1906 extiterunt3
884 1848 913 1893 et
935 1839 1025 1908 aliter,
1054 1857 1139 1909 quam
1161 1840 1255 1893 divina
1278 1839 1426 1893 auctoritas
1449 1855 1478 1892 se
1501 1837 1615 1906 habeat,
1644 1838 1673 1892 in
1694 1838 1737 1892 his
1760 1855 1808 1894 eos
1830 1838 1920 1910 egisse

263 1959 292 2006 et
314 1969 398 2022 agere
419 1950 553 2004 novimus.
598 1947 654 2003 Sed
678 1948 700 2002 si
722 1949 791 2001 haec
820 1953 915 2000 nostra
944 1946 1123 2000 sacerdotalis
1146 1946 1304 2000 ammonitio
1332 1944 1461 2000 effectum
1485 1945 1548 1999 Deo
1571 1952 1704 2016 operante
1727 1962 1778 2015 per
1800 1951 1920 2000 vestrmn

261 2059 363 2112 bonurn
382 2057 499 2112 studium
518 2055 618 2109 abhinc
638 2054 796 2122 obtinuerit,
817 2053 963 2122 credimus,
986 2053 1062 2123 quod
1080 2053 1176 2120 multa,
1200 2069 1274 2122 quae
1293 2068 1311 2105 a
1329 2052 1422 2105 mnus
1440 2051 1530 2119 aliter,
1555 2068 1640 2122 quam
1659 2051 1754 2106 divina
1771 2052 1921 2106 auctoritas

263 2183 292 2220 se
316 2166 430 2227 habeat,
453 2163 564 2218 dimissa
587 2169 658 2230 sunt,
682 2178 737 2231 que
759 2178 814 2214 nou
838 2159 1012 2229 tenebantur,
1034 2159 1212 2231 corrigentur.

219 2324 244 2364 re
370 2298 454 2384 (55).
479 2296 585 2382 (XV).
610 2293 722 2359 XIIII.
767 2297 863 2358 uam*
886 2310 914 2356 et
936 2302 1015 2371 illud,
1037 2302 1113 2372 quod
1138 2302 1167 2355 in
1196 2299 1322 2354 hisdem
1345 2299 1474 2371 capitulis
1497 2299 1661 2369 continetur,
1691 2305 1721 2354 ut
1744 2299 1919 2354 manifestuum

263 2415 351 2482 fieret,
374 2431 446 2485 quae
469 2429 570 2467 causae
592 2412 621 2465 id
645 2410 796 2480 effecerint,
822 2417 853 2464 nt
882 2410 1040 2464 sacerdotes
1070 2414 1098 2463 et
1127 2407 1265 2478 principes
1293 2423 1311 2460 a
1341 2413 1417 2461 recto
1451 2406 1560 2460 tramite
1595 2405 1761 2476 deviassent,
1795 2407 1918 2477 exceptis
1957 2435 1962 2442 .
1988 2441 1990 2444 -

263 2521 418 2593 praemissis
440 2520 578 2590 capitulis,
599 2519 627 2572 in
650 2517 757 2589 quibus,
779 2517 849 2571 sicut
871 2516 997 2584 diximus,
1019 2516 1107 2569 multa
1121 2513 1351 2586 neglegebantur,
1367 2514 1524 2584 specialiter
1538 2519 1632 2567 tamen
1647 2531 1730 2568 unum
1746 2513 1918 2568 obstaculum

265 2647 298 2684 ex
321 2629 407 2683 multo
429 2634 553 2697 tempore
576 2625 631 2679 iam
655 2623 800 2680 inolevisse
823 2623 1011 2695 cognovimus,
1040 2622 1068 2675 id
1097 2628 1138 2675 est
1161 2621 1228 2692 quia
1250 2620 1410 2691 principalis
1432 2625 1556 2691 potestas
1585 2620 1700 2675 diversis
1729 2620 1920 2675 occasionibus

264 2734 507 2791 intervenientibus
527 2751 615 2799 secus,
640 2749 723 2803 quam
742 2730 890 2785 auctoritas
909 2730 1002 2783 divina
1022 2745 1052 2782 se
1075 2727 1190 2795 habeat,
1213 2727 1242 2781 in
1264 2744 1363 2782 causas
1386 2726 1587 2780 ecclesiasticas
1609 2726 1758 2796 prosilierit
1780 2734 1808 2780 ot
1830 2744 1920 2781 sacer·

219 2859 245 2898 re
264 2846 342 2897 dotes
364 2842 464 2913 partim
486 2838 673 2912 neglegentia,
702 2838 802 2908 partim
824 2837 989 2909 ignorantia,
1015 2835 1116 2907 partim
1139 2834 1289 2904 cupiditate
1312 2834 1340 2887 in
1362 2832 1550 2888 saecularibus
1578 2833 1697 2904 negotiis
1726 2839 1755 2888 et
1785 2834 1918 2888 sollicitu-

263 2950 371 3004 dinibus
393 2950 476 3014 ultra,
504 2964 588 3018 quam
616 2945 779 3014 debuerant,
806 2962 835 2998 se
866 2948 1111 3014 occupaverunt3
1142 2947 1170 2995 et
1192 2941 1244 2994 hac
1268 2939 1412 2994 occasione
1434 2939 1524 3008 aliter,
1548 2956 1632 3010 qnam
1654 2939 1747 2993 divina
1770 2939 1919 2994 auctoritas

264 3059 372 3124 doceat,
396 3056 425 3109 in
443 3061 561 3124 unaque
580 3059 659 3123 parte
677 3059 769 3106 actum
789 3051 910 3105 extitisse
934 3049 1047 3104 dubium
1070 3066 1125 3103 uon
1148 3048 1204 3101 sit.
1243 3046 1300 3102 Sed
1322 3047 1387 3118 quia
1401 3047 1465 3100 Deo
1487 3046 1636 3101 miserante
1658 3064 1676 3099 a
1699 3044 1920 3117 progenitoribus

265 3175 293 3217 ct
314 3163 439 3235 genitore
461 3169 553 3216 vestro
576 3166 605 3214 et
628 3177 645 3212 a
667 3158 745 3213 vobis
768 3158 855 3211 multa
877 3163 1002 3212 correcta
1023 3155 1203 3228 grandamur,
1227 3155 1249 3208 si
1273 3171 1316 3224 en,
1339 3171 1412 3225 quae
1443 3171 1638 3222 ammonemus,
1669 3170 1830 3224 prosperum
1859 3169 1919 3205 suc·

264 3287 369 3324 cessum
397 3268 553 3340 habuerint,
582 3266 727 3334 credimus,
758 3265 833 3335 quod
864 3264 899 3316 ad
929 3262 1104 3333 perfectionis
1135 3269 1236 3316 statum
1267 3267 1358 3315 vestra
1387 3260 1502 3314 intentio
1531 3267 1681 3330 nostraque
1716 3259 1826 3314 devotio
1855 3258 1920 3312 Deo

219 3391 246 3431 so
264 3383 429 3448 cooperante
452 3374 597 3447 pervenire
620 3372 714 3443 possit.
753 3371 967 3438 Verumtamen,
997 3369 1063 3441 qnia
1091 3368 1215 3421 novimus
1238 3373 1341 3421 statum
1363 3366 1442 3420 huius
1465 3366 1543 3438 regni
1566 3365 1616 3420 sub
1639 3366 1689 3420 tali
1712 3365 1868 3420 conditione
1892 3369 1921 3418 et

264 3492 359 3538 tenore
382 3482 501 3536 crevisse
524 3482 615 3552 adque
638 3479 783 3532 dilatatum
810 3494 869 3530 osse
901 3483 928 3530 et
957 3493 975 3530 a
1003 3474 1220 3547 prudentissimis
1250 3473 1407 3545 sanctisque
1436 3472 1696 3542 praedecessoribus
1724 3473 1833 3540 nostris,
1862 3472 1920 3527 sive

264 3590 369 3644 scilicet
392 3589 427 3643 ab
451 3587 587 3658 episcopis
610 3586 668 3640 sive
691 3602 709 3639 a
731 3584 908 3656 principibus,
936 3582 1008 3636 hanc
1038 3599 1149 3636 caueam
1180 3599 1212 3636 ex
1244 3587 1303 3635 toto
1333 3587 1484 3635 correctam
1508 3598 1563 3634 non
1585 3579 1678 3650 fuisse,
1705 3587 1819 3651 propter
1840 3580 1921 3650 haec,

265 3714 337 3768 quae
361 3713 409 3751 suo
432 3701 557 3765 tempore
581 3693 633 3746 dici
656 3698 780 3763 possunt,
807 3697 835 3744 et
865 3690 971 3760 pondus
1001 3695 1095 3742 tantae
1125 3687 1351 3742 considerationis
1380 3686 1524 3757 parvitatis
1553 3694 1663 3741 rrostrae
1693 3687 1765 3741 vires
1794 3687 1922 3756 excessit,

265 3804 394 3875 qnoniam
417 3819 468 3856 nec
495 3801 579 3854 otium
610 3816 661 3854 nec
691 3799 810 3869 spatium
841 3796 972 3866 temporis
1001 3812 1052 3849 nec
1082 3794 1281 3865 plenitudinem
1310 3795 1535 3848 consacerdotum
1565 3801 1728 3863 nostrorum,
1762 3794 1831 3847 sicut
1859 3794 1921 3863 ipsa

220 3923 247 3962 so
264 3910 413 3965 necessitas
436 3907 613 3978 exposcebat,
635 3905 789 3960 habuimus.

372 4041 455 4128 (56).
480 4039 604 4127 (XVI).
629 4037 703 4102 XV.
751 4041 860 4100 Porro⁵
882 4047 917 4100 de
942 4044 1094 4115 episcopali
1116 4043 1255 4112 libertate,
1278 4060 1362 4113 quam
1385 4042 1447 4096 Deo
1479 4048 1617 4096 annuente
1647 4049 1794 4114 vestmque
1825 4042 1919 4096 ammi-

264 4161 355 4215 niculo
378 4159 547 4230 suffragante
570 4154 683 4226 adipisci
711 4154 747 4208 ad
769 4153 824 4207 Dei
855 4151 995 4207 servitium
1024 4149 1213 4222 peragendum
1242 4149 1375 4220 cupimus,
1405 4166 1454 4203 suo
1482 4148 1511 4202 in
1541 4154 1664 4219 tempore
1694 4147 1772 4202 vobis
1802 4148 1920 4203 dicenda

265 4278 349 4339 atque
373 4265 512 4320 vobiscum
535 4262 703 4317 conferenda
725 4259 934 4328 reservavimus,
956 4264 1091 4328 qnatenus
1113 4256 1153 4310 ita
1175 4256 1219 4325 sit,
1242 4262 1272 4310 ut
1295 4263 1323 4310 et
1345 4255 1527 4326 nosmetipsos
1542 4255 1650 4310 salvare
1666 4255 1825 4326 populoque
1841 4255 1921 4310 nobis

266 4373 390 4428 subiecto
413 4371 517 4426 utiliter
538 4370 669 4441 prodesse
693 4375 778 4438 atque
801 4383 852 4437 pro
876 4364 953 4418 vobis
977 4371 1005 4419 et
1028 4362 1177 4416 stabilitate
1200 4362 1305 4432 imperii
1330 4361 1413 4416 vestri
1442 4361 1554 4416 liberius
1577 4362 1718 4416 valeamus
1748 4379 1862 4416 exorare
1892 4367 1921 4416 ct

220 4634 248 4674 ⁸⁶
374 4631 439 4698 (54).
459 4629 574 4696 (XIIII).
594 4631 674 4681 XIII.
702 4632 717 4680 9
737 4622 811 4694 quia]
830 4629 876 4693 qui
898 4627 930 4677 G.
1005 4628 1037 4676 14
1057 4626 1263 4689 corrigerentur
1282 4624 1314 4675 0.

374 4736 439 4803 (55).
459 4736 538 4802 (ΧΥ).
558 4738 653 4788 XIIII.
686 4739 719 4787 16
739 4736 873 4786 efficerint
894 4733 925 4784 G.
1001 4735 1033 4782 18
1052 4726 1125 4797 quia]
1145 4732 1192 4796 qui
1210 4729 1382 4796 dicetinsra
1401 4730 1434 4782 G.
1508 4731 1540 4781 19
1559 4729 1677 4780 habeant
1697 4729 1729 4779 0.
1803 4732 1833 4780 21
1856 4724 1918 4792 hac]

267 4849 299 4883 ac
320 4833 351 4881 0.
425 4832 459 4880 22
478 4830 638 4879 misserunte
658 4825 690 4876 G.
763 4826 797 4874 25
816 4817 927 4887 statum]
946 4823 1039 4873 statim
1060 4820 1092 4872 6.
1165 4821 1198 4871 26
1218 4817 1360 4870 dilatatam
1381 4819 1414 4870 (l.
1488 4813 1756 4886 praedecessoribus]
1775 4818 1921 4886 prodeces-

266 4922 373 4972 soribus
394 4919 426 4969 Ο.
499 4919 532 4968 29
552 4916 790 4966 consacerdotum
810 4913 841 4963 θ.

373 5022 440 5089 (ss).
458 5020 555 5086 (xer).
574 5022 632 5071 xv,
661 5023 694 5072 se
714 5013 776 5084 suo]
796 5020 847 5070 mo
870 5018 903 5069 e.
975 5019 1010 5067 aa
1029 5009 1197 5083 populoque]
1217 5014 1320 5081 populo
1339 4981 1410 5080 quis
1431 5014 1464 5064 o.

220 5281 249 5320 so
377 5259 406 5330 1)
419 5258 531 5316 Relatio
543 5256 735 5332 episcoporum
752 5274 775 5312 c.
790 5257 827 5314 61
842 5247 875 5327 (l.
888 5254 907 5309 l.
921 5252 961 5322 11,
972 5247 1026 5328 50)
1041 5270 1077 5308 aa
1089 5249 1204 5307 manilio
1215 5247 1375 5307 Pan'sierrsi
1385 5253 1448 5309 829
1463 5248 1509 5306 lib.
1520 5248 1573 5305 ΙΙΙ
1584 5268 1608 5306 c.
1621 5251 1663 5308 26
1675 5241 1821 5324 (suprap.
1832 5243 1921 5323 679).

268 5368 298 5439 2)
328 5366 420 5424 Verba
443 5366 513 5438 quid
535 5371 728 5420 —teneatur
752 5354 785 5436 (l.
805 5355 851 5436 8),
874 5367 905 5416 ut
927 5358 956 5415 in
972 5355 1105 5430 sonabas
1127 5357 1208 5414 modo
1230 5355 1372 5427 indicatis,
1396 5357 1564 5431 depromptu
1585 5363 1652 5412 sunt
1672 5373 1709 5411 ea
1731 5355 1924 5413 rmntitutione

267 5474 339 5533 anni
361 5477 453 5540 828.;
481 5489 572 5546 supra
589 5490 623 5546 p.
640 5473 703 5528 596
713 5489 755 5543 sq.
848 5466 879 5534 3)
910 5464 1003 5521 Verba
1024 5465 1170 5537 praesenti
1193 5481 1268 5520 anno
1291 5470 1362 5538 apta
1385 5470 1469 5520 erant
1490 5480 1568 5519 anno
1591 5465 1676 5533 829,
1704 5469 1735 5518 ut
1760 5462 1803 5518 ad
1823 5461 1921 5519 concil

268 5581 431 5639 Parisinrss
454 5578 499 5636 lib.
516 5577 570 5634 ΙΙΙ
588 5597 610 5633 c.
628 5579 670 5635 26
692 5593 783 5650 supra
800 5593 836 5649 p.
853 5575 915 5631 679
938 5573 1044 5628 ann.3
1068 5569 1255 5645 seposuimus,
1279 5589 1336 5626 non
1359 5577 1451 5626 autem
1474 5587 1552 5626 anno
1575 5573 1647 5628 836.
1726 5569 1757 5636 4)
1783 5567 1834 5625 Ea
1857 5587 1923 5624 con·

268 5688 330 5746 alio
354 5684 513 5744 Parisiensi
535 5687 598 5744 829
620 5681 666 5739 lib.
690 5681 744 5739 ΙΙΙ
762 5700 787 5737 c.
803 5683 846 5739 26
868 5672 976 5753 (supra
994 5696 1028 5752 p.
1046 5679 1107 5735 679
1122 5671 1183 5752 sq.)
1208 5697 1250 5724 =
1274 5675 1387 5732 Relatio
1417 5674 1609 5750 episcoporum
1640 5695 1663 5732 c.
1684 5679 1721 5733 61
1746 5675 1834 5742 med.,·
1864 5676 1882 5730 l.
1903 5675 1921 5730 l.

221 5816 249 5856 ss
268 5795 308 5866 II,
326 5799 367 5854 50
378 5815 420 5870 sq.
490 5792 521 5859 5)
547 5789 599 5850 Ea
622 5787 736 5845 concilio
760 5783 920 5845 Parisiensi
934 5787 997 5843 829
1020 5781 1066 5840 do.
1083 5781 1137 5838 ΙΙΙ
1154 5801 1177 5838 c.
1194 5785 1237 5840 27
1261 5772 1366 5856 (supra
1384 5801 1419 5857 p.
1437 5781 1513 5858 680)
1535 5802 1577 5829 -·--
1594 5780 1707 5838 Relatio
1729 5780 1922 5857 episcoporum

268 5923 292 5960 c.
310 5907 367 5970 62,·
390 5902 409 5957 1.
425 5901 444 5956 l.
469 5898 509 5968 II,
526 5901 575 5956 51.

323 6017 367 6059 Ιώ.
379 6015 480 6055 Ooneilta
493 6013 525 6055 11.
1672 6011 1703 6059 91
