4884 6717
257 481 469 538 APPENDIX.
518 482 548 539 5.
578 482 797 541 DECRETUM
820 483 995 542 SPURIUM
1017 485 1214 540 HADRIANI
1234 485 1257 539 1.
1283 486 1413 540 PAPAE
1438 484 1490 539 DE
1514 483 1800 540 INVES'I'ITURIS.
1848 476 1913 540 825

256 670 363 734 miuus
393 670 522 735 invasit.
569 669 624 734 Ad
654 692 752 757 quem
774 669 916 735 Karolus
947 672 1057 757 sepius
1083 673 1086 776 ζ

256 774 382 862 legatos
405 777 494 840 misit
517 776 665 842 eiusdem
687 778 746 841 rei.
788 778 864 865 lpse
887 800 966 842 vero
988 777 1056 841 De·
1083 821 1087 882 Ῑ

257 881 396 947 siderius
419 880 507 948 bona
530 882 712 949 aecclesiae
728 883 913 971 relinquere
929 906 964 948 se
983 907 1056 971 pro·

256 990 346 1055 misit
367 1011 427 1077 per
450 991 559 1055 omnia
583 1000 616 1055 et
637 990 738 1056 nichil
760 991 908 1078 profecit
1082 1001 1086 1128 p

224 1141 239 1180 s
302 1113 363 1202 (4).
397 1113 563 1202 Stephano
597 1138 677 1180 vero
708 1114 861 1180 defuncto
891 1107 1056 1179 Adrianus
1111 1118 1278 1180 Adrianus*
1308 1144 1383 1197 papa
1406 1123 1521 1180 Romam
1551 1115 1664 1179 venire
1688 1114 1846 1180 Karolum
1876 1126 1912 1179 ad

256 1243 344 1309 papa
359 1220 482 1286 Karolo
506 1220 631 1308 legatos
655 1221 776 1286 direxit
799 1232 841 1304 et,
865 1231 902 1286 ut
919 1221 1056 1286 Romam
1111 1233 1310 1288 defendendas
1340 1250 1386 1287 res
1414 1232 1553 1287 ecelesiae
1580 1230 1744 1303 postulavit.
1790 1230 1913 1286 Karolus

256 1329 385 1393 veniret
425 1327 469 1393 ad
509 1327 734 1393 defendendas
772 1350 824 1394 res
863 1327 1055 1410 aecclesiae,
1111 1353 1189 1416 ergo
1213 1330 1349 1394 Romam
1373 1330 1509 1393 veniens
1533 1339 1650 1410 Papiam
1676 1335 1791 1393 obsedit
1814 1338 1911 1410 ibique

255 1434 433 1522 postulavit
441 1440 461 1499 ¹.
494 1435 588 1501 Tunc
604 1433 1055 1524 temporisKarolusItaliam
1110 1438 1225 1504 relicto
1249 1439 1397 1502 exercitu
1421 1438 1455 1501 in
1479 1447 1593 1501 saneta
1609 1436 1846 1501 resurrectione
1870 1433 1912 1499 ab

1170 1636 1196 1714 *i
1219 1644 1272 1699 Pro
1287 1644 1429 1697 Adrianus
1444 1671 1481 1680 -
1496 1643 1628 1715 precepit
1647 1643 1731 1712 (infra
1741 1649 1830 1712 patiti
1841 1646 1913 1695 eol.2

1217 1755 1235 1804 1.
1246 1752 1292 1815 10)
1308 1754 1408 1821 praebet
1421 1755 1459 1804 A:
1476 1750 1619 1804 Adrianus
1641 1767 1718 1822 pepe
1735 1750 1771 1804 ad
1791 1750 1913 1804 tuendas

1218 1875 1265 1912 res
1288 1857 1447 1912 aecclesiae
1472 1856 1607 1912 lisrolum
1630 1856 1746 1911 Romam
1769 1856 1911 1912 accersiit.

1220 1962 1285 2028 Quo
1300 1983 1424 2035 pergens
1441 1963 1556 2035 Papiam
1574 1964 1687 2019 obsedit
1702 1964 1799 2035 ibique
1814 1964 1913 2018 relicto

1220 2071 1347 2127 exercitu
1356 2070 1470 2125 Romam
1478 2070 1621 2142 pervenit,
1633 2077 1759 2126 sanctam
1769 2087 1911 2127 resurree-

1219 2179 1325 2234 tionem
1342 2179 1380 2232 ibi
1397 2178 1519 2249 peregit.
1547 2176 1651 2233 Postea
1666 2178 1780 2234 rediens
1795 2177 1912 2248 Papiam

1219 2286 1295 2365 cepit
1318 2286 1479 2356 iterumque
1504 2284 1619 2339 Romam
1649 2285 1744 2350 rediit,
1775 2284 1912 2356 synodum

1219 2393 1365 2448 constituit
1380 2411 1442 2446 curn
1456 2392 1582 2447 Adriano
1597 2409 1672 2463 papa
1687 2391 1806 2462 aliisque
1820 2390 1912 2445 CLIII

1218 2500 1358 2570 religiosis
1382 2499 1522 2570 episeopis
1553 2507 1584 2553 et
1607 2498 1773 2565 abbatibus,
1804 2498 1833 2552 in
1856 2516 1914 2568 que

1219 2608 1362 2663 Adrianus
1380 2625 1457 2679 papa
1477 2626 1539 2662 euru
1558 2608 1691 2664 universa
1708 2608 1816 2680 synodo
1834 2609 1912 2663 dedit

1220 2715 1247 2770 ei
1259 2715 1302 2769 ius
1315 2715 1441 2786 eligendi
1453 2713 1616 2786 pontificem
1633 2721 1664 2769 et
1679 2714 1827 2770 ordinandi
1844 2733 1911 2786 apo·

1219 2822 1345 2877 stolieam
1369 2822 1477 2888 sedem,
1502 2822 1666 2892 dignitatem
1686 2838 1799 2892 quoque
1823 2823 1911 2893 patri·

1220 2929 1320 2984 elatus.
1345 2927 1466 3000 Insuper
1481 2928 1709 3000 archiepiscopos
1722 2936 1752 2983 et
1765 2930 1913 3001 episcopos

1219 3054 1273 3108 per
1296 3036 1420 3106 singulas
1442 3035 1597 3106 provintias
1613 3036 1650 3089 ab
1667 3053 1700 3090 eo
1717 3036 1912 3090 investituram

1222 3144 1352 3214 accipere
1377 3141 1511 3197 diffinivit
1536 3151 1566 3197 et
1588 3150 1630 3208 ut,
1655 3143 1706 3197 uisi
1730 3161 1748 3197 a
1766 3161 1834 3215 rege
1851 3142 1912 3198 lau·

1221 3250 1308 3304 detur
1331 3257 1360 3304 et
1385 3249 1554 3305 investiatur
1577 3250 1736 3321 episeopus,
1761 3267 1778 3304 a
1801 3250 1912 3305 nemine

1221 3365 1414 3411 eouseeretur.
1451 3357 1616 3429 Omnesque
1638 3356 1702 3411 huie
1726 3358 1844 3412 decreto
1867 3376 1912 3413 re-

1220 3465 1313 3519 belles
1323 3465 1570 3519 anathematizavit
1582 3473 1623 3534 et,
1635 3465 1687 3519 nisi
1700 3465 1912 3536 resipiscerent,

1219 3573 1294 3627 bona
1318 3590 1415 3627 eorum
1437 3572 1585 3644 publicari.
1618 3577 1651 3627 In
1669 3578 1692 3627 (J
1703 3585 1787 3627 aalma
1804 3576 1863 3626 isse
1882 3578 1914 3628 lc·

1217 3693 1331 3750 ponem:
1369 3720 1375 3733 .
1403 3721 1409 3734 .
1441 3721 1447 3733 .
1484 3680 1605 3735 Karolus
1641 3680 1732 3752 Pipini
1768 3680 1842 3735 iilius
1876 3682 1913 3735 ab

1220 3787 1347 3841 Adriano
1363 3787 1386 3841 1.
1411 3805 1488 3859 papa
1517 3795 1633 3842 vocatus
1656 3788 1693 3841 ad
1717 3787 1913 3843 defendendas

1221 3913 1267 3950 res
1284 3896 1423 3950 ecelesiae
1440 3894 1553 3948 obsedit
1567 3895 1769 3967 Langobardos
1785 3896 1812 3949 iu
1825 3895 1915 3967 Papia

1221 4003 1319 4073 ibique
1350 4002 1449 4057 relicto
1480 4002 1604 4056 exercitu
1631 4002 1659 4055 in
1689 4010 1788 4056 saneta
1820 4021 1914 4058 resur·

1221 4110 1348 4164 rectione
1372 4110 1409 4163 ab
1425 4109 1550 4163 Adriano
1570 4127 1661 4180 papae
1679 4110 1784 4164 llomae
1801 4110 1913 4166 honori·

1221 4215 1274 4270 fiee
1310 4224 1459 4286 susceptus
1495 4223 1538 4270 est
1592 4216 1661 4270 Post
1690 4223 1816 4271 sanctam
1847 4235 1914 4272 vero

1221 4323 1454 4377 resurrectionem
1494 4341 1624 4376 reversus
1664 4323 1797 4395 Papiam,
1836 4325 1912 4395 cepit

1158 4513 1303 4564 Ismeniam:
1324 4514 1501 4578 Privil‹·gi11nr
1521 4513 1614 4563 Knroli
1634 4515 1706 4578 regis
1726 4514 1760 4574 I),
1780 4516 1822 4565 De
1842 4514 1913 4566 elee-

1085 4647 1087 4670 ,
1113 4605 1188 4655 tIone
1201 4605 1338 4668 pontilicis
1352 4621 1383 4653 ex
1398 4603 1475 4652 Vlll.
1489 4603 1587 4653 sinodo
1603 4604 1630 4652 in
1643 4603 1721 4660 (deest
1733 4604 1752 4652 J
1759 4605 1788 4662 2)
1800 4605 1914 4654 historia

1084 4677 1087 4740 i
1114 4692 1311 4744 ecclesiastica.
1350 4693 1500 4757 Imperator
1526 4694 1567 4742 ius
1587 4692 1668 4742 habet
1688 4691 1806 4756 eligendi
1826 4695 1914 4758 ponti·

1085 4817 1087 4826 .
1113 4783 1192 4832 ficem
1219 4781 1340 4838 (LXIII.
1364 4782 1452 4832 distin.
1476 4800 1497 4831 c.
1517 4781 1662 4837 Adrianus)
1686 4782 1743 4842 12,
1773 4782 1915 4847 lnperator

1085 4851 1088 4942 l
1114 4872 1156 4921 ius
1175 4872 1258 4921 habet
1278 4870 1397 4936 eligendi
1417 4872 1582 4936 pontificem,
1601 4872 1664 4921 item
1685 4887 1717 4921 ex
1736 4871 1850 4922 historia
1870 4889 1913 4922 ee·

1085 4947 1088 4988 ¹
1114 4959 1271 5011 elesiaatica
1291 4961 1323 5009 0.

1084 4991 1088 5140 l
1159 5088 1174 5136 5
1198 5080 1528 5149 Adrianus-Karolum]
1546 5085 1680 5136 Adrianus
1695 5087 1713 5135 1.
1733 5088 1843 5137 natione
1863 5088 1913 5136 uo.

1085 5145 1088 5262 l
1115 5191 1218 5236 manus,
1236 5192 1269 5225 ex
1282 5182 1358 5241 patre
1371 5175 1526 5232 Theodoro,
1544 5191 1629 5225 annos
1644 5175 1742 5232 XXIV,
1761 5192 1866 5225 meuses
1882 5177 1914 5234 Χ,

1086 5295 1088 5318 ι
1114 5265 1253 5330 usquead
1274 5279 1371 5314 annum
1392 5263 1578 5324 Dt'cxcvl.;
1605 5266 1650 5328 qui
1672 5263 1802 5314 Karolurn
1822 5281 1913 5328 regern

1115 5355 1229 5406 Romam
1249 5354 1342 5402 venire
1362 5352 1392 5401 Z.
1454 5348 1578 5418 Romam]
1598 5354 1737 5403 Romanus
1754 5353 1805 5403 12.
1861 5355 1914 5404 Ka·

1086 5463 1089 5506 q
1115 5437 1214 5505 tolum]
1237 5459 1328 5506 regem
1347 5442 1407 5492 edd.
1426 5442 1447 5491 J
1455 5447 1477 5491 1.
1498 5443 1530 5492 G.
1622 5437 1850 5507 tideiendendas]
1870 5445 1914 5494 de·

1115 5532 1241 5583 ferendas
1260 5532 1290 5590 Z,
1315 5549 1379 5582 een.
1398 5532 1425 5581 in
1444 5549 1522 5597 nius-q.
1548 5533 1578 5582 ab
1604 5533 1703 5583 editore.
1796 5535 1810 5584 7
1838 5528 1914 5598 ergo]

1084 5577 1090 5684 l
1116 5639 1181 5672 vero
1200 5621 1232 5672 Ρ.
1250 5622 1272 5670 J
1277 5625 1302 5675 2.
1322 5621 1354 5681 G,
1375 5638 1421 5671 rex
1439 5622 1499 5671 odd.
1520 5622 1548 5671 Z.

367 5843 395 5914 l)
419 5843 503 5900 Anno
527 5845 617 5912 773.,·
641 5842 682 5913 cs.
706 5841 741 5898 ii.
766 5863 794 5898 n.
815 5845 870 5901 151
879 5842 903 5898 b.

310 5960 355 6003 aa
368 5959 468 6000 assuas
482 5960 512 6002 n.
