4884 6717
614 515 688 580 516.
1084 523 1137 582 tt.
1172 522 1393 581 CONCILIUM
1415 523 1642 582 PARISIENSE
1665 524 1705 580 A.
1725 521 1801 584 825.

617 720 719 788 omnia,
740 737 814 790 quae
836 720 985 791 pinguntur
1006 726 1093 790 atque
1115 718 1256 792 fingsmtm
1278 738 1312 774 ex
1335 721 1431 790 aliqua
1453 721 1568 775 materie
1591 721 1697 775 mctalli
1712 727 1761 774 aut
1777 719 1845 790 ligni
1860 719 1905 772 vel
1922 719 2117 788 emascumqne
2133 717 2175 774 rei
2190 725 2276 788 aptae

617 828 655 884 ad
677 843 763 897 opera
784 827 960 896 huiusmodi„
974 843 1048 897 quae
1072 827 1155 880 etiam
1177 827 1305 880 videntur
1326 827 1354 880 in
1378 828 1479 881 somnis
1502 834 1531 882 et
1554 845 1647 881 omnes
1670 826 1729 882 fere
1752 826 1887 896 imagines
1911 843 2004 883 carum
2025 842 2128 892 renam,
2158 843 2277 895 quarum

527 979 531 986 ,
580 971 583 980 .
617 934 751 1005 imagines
781 941 853 1000 sunt,
883 933 1021 1003 appellari
1049 933 1205 987 nominibus
1238 934 1336 987 solent.
1382 933 1450 997 Quis
1480 934 1552 988 enim
1582 940 1635 1000 est,
1662 934 1710 1005 qui
1740 933 1879 987 hominem
1908 932 2011 1003 pictum
2040 931 2148 986 dubitet
2173 949 2276 986 vocare

617 1040 778 1096 homiuem?
800 1040 1043 1110 ,Quandoquidem
1066 1046 1096 1096 et
1118 1041 1285 1111 singulorum
1309 1057 1480 1111 quorumque
1503 1041 1639 1110 picturam
1655 1058 1715 1094 eum
1731 1040 1887 1110 aspicimus,
1908 1039 2021 1109 propria
2036 1055 2148 1110 quoque
2163 1039 2277 1093 nornine

618 1148 807 1201 incunctanter
837 1146 1010 1214 adhibemus,
1039 1148 1118 1200 velut
1147 1165 1209 1200 cum
1237 1147 1375 1201 intuentes
1405 1148 1530 1200 tabulam
1559 1154 1607 1202 aut
1629 1148 1763 1217 parietem
1786 1147 1915 1200 dicimus:
1946 1147 1999 1201 Illc
2022 1145 2120 1201 (licere
2144 1153 2196 1212 est,
2223 1145 2275 1199 ille
2300 1159 2315 1200 s

620 1252 775 1321 Sallustius,
806 1253 856 1308 ille
879 1252 1013 1322 Achilles,
1042 1253 1090 1307 ille
1114 1254 1228 1322 Hector,
1256 1254 1309 1307 hoe
1339 1253 1440 1307 flumen
1464 1253 1582 1324 Symois,
1610 1254 1660 1308 illa
1689 1254 1787 1322 Roma,
1816 1271 1877 1307 cum
1909 1254 1984 1308 aliud
2011 1253 2077 1307 nihil
2107 1253 2162 1307 sint
2190 1265 2275 1322 qnam

617 1361 711 1431 pictae
741 1360 883 1431 imagines.
936 1360 1019 1415 Unde
1042 1358 1191 1414 Cherubim
1221 1378 1283 1414 cum
1314 1360 1366 1413 sint
1395 1360 1511 1413 caelitus
1533 1368 1694 1430 potestates,
1727 1360 1820 1422 factae
1850 1368 1943 1415 tamen
1973 1376 2007 1415 ax
2042 1360 2165 1427 metallo,
2199 1360 2277 1428 quod

619 1467 766 1536 imperarit
789 1467 875 1534 Deus,
898 1483 980 1537 super
1002 1483 1096 1520 aream
1118 1467 1275 1520 testamenti
1296 1483 1420 1544 magnae
1438 1467 1477 1520 rei
1501 1466 1697 1537 significandae
1720 1467 1820 1537 grstia
1843 1485 1898 1521 non
1920 1466 1995 1520 aliud
2018 1482 2102 1536 qnam
2124 1465 2275 1520 Cherubim

620 1574 671 1628 illa
693 1590 806 1643 quoque
830 1572 961 1643 figmenta
983 1573 1147 1627 vocitantur.
1182 1573 1252 1627 Item
1275 1573 1399 1643 quisquis
1421 1573 1497 1627 videt
1520 1574 1662 1642 somnium,
1684 1593 1741 1628 non
1761 1574 1841 1627 dicit:
1870 1573 1936 1627 Vidi
1958 1573 2106 1643 imaginem
2128 1573 2274 1643 Augustini

621 1687 670 1734 aut
685 1679 866 1750 Simpliciani,
890 1681 939 1733 sed
961 1680 1018 1733 vidi
1032 1680 1217 1750 Augustinum
1240 1687 1289 1733 aut
1304 1679 1519 1749 simplicianum,
1541 1698 1602 1734 cum
1626 1698 1659 1734 eo
1682 1688 1815 1751 tempore,
1838 1697 1894 1750 quo
1917 1680 1975 1733 tale
1997 1679 2104 1749 aliquid
2126 1678 2203 1746 sidit,
2224 1696 2275 1732 nos
2296 1693 2324 1734 le

620 1787 817 1858 ignoraremus.
852 1786 949 1857 l'sque
972 1787 1043 1840 adeo
1067 1786 1243 1840 manifestum
1267 1794 1386 1840 estnon
1407 1787 1482 1856 ipsos
1504 1788 1638 1856 homines,
1660 1789 1709 1842 sed
1731 1787 1865 1858 imagines
1883 1805 1976 1841 comm
1991 1787 2093 1854 videri,
2116 1793 2146 1839 et
2164 1785 2275 1839 Pharao

479 1901 602 1994 οἲιθξιιὲι
622 1894 710 1964 spicas
732 1910 761 1946 se
784 1893 852 1946 dixit
873 1892 973 1946 vidisse
994 1893 1023 1946 in
1045 1893 1146 1946 somnis
1168 1901 1197 1947 et
1217 1893 1313 1959 boves,
1334 1910 1388 1947 non
1409 1893 1547 1963 spicarum
1565 1900 1614 1949 aut
1628 1893 1713 1947 boum
1729 1893 1870 1964 imagines.
1906 1891 1934 1946 Si
1951 1893 2032 1963 igitur
2046 1892 2152 1963 liquido
2168 1900 2277 1946 constat

524 1981 531 2002 ’
555 1986 560 1995 ’
583 1981 589 1993 ’
621 2000 775 2054 nominibus
797 2017 892 2054 earum
912 2017 1012 2066 rerum,
1041 2017 1158 2069 quarum
1187 1999 1321 2070 imagines
1350 2009 1421 2069 sunt,
1448 2002 1560 2054 easdem
1591 2000 1724 2070 imagines
1746 1999 1893 2070 appellari,
1919 2017 1975 2052 non
2002 2000 2097 2054 miram
2120 2007 2171 2067 est,
2200 2001 2276 2069 quod

442 2095 603 2198 iiiiii&
623 2107 756 2176 scriptura
776 2106 842 2159 dicit
864 2104 1041 2160 Samuhelem
1061 2107 1150 2159 visum
1172 2107 1205 2160 et
1228 2107 1347 2160 cetera.

627 2261 631 2272 ,
730 2203 813 2267 Item
828 2203 1004 2288 Augustini
1028 2203 1061 2266 in
1084 2201 1168 2267 libro
1192 2202 1233 2267 de
1258 2202 1407 2268 doctrina
1423 2202 1608 2268 Christiana
1624 2202 1785 2268 secundo:
1810 2208 1942 2285 Signum¹
1960 2220 2002 2266 est
2017 2213 2088 2267 enim
2104 2229 2149 2266 res
2165 2222 2276 2282 praeter
2296 2224 2322 2264 n

624 2321 753 2390 speciem,
775 2337 860 2391 quam
881 2320 990 2390 ingerit,
1011 2319 1136 2374 sensibus
1157 2320 1233 2374 aliud
1255 2320 1359 2391 aliquid
1382 2337 1416 2374 ex
1438 2337 1467 2373 se
1490 2320 1594 2374 faciens
1614 2321 1643 2373 in
1658 2320 1853 2390 cogitationem
1869 2320 1973 2389 venire,
1995 2321 2064 2374 sicut
2078 2321 2194 2391 vestigio
2215 2321 2274 2374 viso

623 2427 752 2484 transisse
775 2426 888 2495 animal,
909 2427 986 2480 cuius
1006 2426 1151 2497 vestigium
1175 2434 1225 2495 est,
1247 2427 1400 2497 cogitamus
1422 2434 1449 2481 et
1471 2427 1529 2480 viso
1552 2426 1628 2480 fumo
1644 2421 1735 2498 ignem
1751 2427 1861 2481 subesse
1877 2427 2074 2497 cognoscimus.
2107 2423 2275 2498 Signatum²

623 2534 705 2604 igitur
726 2535 783 2587 alis
804 2541 867 2588 suut
888 2533 1035 2600 naturalia,
1056 2533 1113 2586 alia
1135 2533 1209 2587 data.
1243 2527 1350 2604 Signa³
1372 2533 1437 2586 dats
1456 2539 1527 2601 suut,
1549 2550 1622 2603 quae
1638 2534 1766 2587 divinitus
1781 2534 1808 2586 in
1824 2533 1963 2604 scripturis
1978 2534 2079 2587 sanctis
2094 2534 2274 2602 continentur,

621 2658 673 2712 per
693 2641 817 2695 homines
838 2640 918 2695 nobis
939 2641 1060 2694 indicata
1081 2648 1152 2708 sunt,
1173 2640 1221 2709 qui
1245 2657 1279 2694 ea
1300 2640 1520 2709 conscripserunt
1542 2641 1574 2693 et
1598 2643 1716 2694 cetera.

728 2742 827 2802 Antet
847 2748 939 2801 omnia
960 2747 1044 2819 igitur
1064 2765 1134 2816 opus
1157 2753 1198 2800 est
1218 2747 1275 2800 Dei
1296 2747 1393 2799 timore
1415 2746 1537 2800 converti
1553 2747 1588 2799 ad
1604 2748 1823 2818 cognoscendam
1839 2747 1898 2800 eius
1912 2748 2092 2813 voluntatem,
2114 2747 2274 2817 quidnobis
2292 2758 2320 2795 2⁰

622 2855 809 2923 appetendum
830 2854 1047 2925 firgisndumque
1068 2853 1231 2923 praecipiat.

728 2951 771 3014 Et
794 2950 896 3014 infra:
922 2954 1019 3014 [llud5
1040 2961 1115 3030 quod
1138 2969 1180 3013 est
1201 2961 1350 3013 secundum
1372 2960 1553 3013 institutiones
1573 2959 1722 3027 hominum,
1744 2960 1843 3029 partim
1865 2961 2080 3029 superstitiosum
2103 2967 2153 3028 est,
2173 2961 2274 3030 partim

619 3084 674 3122 non
698 3074 749 3124 est,
794 3061 1036 3137 Superstitiosnm⁶
1065 3074 1107 3120 est
1134 3066 1266 3136 qraicquid
1292 3067 1444 3120 institutum
1473 3074 1515 3121 est
1544 3066 1581 3119 ab
1609 3066 1764 3120 bominibus
1794 3066 1830 3119 ad
1856 3066 1985 3121 facienda
2012 3074 2039 3122 et
2060 3068 2178 3121 colenda
2198 3068 2274 3121 idola

621 3174 763 3246 pertinens
784 3174 829 3227 vel
851 3175 888 3227 sd
910 3174 1054 3226 colendam
1077 3173 1146 3227 sieut
1168 3174 1260 3227 Deum
1281 3181 1444 3226 creaturam.

728 3270 772 3335 Et
794 3281 868 3356 post
891 3292 998 3356 pauca
1021 3270 1056 3333 in
1079 3269 1194 3334 eodem
1218 3271 1364 3355 sequitur
1386 3268 1485 3334 libro:
1509 3274 1676 3350 Appetrmt²
1698 3289 1790 3335 tamen
1806 3299 1900 3336 omnes
1916 3282 2055 3351 quandam
2070 3281 2273 3335 similitudinem
2292 3295 2320 3334 aa

621 3387 650 3440 in
671 3385 860 3456 significando,
881 3395 912 3441 ut
933 3387 994 3456 ipsa
1013 3387 1103 3457 signa,
1124 3387 1307 3456 inquantum
1328 3395 1452 3456 possunt,
1471 3387 1562 3452 rebus,
1584 3404 1657 3457 quae
1679 3386 1875 3456 significantur,
1902 3387 2001 3442 similia
2023 3388 2084 3441 sint.
2131 3386 2186 3442 Sed
2207 3388 2273 3458 quia

620 3493 713 3547 multis
735 3494 822 3547 modis
844 3494 932 3547 simile
955 3493 1061 3563 aliquid
1084 3492 1166 3546 alicui
1187 3500 1280 3562 potest
1301 3511 1371 3562 esse,
1391 3512 1446 3547 non
1468 3500 1595 3546 constant
1615 3493 1684 3547 talia
1704 3494 1782 3564 signa
1803 3494 1876 3548 inter
1896 3494 2030 3562 homines,
2055 3495 2106 3548 nisi
2127 3512 2273 3549 consensus

621 3601 745 3656 accedat.
776 3597 831 3654 Ιι]8
846 3600 958 3670 picturis
972 3617 1038 3654 vero
1056 3608 1084 3653 et
1100 3599 1195 3654 statuis
1210 3601 1365 3670 ceterisque
1381 3600 1532 3656 huiusmodi
1549 3601 1683 3654 simulatis
1698 3601 1827 3670 operibus
1842 3602 1960 3654 maxirue
1975 3601 2124 3671 peritorum
2141 3601 2273 3655 artificum

619 3724 702 3762 nemo
724 3713 806 3774 errat,
828 3724 889 3762 cnm
912 3708 1011 3762 similia
1033 3708 1142 3775 viderit,
1170 3713 1200 3760 ut
1229 3714 1371 3777 agnoscat,
1398 3707 1497 3777 quiibus
1519 3707 1571 3760 sint
1599 3706 1679 3761 rebus
1701 3707 1809 3760 similia.
1854 3708 1890 3760 Et
1909 3708 1963 3761 hoc
1984 3713 2072 3761 totius
2093 3725 2181 3778 genus
2202 3709 2275 3762 inter

620 3814 759 3884 superflua
780 3815 920 3874 homiuum
941 3816 1064 3869 instituta
1085 3816 1282 3868 numerandmn
1304 3822 1355 3882 est,
1376 3815 1427 3867 nisi
1450 3832 1511 3867 cum
1534 3814 1656 3881 interest,
1678 3814 1744 3884 quid
1766 3831 1869 3882 eorum,
1890 3832 1948 3884 qna
1970 3816 2005 3868 de
2027 3832 2111 3868 causa
2134 3822 2162 3869 et
2182 3816 2228 3869 ubi
2243 3824 2273 3869 et
2291 3829 2320 3868 au

621 3922 735 3991 quando
756 3929 785 3975 et
806 3922 883 3975 cuius
905 3922 1067 3976 auctoritate
1087 3919 1138 3974 fiat
1160 3924 1192 3974 et
1215 3923 1333 3975 cetera.

727 4018 810 4083 Item
839 4019 1014 4104 Augustini
1041 4019 1075 4081 in
1105 4016 1187 4082 libro
1217 4019 1312 4082 tertio
1342 4017 1504 4086 eiusdem:
1535 4022 1609 4092 Qui⁹
1636 4045 1703 4081 vero
1731 4035 1779 4081 aut
1804 4036 1935 4096 operatur
1962 4034 2011 4082 aut
2037 4037 2184 4083 veneratur
2204 4030 2271 4083 utile

620 4135 727 4206 signum
749 4136 878 4190 divinitas
898 4135 1059 4204 institutiun,
1089 4136 1165 4189 cinus
1194 4135 1249 4188 vim
1271 4133 1554 4206 significationemque
1576 4134 1714 4204 intelligit,
1735 4151 1789 4186 non
1811 4133 1863 4186 hoc
1885 4141 2041 4203 veneratur,
2067 4137 2143 4205 quod
2165 4137 2272 4190 ridetur

621 4249 650 4295 et
671 4241 777 4310 transit,
799 4243 847 4296 sed
869 4242 938 4296 illud
960 4243 1060 4312 potius,
1089 4260 1144 4312 quo
1174 4241 1242 4295 talia
1272 4249 1370 4295 cuneta
1396 4240 1542 4295 referenda
1564 4247 1634 4294 sunt.
1680 4241 1758 4294 Talis
1779 4246 1873 4293 autem
1896 4241 1977 4294 homo
1999 4242 2129 4310 spiritalis
2151 4250 2181 4296 et
2201 4243 2273 4296 liber

620 4355 662 4406 ost
684 4349 767 4402 etiam
788 4357 912 4419 tempore
934 4349 1081 4416 servitutis,
1102 4367 1158 4418 quo
1181 4348 1337 4402 carnalibus
1358 4348 1456 4401 animis
1477 4349 1596 4401 nondum
1619 4354 1731 4417 oportet
1750 4347 1829 4419 signa
1851 4347 1901 4402 illa
1922 4348 2050 4417 revelari,
2071 4366 2186 4419 qnonmr
2207 4349 2272 4420 iugo
2291 4361 2320 4400 so

620 4455 766 4508 edomandi
788 4463 858 4509 amt.
903 4456 988 4510 Tales
1009 4465 1101 4509 autem
1124 4455 1261 4524 spiritales
1284 4461 1362 4508 erant
1383 4454 1557 4523 patriarchas
1580 4472 1613 4508 ac
1634 4454 1787 4524 prophetae
1809 4472 1959 4525 omnesque
1981 4456 2010 4509 in
2031 4455 2135 4526 populo
2158 4455 2273 4524 Israhel,

619 4579 670 4631 per
692 4579 763 4631 quos
783 4561 863 4615 nobis
886 4561 1001 4631 Spiritus
1024 4567 1133 4614 sanctus
1154 4561 1214 4630 ipsa
1237 4561 1429 4631 seripurrannn
1446 4570 1475 4613 et
1496 4561 1598 4614 auxilia
1621 4568 1649 4615 et
1670 4562 1769 4616 solatia
1790 4562 1954 4616 ministravit
1976 4562 2010 4615 et
2032 4562 2151 4616 cetera.

725 4657 809 4724 Item
839 4659 943 4721 sancti
966 4657 1139 4721 Athanasii
1169 4658 1204 4720 in
1234 4680 1382 4722 sermone
1414 4668 1528 4743 quarto
1559 4657 1733 4723 adversam
1756 4658 1930 4723 Arrianus:
1965 4668 2169 4724 arriomanitae
2181 4664 2216 4738 ¹⁰,
2242 4677 2275 4723 ut

618 4776 721 4829 dictrmr
744 4783 795 4842 est,
817 4775 969 4828 iudicantes
991 4775 1075 4827 semel
1097 4780 1312 4846 transgressores
1334 4773 1401 4828 tisri.

725 5055 741 5104 6
761 5052 896 5104 Salustius
916 5054 946 5104 P·
1020 5055 1055 5103 28
1074 5056 1171 5104 ceteris
1193 5054 1222 5103 P.
2291 5082 2323 5120 μ)

727 5315 756 5403 l)
780 5323 961 5400 strepentibus,
985 5323 1032 5379 De
1055 5323 1184 5382 ductim
1210 5321 1375 5381 Christiana
1398 5324 1434 5379 H
1452 5327 1510 5382 cl
1533 5315 1605 5401 §R
1631 5323 1888 5400 Opp111,1‚19‚
1960 5317 1990 5402 2)
2014 5326 2090 5383 Isis.
2114 5319 2192 5403 §25
2216 5329 2234 5384 l.
2253 5330 2272 5384 l.

619 5422 649 5508 s)
674 5431 749 5506 rufis
773 5426 850 5506 §a
873 5432 891 5486 s
916 5432 934 5487 ι.
1034 5423 1065 5505 a)
1089 5429 1164 5487 rus.
1189 5430 1226 5486 n
1245 5450 1268 5486 ο.
1287 5433 1306 5488 7
1328 5425 1404 5505 §a
1429 5432 1447 5486 ι.
1464 5432 1484 5486 z.
1500 5431 1557 5502 111,
1574 5434 1603 5503 1,
1619 5436 1670 5491 22.
1773 5424 2271 5510 5)1uiu.llc.19§29;1.1.

617 5536 674 5607 111,
693 5541 720 5608 1,
738 5541 785 5597 31.
856 5529 1299 5614 6)1tid.c.20§30;1.t.
1370 5529 1401 5612 r)
1425 5537 1501 5594 rus.
1525 5538 1562 5594 Π
1580 5559 1602 5595 c.
1620 5541 1663 5597 25
1685 5533 1780 5613 §aa
1804 5539 1822 5595 r.
1847 5543 1865 5596 ι.
1890 5539 1948 5611 ΠΙ,
1965 5543 1994 5611 1,
2011 5543 2060 5599 37.
2138 5532 2170 5616 a)
2194 5540 2272 5598 rem.

616 5641 713 5718 οἕ’39,·
737 5645 755 5700 l.
780 5645 799 5700 l.
884 5634 914 5721 9)
938 5643 1013 5701 Isiu
1038 5642 1092 5700 ΙΙΙ
1109 5647 1169 5702 c.9
1192 5638 1288 5718 §135
1313 5645 1331 5699 ἶ.
1355 5645 1373 5700 l.
1398 5643 1455 5714 ΙΙΙ,
1480 5648 1507 5714 1,
1531 5649 1583 5705 48.
1681 5638 1733 5720 10)
1756 5645 1940 5717 Athanasius,
1966 5645 2067 5704 Oratio
2091 5649 2110 5705 3
2133 5649 2274 5705 aduersus

617 5750 761 5807 Arvinam
791 5771 814 5807 c.
839 5753 872 5819 1,·
909 5749 983 5826 Opp
1008 5750 1050 5807 ed.
1077 5749 1254 5808 Giustirsiani
1278 5750 1300 5820 I,
1325 5753 1353 5820 1,
1377 5754 1448 5810 435.
1498 5750 1547 5823 Os.
1573 5771 1633 5808 cum
1664 5752 1715 5810 boc
1744 5753 1803 5808 loco
1834 5760 1860 5807 et
1887 5752 2063 5828 subsequenti
2093 5750 2178 5811 Cone.
2203 5753 2271 5810 Nae
2291 5773 2323 5813 ss

616 5865 673 5914 act.
697 5856 762 5926 IV,
789 5856 889 5913 Massi
910 5856 996 5927 XIII,
1022 5860 1071 5916 69.
