4884 6717
720 531 772 588 44.
809 530 1027 589 CONCILIUM
1051 531 1278 587 PARISIENSE
1301 533 1339 588 A.
1360 529 1434 587 825.
1840 523 1903 587 621

251 721 385 806 largitor
418 719 562 783 omnium
597 716 757 783 bonorum
787 717 949 783 Dominus
985 716 1025 782 de
1055 716 1175 782 mundo
1206 716 1420 803 corporaliter
1448 715 1660 782 abscessurus
1690 740 1749 804 pro
1779 739 1905 782 summo

250 839 348 913 atque
371 825 527 890 altissimo
551 847 684 898 munere
708 823 858 889 fidelibus
882 825 949 889 suis
970 823 1078 889 dando
1102 825 1225 910 pariter
1248 834 1281 888 et
1304 823 1517 910 relinquendo
1540 823 1653 910 largiri
1676 824 1905 910 dignatusest,

251 933 381 998 dicens:
406 933 518 998 Pacem
543 957 643 998 ciream
667 932 707 996 do
731 933 828 1011 vebia
847 956 960 1018 pacem
984 957 1083 997 meam
1107 932 1252 1017 relinque
1276 932 1374 1012 eodm,
1397 929 1477 994 illud
1501 931 1599 996 etiam
1621 929 1759 1018 apostoli
1783 932 1907 1017 pariter
1924 955 2053 1005 rsuram.

250 1040 463 1105 attentissime
476 1038 685 1125 cogitandum
701 1050 764 1102 est:
777 1038 890 1103 Pacem
903 1041 1077 1124 sequimini
1086 1052 1115 1102 et
1128 1040 1380 1118 sanca'mouiem,
1396 1040 1539 1124 sineque
1555 1062 1644 1103 nemo
1656 1038 1776 1103 uidebit
1786 1038 1906 1118 Deum
1924 1061 1993 1103 usur.
2003 1062 2079 1113 rau.

218 1158 284 1214 eet
306 1146 428 1211 idcirco
452 1145 549 1210 valde
578 1167 712 1211 necesse
743 1157 806 1226 est,
832 1155 869 1209 ut
898 1145 1045 1231 quisquis
1075 1142 1117 1207 ad
1148 1142 1237 1207 illam
1268 1145 1420 1229 patriam.
1438 1142 1604 1209 desiderat
1633 1144 1816 1231 pervenire,
1847 1141 1905 1206 ubi

251 1275 426 1340 numquam
457 1250 622 1316 discordia
652 1252 758 1338 potuit
787 1249 840 1315 vel
870 1251 989 1337 poterit
1015 1251 1161 1332 introire,
1196 1248 1276 1313 illud
1306 1273 1510 1338 summopere
1541 1273 1638 1337 agere
1669 1249 1808 1332 studeat,
1844 1271 1905 1337 per

251 1358 338 1447 quod
362 1370 394 1424 et
417 1360 487 1445 ipse
511 1358 598 1423 illam
615 1358 688 1422 Deo
705 1356 859 1443 placitam
875 1358 1020 1421 caritatis
1040 1379 1155 1443 pacem
1180 1379 1255 1421 curn
1278 1356 1429 1422 omnibus
1453 1356 1573 1421 habere
1590 1356 1721 1422 studeat
1736 1368 1769 1421 et
1791 1378 1904 1421 omnes

251 1478 363 1532 contra
386 1465 473 1531 illam
497 1487 612 1552 pacem
637 1463 861 1529 discordantes
885 1461 928 1527 ad
951 1485 1064 1527 veram
1089 1462 1297 1527 concordiam
1322 1486 1479 1528 revocare
1503 1462 1689 1528 contendat.

357 1590 490 1655 Certum
514 1600 563 1654 est
586 1590 683 1670 euim,
707 1590 795 1675 quie,
819 1590 904 1654 sicut
927 1589 1110 1675 quisquam,
1135 1590 1162 1652 si
1187 1587 1325 1653 eandem
1348 1589 1528 1670 caritatem,
1552 1587 1639 1652 illam
1664 1589 1737 1653 Deo
1761 1586 1901 1674 placitae

207 1727 233 1765 ro
251 1697 462 1762 fraternitatis
487 1697 666 1776 caritatem,
691 1717 822 1759 serrare
847 1695 965 1781 poterit
988 1708 1020 1759 et
1043 1694 1192 1776 noluerit,
1217 1694 1259 1758 ad
1290 1693 1445 1781 palatium
1471 1696 1617 1760 caritatis
1640 1696 1812 1782 pervenire
1836 1717 1902 1759 non

251 1805 379 1892 poterit,
404 1804 459 1882 ita,
484 1804 510 1866 si
534 1801 616 1882 illos,
641 1824 722 1887 quos
749 1813 861 1866 contra
884 1801 1022 1865 eandem
1046 1800 1230 1865 dilectionis
1253 1803 1410 1865 unitatem
1435 1800 1630 1865 dissidentes
1654 1802 1846 1887 cognoverit
1869 1813 1903 1867 et

251 1911 321 1975 illos
345 1909 388 1974 ad
411 1921 520 1974 tantae
544 1907 756 1972 beatitudinis
779 1909 866 1972 viam
891 1930 1046 1972 revocare
1071 1909 1188 1993 poterit
1212 1920 1245 1972 et
1268 1909 1398 1989 virtute,
1423 1930 1488 1994 qua
1504 1907 1602 1990 valet,
1625 1931 1691 1972 non
1714 1909 1900 1990 certaverit,

251 2019 321 2105 ipse
356 2015 418 2081 sibi
454 2015 599 2080 eiusdem
630 2013 841 2079 beatitudinis
872 2015 1004 2079 ianuam
1034 2015 1115 2078 seris
1150 2013 1360 2078 validissimis
1395 2014 1527 2079 claudit.
1581 2013 1738 2080 Similiter
1773 2037 1903 2104 quoque

251 2125 427 2189 iustissimo
444 2122 508 2187 Dei
533 2121 654 2186 iudicio
679 2120 817 2185 eandem
842 2120 990 2185 calcandi
1015 2122 1163 2185 semitam
1187 2119 1390 2185 obstaculum
1414 2120 1477 2185 sibi
1501 2122 1646 2208 opponit,
1671 2122 1698 2185 si
1722 2121 1903 2186 secuudum

208 2261 233 2298 u
252 2231 415 2319 qualitatis
439 2252 517 2294 suae
540 2228 683 2308 modum,
707 2251 818 2292 omnes
842 2229 876 2291 in
899 2227 973 2292 Deo
997 2230 1166 2291 unanimes
1196 2250 1238 2291 ne
1269 2228 1302 2291 in
1333 2226 1498 2292 baratrum
1529 2227 1712 2293 discordiae
1735 2239 1902 2314 proruant,

251 2352 406 2427 quantum
430 2336 525 2400 reniti
549 2334 725 2422 praevalet,
750 2334 887 2399 viriliter
910 2357 974 2398 nou
999 2333 1175 2398 contendit.
1211 2334 1306 2399 Haec
1322 2333 1365 2398 ad
1381 2334 1442 2399 hoc
1458 2357 1523 2398 uon
1537 2333 1680 2400 humana
1696 2348 1902 2420 argumenta·

250 2448 337 2511 tione
362 2455 501 2530 reperta,
527 2442 585 2506 sed
609 2441 720 2506 divina
744 2452 811 2505 tota
835 2440 905 2505 orbi
929 2451 1087 2505 terrarum
1113 2439 1251 2505 docente
1275 2442 1466 2506 auctoritate
1486 2440 1605 2506 diffusa
1620 2452 1718 2527 atque
1735 2442 1904 2506 notissima

250 2552 371 2639 ubique
395 2550 506 2615 valere
531 2547 660 2627 debent,
690 2562 735 2628 ut,
767 2546 964 2633 ubicumque
987 2547 1108 2610 fuerint
1132 2546 1367 2629 discordantes,
1399 2547 1441 2612 ad
1465 2547 1673 2613 concordiam
1696 2557 1901 2628 revocentur,

250 2656 429 2724 concordes
452 2679 540 2736 vero,
565 2678 605 2720 ue
630 2656 663 2720 in
687 2654 884 2720 discordiam
909 2664 1074 2740 proruant,
1098 2652 1141 2717 ab
1164 2654 1336 2733 universis,
1361 2654 1417 2740 qui
1440 2653 1641 2740 praevalent,
1666 2665 1827 2719 tueantur.

205 2812 232 2850 so
356 2782 418 2846 His
442 2782 487 2845 ita
511 2781 695 2844 summatim
718 2779 917 2866 praemissis,
941 2778 1042 2841 series
1059 2777 1154 2841 huius
1169 2777 1322 2842 dictionis
1339 2777 1490 2864 postulat,
1514 2790 1549 2842 ut
1565 2777 1767 2865 subsequens
1784 2801 1900 2860 sermo,

251 2913 309 2955 cur
332 2888 409 2954 talia
433 2887 613 2974 praemissa
636 2887 711 2968 siut,
735 2884 842 2949 lucide
867 2883 999 2971 pandat.

358 3013 445 3094 Quia
468 3013 576 3097 igitur,
601 3022 635 3075 ut
659 3011 812 3074 universe
837 3008 1060 3074 ecclesiastice
1085 3007 1190 3073 ordini
1215 3008 1381 3072 revelante
1407 3007 1531 3095 Spiritu
1561 3020 1674 3074 sancto
1704 3023 1815 3074 notum
1841 3019 1900 3092 est,

250 3124 334 3185 inter
357 3132 467 3185 cetera
483 3119 613 3205 pietatis
631 3116 826 3181 documenta
842 3126 981 3180 testante
998 3114 1143 3201 apostolo
1160 3114 1252 3196 fides,
1277 3137 1362 3201 spes,
1387 3116 1507 3180 caritas
1523 3117 1727 3202 praeminent
1744 3117 1899 3203 ipsaeque
1919 3138 1969 3179 ur
1985 3137 2037 3181 cor.

250 3251 375 3292 rursum
408 3227 543 3289 virtutes
574 3247 633 3311 per
663 3222 878 3310 prudentiam,
910 3223 1169 3309 temperantiam,
1199 3221 1419 3287 fortitudinem
1451 3234 1550 3309 atque
1580 3223 1737 3287 iustitiam
1767 3234 1899 3287 auctore
1940 3192 2015 3242 Μ’

205 3362 232 3400 rs
250 3334 324 3398 Deo
348 3330 579 3397 inviolabiliter
608 3341 853 3407 conservantur,
884 3330 930 3393 ita
959 3351 1071 3393 rursus
1101 3327 1175 3392 illae
1206 3340 1359 3414 quattuor
1388 3329 1429 3394 ad
1460 3328 1634 3393 humanam
1658 3329 1826 3394 derivatae
1850 3353 1899 3394 eo-

249 3439 354 3505 briam
378 3439 657 3504 conversationem
683 3459 742 3522 per
756 3438 925 3516 rationem,
949 3435 1189 3516 discretionem,
1214 3434 1418 3499 honestatem
1434 3447 1531 3522 atquc
1552 3435 1723 3500 utilitatem
1740 3434 1901 3501 habentur

250 3533 346 3633 atque
371 3557 520 3626 utuntur3
551 3543 723 3630 nullusque
753 3543 822 3606 istis
847 3565 962 3607 carens
993 3541 1063 3606 illas
1090 3542 1236 3628 perfecte
1267 3540 1388 3606 habere
1420 3543 1524 3629 potuit
1554 3564 1615 3608 nec
1646 3544 1694 3607 eis
1725 3544 1796 3624 rite,
1828 3544 1899 3608 istis

250 3654 377 3741 spretis,
401 3650 576 3738 aliquando
600 3651 647 3714 uti
670 3649 863 3737 praevaluit.
903 3648 946 3713 Et
969 3650 1118 3735 quamvis
1142 3649 1207 3713 siut
1231 3648 1392 3734 quaedam
1416 3671 1459 3713 ex
1483 3650 1530 3713 eis
1549 3648 1723 3714 humanam
1740 3651 1899 3715 rationem

250 3758 457 3840 excedentes,
482 3769 517 3823 ut
540 3768 614 3822 sunt
637 3755 801 3838 nonnulla,
833 3778 917 3842 quae
949 3754 1017 3819 sola
1040 3755 1104 3819 lide
1129 3756 1244 3840 attingi
1269 3766 1404 3842 possunt
1434 3768 1467 3820 et
1494 3754 1535 3819 ob
1559 3755 1620 3821 hoe
1644 3755 1824 3821 ineffabilia
1847 3756 1899 3821 vel

206 3894 232 3933 so
250 3863 591 3952 incomprehensibilia
614 3863 777 3942 dicuutur,
802 3863 991 3927 auctoritate
1016 3873 1124 3926 tamen
1148 3861 1260 3926 divina
1284 3863 1317 3925 iu
1341 3862 1443 3926 saeris
1459 3861 1690 3941 voluminibus,
1715 3875 1900 3928 sanctorum

251 3975 348 4038 etiam
379 3970 609 4037 catholicorum
641 3981 769 4056 patrum
800 3967 926 4050 edictis,
957 3968 1031 4032 Deo
1061 3968 1238 4049 revelante,
1270 3968 1409 4055 qualiter
1439 3968 1553 4033 eadem
1582 3969 1725 4034 tenenda
1747 3969 1799 4034 vel
1824 3993 1899 4034 con·

250 4080 372 4144 fiteuda
395 4079 468 4158 sint,
494 4077 693 4141 sufficienter
717 4075 955 4161 repperiuntur.
998 4075 1142 4161 Ideoque
1167 4097 1272 4160 poene
1296 4073 1338 4138 ab
1355 4073 1505 4140 omnibus
1521 4074 1735 4157 desideratur,
1760 4087 1898 4162 optatur,

250 4187 426 4275 quaeritur,
451 4195 486 4248 ut
509 4185 633 4248 ratione
657 4194 845 4269 praeeunte,
871 4183 1044 4245 comitante
1060 4180 1114 4244 vel
1130 4179 1349 4267 subsequente
1366 4183 1398 4246 iu
1423 4180 1573 4247 omnibus
1596 4181 1649 4246 vel
1673 4182 1713 4248 de
1738 4181 1898 4265 omnibus,

250 4293 336 4358 unde
361 4305 468 4357 certus
492 4313 563 4355 esse
588 4288 763 4370 desiderat,
794 4288 886 4353 salva
910 4276 948 4352 'et
975 4288 1156 4374 anteposita
1187 4310 1316 4374 semper
1346 4300 1379 4353 et
1410 4287 1530 4375 ubique
1561 4288 1673 4353 divina
1695 4289 1898 4372 auctoritate,

205 4427 232 4466 rs
251 4424 314 4465 non
345 4400 435 4487 prius
466 4395 611 4484 qualibet
641 4396 783 4460 humana
814 4393 1042 4459 adinventione
1074 4405 1257 4481 opponatur
1287 4417 1384 4480 quam
1415 4395 1484 4459 utili
1509 4396 1633 4459 ratione
1657 4395 1834 4460 iustmatur
1857 4407 1899 4476 et,

250 4506 478 4592 undecumque
503 4515 611 4568 certus
636 4525 707 4566 esse
732 4500 906 4582 desiderat,
931 4500 1070 4588 pleniter
1092 4499 1266 4565 imbuatur.

357 4629 485 4695 Idcirco
510 4651 588 4714 ergo
612 4648 817 4713 summopere
841 4624 1024 4690 cavendum
1048 4638 1108 4706 est,
1136 4647 1176 4689 ne
1201 4625 1323 4689 homini
1346 4625 1496 4690 rationali
1519 4627 1677 4690 rationem
1701 4625 1900 4690 desideranti

250 4751 348 4826 atque
372 4737 519 4824 poscenti
543 4734 607 4799 ullo
631 4733 727 4798 medo
751 4733 833 4797 ratio
850 4731 1072 4812 interdicatur,
1096 4733 1158 4796 nisi
1175 4744 1300 4797 tautum
1316 4733 1350 4795 in
1366 4732 1426 4813 his,
1451 4745 1486 4796 ut
1501 4755 1600 4819 supra
1615 4745 1900 4796 commemoratum

251 4859 310 4926 est,
334 4841 509 4908 ineffabilis
533 4853 622 4906 tanta
646 4864 684 4905 ac
709 4840 781 4905 talis
806 4850 956 4903 occurrat
978 4837 1170 4918 sublimitas,
1201 4840 1254 4903 cui
1286 4840 1401 4903 meritc
1424 4840 1578 4903 universa
1601 4839 1743 4903 humana
1766 4863 1800 4902 se
1825 4836 1900 4903 sub-

206 4976 234 5014 eo
252 4961 375 5016 sternat
398 4949 653 5014 ratiocinationis
677 4946 851 5011 humilitas.
891 4945 977 5026 Quia
993 4968 1071 5010 vero
1095 4969 1159 5010 uuo
1176 4946 1291 5031 pretio,
1312 4945 1432 5009 Christi
1455 4945 1611 5010 videlicet
1635 4947 1803 5028 sanguine,
1828 4945 1899 5010 red·

252 5059 362 5145 empti,
386 5056 502 5120 fratres
526 5078 636 5119 sumus
660 5067 692 5118 et
713 5055 784 5140 ipse
802 5053 987 5132 miseraute,
1012 5053 1103 5117 cuius
1120 5051 1343 5116 misericordia
1359 5051 1391 5116 id
1409 5052 1518 5134 simus,
1543 5054 1697 5136 cognosci
1714 5053 1899 5134 meruimus,

252 5188 326 5229 eum
350 5163 438 5228 omni
461 5163 578 5226 mentis
602 5160 732 5240 affectu,
757 5169 791 5223 ut
815 5182 915 5245 supra
930 5171 1214 5223 commemoratum
1233 5171 1291 5240 cst,
1316 5160 1541 5224 necessitatem
1557 5160 1692 5224 fratrum
1709 5171 1901 5242 nostrorum,

252 5272 349 5335 totius
381 5269 505 5334 scilieet
534 5268 662 5354 imperii
694 5265 909 5332 Orientalium
941 5265 1170 5346 Romanorum,
1201 5264 1244 5327 ad
1275 5266 1389 5330 intima
1419 5266 1526 5331 cordis
1557 5267 1657 5330 nostri
1687 5268 1815 5330 viscera
1845 5265 1901 5330 ad-

253 5378 380 5440 mittere
404 5374 572 5455 debamus,
603 5396 740 5460 quorum
769 5370 990 5436 inviolabilem
1015 5372 1183 5435 caritatem
1208 5370 1251 5435 ob
1274 5371 1396 5436 nullam
1419 5372 1515 5437 aliam
1540 5371 1784 5459 disceptationis
1808 5396 1902 5438 occa-

207 5507 235 5547 sa
253 5484 376 5547 sionem
399 5482 495 5546 nimis
519 5480 643 5545 duriter
672 5491 713 5561 et,
744 5491 779 5543 ut
802 5478 910 5543 multis
941 5475 1081 5556 videtur,
1112 5476 1384 5542 inrationabiliter
1414 5480 1548 5543 scissam
1580 5501 1651 5542 csse
1680 5481 1902 5564 cognovimus,

253 5590 315 5653 nisi
339 5588 426 5676 quod
450 5588 582 5674 quidam
605 5586 733 5652 illorum
763 5607 828 5649 una
858 5607 931 5649 cum
956 5582 1139 5647 llichahele
1168 5596 1200 5647 et
1224 5584 1404 5671 Theophila
1433 5584 1694 5672 imperatoribus,
1725 5587 1903 5650 carissimis

254 5694 407 5760 fratribus
431 5694 560 5776 nostris,
584 5695 742 5779 imagines
759 5703 944 5756 sauctorum
961 5713 1024 5754 non
1042 5688 1163 5753 habere
1187 5689 1309 5771 volunt,
1334 5690 1467 5778 quidam
1484 5715 1562 5756 vero
1579 5705 1712 5756 econtra
1729 5715 1770 5756 ex
1787 5691 1902 5757 eadem

359 5901 375 5947 4
395 5902 436 5947 est
453 5894 519 5946 deest
538 5893 569 5945 P.
642 5897 675 5944 35
695 5888 781 5959 prins]
802 5893 902 5958 supple:
921 5891 1079 5957 quidquam.
1152 5887 1313 5955 instruatur]
1334 5892 1454 5958 intellipc:
1473 5891 1569 5944 tidelis.

308 5999 352 6040 Li..
367 5998 467 6039 coucnm
481 5997 510 6038 11.
1655 6000 1689 6050 ssss
