4884 6717
531 529 594 590 144
946 535 999 591 56.
1035 535 1255 593 conaturum
1279 533 1609 601 AQL'ISGRANENSE
1634 534 1671 589 A.
1693 533 1768 590 836.

400 740 509 833 Ἧι,
529 744 606 807 ergo
629 720 764 785 videant
787 721 865 808 quid
889 724 1045 808 sequitur.
1089 724 1227 810 Cumque
1250 727 1452 789 accessissent
1466 725 1636 810 principes
1658 724 1811 787 exercitus
1834 722 1880 786 ad
1900 721 2042 808 Moysen,
2065 723 2191 786 tribuni

490 820 497 832 ⁰
528 844 556 892 et
578 832 782 908 centuriones,
807 829 974 893 deserunt:
996 830 1066 894 Nos
1087 834 1176 895 serui
1196 834 1247 895 tui
1266 833 1478 895 recensuimus
1501 853 1662 893 numerum
1680 844 1906 916 puqnatorum,
1922 853 2000 914 quos
2018 828 2186 892 babuimus

526 937 583 999 sub
607 961 702 998 manu
733 950 850 1016 nostra,
886 950 914 1000 et
943 962 980 1000 ne
1011 962 1091 1000 unus
1114 937 1242 1022 quidem
1274 938 1388 1026 defuit.
1450 936 1496 1000 Ob
1526 937 1608 1000 lanc
1638 961 1764 1000 causam
1790 938 1954 1021 offerimus
1978 938 2011 999 iu
2038 934 2186 999 donariis

527 1042 664 1106 Domini
684 1043 808 1127 sinquli
829 1043 916 1128 quod
939 1045 972 1106 in
991 1043 1117 1127 praeda
1141 1047 1220 1107 auri
1234 1046 1397 1130 potuimus
1422 1046 1573 1123 inuenire,
1598 1042 1809 1129 periscelides
1831 1056 1860 1106 et
1882 1042 2042 1120 armillas,
2072 1042 2186 1105 astulas

527 1163 555 1211 et
578 1148 737 1212 dextralia
768 1174 806 1211 ac
834 1149 1026 1228 murenulas,
1060 1164 1092 1212 ut
1122 1149 1301 1235 depreceris
1326 1174 1389 1236 pro
1419 1152 1509 1214 nobis
1532 1149 1714 1212 Dominum.
1768 1147 2036 1234 Susceperuntque
2060 1148 2216 1234 lloqsess

526 1270 554 1318 et
568 1255 706 1318 Eleazar
728 1255 877 1319 sacerdos
900 1280 988 1319 omae
1012 1281 1125 1318 ozerum
1151 1259 1183 1319 iu
1208 1256 1346 1320 dirersis
1367 1258 1539 1342 speciebus,
1559 1255 1700 1342 pondere
1722 1257 1903 1319 casaemarii
1922 1254 2056 1318 sedecim
2081 1256 2184 1334 ruilus,

525 1363 733 1447 septinqeutos
756 1364 988 1448 quinquaqinta
1011 1363 1107 1425 siclos
1130 1389 1149 1425 a
1174 1364 1311 1428 tribunis
1333 1377 1361 1426 et
1383 1364 1625 1427 centurionibus.
1679 1361 1899 1446 Unusquisque
1929 1363 2012 1424 enim
2035 1361 2122 1447 quod
2151 1364 2185 1425 iu

523 1468 648 1553 praeda
671 1482 824 1553 rapuerat
845 1493 934 1531 suum
960 1483 1035 1532 erat.
1075 1468 1119 1532 Et
1141 1484 1314 1555 susceptum
1339 1471 1512 1533 intulerunt
1534 1472 1567 1532 iu
1591 1469 1825 1532 tabernaculum
1849 1470 2022 1531 testimonii
2035 1471 2067 1532 in
2084 1470 2184 1532 moni·

527 1588 659 1637 mentum
675 1576 824 1660 filiorum
843 1574 967 1638 Israbcl
989 1599 1095 1638 eoram
1111 1575 1260 1639 Domina.
1301 1573 1336 1639 Si
1360 1575 1498 1661 populus
1523 1574 1664 1638 carnalis
1688 1573 1728 1638 da
1752 1572 1855 1660 preda
1877 1574 2016 1637 hostium
2040 1595 2182 1655 suorum,

526 1702 624 1765 quam
648 1680 765 1766 coepit,
797 1678 934 1743 donaria
956 1691 1050 1764 grata
1074 1680 1146 1744 Deo
1172 1680 1288 1745 obtulit
1318 1693 1350 1745 et
1381 1680 1430 1744 his
1461 1681 1556 1762 datis,
1592 1693 1628 1745 ut
1657 1703 1717 1767 pro
1748 1702 1783 1744 se
1814 1693 1970 1760 oraretur,
2005 1679 2183 1767 postulavit
2203 1701 2229 1741 ιο

526 1786 700 1872 Deumque
725 1785 789 1850 sibi
812 1785 1006 1871 placabilem
1030 1787 1117 1856 fecit.
1143 1786 1327 1851 cavendum
1351 1789 1492 1868 omnino,
1517 1789 1614 1854 imma
1639 1786 1925 1873 expavescendum
1948 1786 2011 1850 illis
2036 1799 2094 1866 est,
2126 1787 2182 1872 qui

526 1895 668 1979 pretioso
686 1891 807 1956 Christi
831 1894 990 1976 sanguine
1015 1905 1088 1957 sunt
1112 1893 1282 1979 redempti,
1307 1917 1348 1957 ne
1373 1893 1415 1958 ab
1439 1893 1511 1958 aliis
1534 1893 1685 1958 fidelibus
1702 1894 1775 1958 Dea
1800 1892 1910 1957 oblata
1932 1907 1965 1957 et
1980 1905 2182 1968 consecrata,

526 2002 624 2063 immo
648 1999 860 2078 sanctificata,
885 2011 998 2062 contra
1023 1999 1071 2062 fas
1096 2000 1246 2063 auferant
1269 2001 1358 2064 etin
1383 2024 1458 2064 suos
1485 1999 1625 2064 inlicitas
1656 2023 1733 2064 usus
1765 2011 1984 2087 retorqueant,
2015 2022 2057 2064 ne
2086 2000 2181 2074 forte,

527 2107 610 2169 sicut
634 2117 831 2169 memoratus
854 2104 993 2190 populus
1018 2105 1058 2168 de
1083 2105 1237 2178 donariis,
1263 2129 1347 2193 quae
1371 2107 1445 2170 Deo
1469 2105 1606 2171 contulit
1629 2129 1769 2192 eumque
1794 2104 1857 2170 sibi
1887 2108 2063 2192 propitium
2093 2107 2180 2186 fecit,

526 2214 612 2275 itae
638 2213 809 2290 contrario,
834 2212 922 2298 quod
946 2211 1041 2292 absit,
1067 2211 1113 2275 illi
1138 2212 1178 2276 dc
1202 2213 1339 2276 aliorum
1356 2212 1429 2277 Deo
1453 2212 1679 2299 ecclesiaeque
1703 2225 1837 2277 sanctae
1854 2235 1932 2277 suae
1949 2211 2067 2277 oblatis
2083 2212 2182 2277 rebus
2202 2236 2229 2278 a

527 2342 600 2382 eum
625 2317 687 2382 sibi
710 2319 827 2382 iratum
850 2319 972 2382 faciant
996 2341 1154 2405 suumque
1179 2321 1362 2384 inmensum
1378 2319 1519 2383 furorem
1535 2320 1569 2382 in
1586 2342 1620 2383 se
1636 2334 1815 2406 provocent
1832 2332 1874 2400 et,
1899 2319 1987 2405 quod
2007 2318 2181 2405 plurimum

527 2423 822 2511 pertimescendum
847 2435 906 2504 est,
931 2426 1000 2488 eius
1024 2427 1109 2489 iusto
1133 2425 1311 2490 iudiciuin
1341 2426 1497 2512 praedam
1526 2425 1667 2490 hostium
1698 2449 1840 2508 suorum,
1877 2449 1941 2490 non
1972 2425 2076 2490 salum
2106 2427 2182 2490 visi·

527 2530 651 2612 biliam,
676 2554 789 2594 verum
814 2532 913 2594 etiam
936 2530 1149 2595 invisibilium
1173 2534 1350 2598 incurrant.

635 2637 731 2717 Quod
755 2660 834 2722 ergo
850 2638 1011 2702 Dominus
1036 2637 1079 2701 ad
1103 2641 1325 2704 sanctuarium
1348 2663 1441 2703 suum
1465 2641 1551 2703 inter
1573 2651 1699 2703 ceteras
1723 2641 1859 2726 specics.
1877 2663 1958 2725 quas
1975 2640 2181 2704 dinumerare

528 2744 662 2829 longum
694 2758 753 2826 est,
786 2744 899 2808 domos
931 2757 963 2807 et
990 2767 1086 2830 agros
1118 2758 1149 2808 et
1180 2769 1293 2810 servos
1324 2745 1384 2810 sibi
1415 2746 1531 2810 afferre
1565 2748 1758 2833 preceperit,
1794 2748 1827 2809 in
1862 2745 2083 2833 superioribus
2118 2748 2182 2810 iam
2201 2770 2231 2811 sa

527 2851 650 2916 dictum
674 2856 761 2933 est¹;
792 2874 878 2915 nunc
902 2853 1026 2915 maiora
1050 2864 1083 2915 et
1106 2854 1298 2938 copiosiora,
1322 2876 1406 2940 quae
1430 2854 1464 2916 in
1486 2852 1697 2918 tabernaculo
1726 2865 1838 2917 saneto
1869 2876 1927 2918 suo
1951 2852 2183 2917 famrdantibus
2303 2839 2307 2843 ⁴

528 2957 688 3021 Dominus
712 2957 790 3021 dare
814 2956 915 3036 iubet,
939 2959 1132 3022 intueamur.

401 3101 508 3193 suffiae,
635 3081 813 3145 XXXVII.
868 3083 957 3146 llaec
987 3109 1107 3168 quoque
1138 3086 1258 3148 loerrtus
1287 3100 1331 3149 est
1353 3085 1511 3150 Dorulaus
1539 3086 1585 3150 ad
1606 3085 1737 3170 Moysen
1767 3088 1800 3149 iu
1831 3087 2058 3171 campestribus
2087 3085 2183 3148 „boat

481 3185 487 3197 ⁸
527 3215 623 3275 super
646 3189 805 3252 Iordanen
829 3204 936 3253 contra
962 3190 1135 3254 Hiericho:
1164 3191 1298 3277 Precr'pe
1312 3193 1400 3278 filiis
1422 3192 1558 3272 Israhel,
1582 3206 1616 3255 ut
1638 3192 1710 3254 deut
1729 3191 1851 3254 Leritr's
1875 3192 1913 3255 de
1929 3193 2184 3277 possessionibus

527 3300 595 3360 sues
620 3297 709 3358 urbes
732 3296 777 3358 ad
799 3297 1005 3359 habitandum
1028 3311 1057 3360 et
1078 3300 1259 3361 suberrbarra
1283 3324 1390 3363 earum
1409 3324 1471 3385 per
1495 3301 1672 3378 circuitum,
1697 3312 1729 3361 ut
1753 3301 1821 3383 ipsi
1843 3301 1875 3361 in
1892 3298 2023 3384 oppidis
2039 3313 2185 3361 maneant
2202 3319 2230 3362 ιι

407 3430 479 3479 mss,
488 3432 508 3470 s.
528 3418 556 3466 et
577 3404 758 3465 suburbana
781 3406 846 3466 sint
865 3405 1033 3488 pecoribus
1056 3429 1093 3466 ac
1119 3407 1273 3468 iumentis.
1321 3404 1363 3467 Et
1387 3405 1487 3467 infra:
1515 3405 1588 3491 Ipse
1611 3419 1712 3468 autem
1738 3406 1838 3474 urbes,
1862 3429 1942 3489 quae
1965 3404 2123 3467 dabuntur
2146 3429 2185 3468 er

525 3511 777 3595 possessionibus
792 3511 939 3595 filiorum
961 3509 1096 3588 israhel,
1120 3513 1159 3573 ub
1183 3512 1244 3591 bis,
1268 3515 1327 3596 qui
1341 3513 1420 3597 plus
1443 3514 1564 3591 babent,
1584 3513 1695 3597 plures
1718 3513 1916 3597 auferemur,
1939 3524 1968 3574 et
1989 3513 2049 3596 qui
2068 3514 2184 3580 minus,

525 3619 695 3702 pauciores
703 3640 713 3695 3
741 3617 865 3702 sinquli
889 3619 978 3679 iusta
1009 3642 1185 3680 mensurum
1217 3619 1401 3681 hereditatis
1429 3643 1505 3682 suae
1534 3619 1653 3682 dabrent
1681 3618 1802 3703 oppida
1826 3618 1958 3682 Leritis.
2012 3616 2108 3695 erad
2138 3617 2185 3679 ita

476 3735 509 3780 ²1,
530 3721 624 3784 Iosue
649 3723 792 3784 interra
816 3723 1076 3807 repromissionis
1100 3723 1225 3798 fecerit,
1250 3736 1358 3787 textus
1382 3722 1456 3788 libri
1479 3724 1565 3788 illius
1592 3723 1715 3809 liquido
1747 3723 1916 3809 depromit.
1969 3723 2182 3809 Perspicuum

473 3819 477 3827 ’
530 3851 608 3891 sane
632 3829 710 3890 satis
734 3841 783 3891 cst
814 3841 845 3891 et
876 3852 971 3891 nosse
1002 3828 1186 3893 volentibus
1217 3831 1466 3916 apertissimum,
1503 3829 1590 3916 quad
1613 3831 1707 3894 Deus
1737 3829 1860 3893 idcirco
1895 3829 2014 3916 populo
2049 3853 2106 3893 suo
2142 3830 2183 3894 de
2203 3853 2232 3894 sa

529 3934 709 3998 hereditate
740 3936 980 4020 posscssionum
1013 3959 1144 3999 suarum
1176 3936 1289 4000 domos
1320 3949 1351 4001 et
1382 3960 1478 4021 agros
1510 3949 1541 3999 et
1576 3938 1749 4023 mancipia,
1785 3939 1918 4022 insuper
1952 3938 2060 4016 etianr,
2096 3934 2183 4022 (quod

529 4042 634 4105 maius
665 4053 722 4118 est,
759 4042 907 4105 civitates
939 4054 971 4105 et
1006 4041 1193 4107 suburbana
1229 4046 1412 4108 sanctuario
1448 4067 1505 4108 sua
1540 4043 1772 4107 famulantibus
1808 4043 1886 4108 dare
1919 4045 2112 4130 preceperit,
2148 4055 2183 4108 ut

530 4148 669 4210 ministri
692 4149 868 4211 sanctuarii
893 4150 942 4211 sui
966 4151 1138 4212 instantius
1163 4149 1393 4236 honestiusque
1413 4163 1509 4237 atquc
1534 4149 1788 4215 inexcusabilius
1805 4174 1934 4214 sacrum
1951 4173 2044 4215 suum
2061 4149 2182 4214 cultum

530 4277 686 4318 exercere
710 4277 869 4340 suumque
893 4255 1084 4319 famulatum
1108 4259 1289 4342 potuissent
1313 4256 1445 4321 liberius
1469 4257 1612 4343 explere.
1653 4256 1781 4338 Quibus
1804 4256 1913 4320 verbis
1930 4255 2053 4343 liquido
2074 4255 2183 4341 colligi

531 4371 650 4447 potest,
682 4361 770 4446 (quod
800 4363 947 4446 quisquis
978 4385 1031 4442 ea,
1068 4386 1151 4448 quae
1184 4364 1238 4427 alii
1269 4363 1381 4427 fideles
1412 4363 1453 4426 de
1485 4363 1664 4426 hereditate
1699 4364 1940 4449 posscssionum
1975 4386 2106 4428 suarum
2141 4362 2182 4426 ob
2202 4385 2230 4426 ss

530 4467 709 4531 remedium
740 4469 920 4532 animarum
953 4491 1084 4532 suarum
1115 4470 1188 4534 Deo
1219 4469 1262 4533 ad
1297 4470 1451 4534 honorem
1487 4481 1519 4533 et
1554 4470 1705 4533 decorem
1741 4468 1899 4533 ccclesiae
1934 4492 2011 4533 suae
2047 4471 2182 4556 eiusque

530 4576 748 4638 ministrarum
772 4597 850 4638 usus
874 4574 1088 4654 contulerunt,
1120 4589 1174 4639 aut
1202 4575 1335 4640 abstulit
1358 4591 1413 4641 aut
1437 4578 1564 4640 auferre
1589 4578 1754 4662 presumit.
1785 4575 1899 4661 procul
1923 4575 2022 4639 dubio
2046 4576 2181 4640 aliorum

530 4680 607 4744 data
630 4683 662 4743 in
688 4704 818 4745 suarum
843 4682 1023 4745 animarum
1056 4684 1216 4745 convertit
1247 4683 1403 4768 pericula.
1462 4683 1616 4769 Sequitur
1646 4685 1732 4746 enim
1764 4684 1797 4745 in
1827 4682 1959 4746 eadem:
1994 4684 2085 4746 llaec
2113 4699 2185 4747 sum

530 4789 680 4851 ruuredata
712 4803 803 4874 utque
836 4789 969 4868 iudicia,
1000 4815 1080 4874 quae
1101 4793 1245 4875 precepit
1266 4791 1424 4854 lloutinus
1442 4817 1504 4878 per
1528 4816 1653 4854 turanum
1676 4790 1786 4877 Mtqst
1812 4791 1858 4853 ad
1878 4791 1971 4876 filios
1994 4789 2121 4854 Israbel
2150 4793 2181 4853 in

530 4897 757 4981 campestribus
779 4894 876 4958 Moab
899 4921 995 4981 super
1018 4896 1177 4959 Iordanen
1203 4911 1310 4960 eontra
1334 4897 1497 4961 llierielro.
1543 4896 1616 4961 Non
1641 4909 1690 4959 est
1713 4895 1966 4981 pretereundum
1989 4919 2049 4960 nec
2073 4894 2182 4981 negle·
2200 4918 2230 4960 u

389 3734 417 3774 ci.
426 3733 468 3773 los.

427 3791 460 3824 ζἰι

463 3801 469 3833 1

636 5129 761 5178 XXXVI.
790 5131 949 5179 2abuimus
969 5129 1029 5178 Bt).
1120 5125 1288 5192 3d0nnriis]
1310 5130 1406 5180 danius
1424 5132 1493 5190 add,
1513 5132 1556 5182 sed
1570 5141 1656 5197 prostes
1674 5131 1723 5182 del.
1742 5132 1801 5182 Bs.
1894 5132 2105 5197 sperimedites
2124 5133 2183 5183 BQ.

530 5219 684 5283 bponderc
704 5217 864 5280 sanctuarii]
888 5220 1022 5283 ponderes
1047 5235 1107 5269 cunr
1132 5221 1182 5268 arii
1204 5221 1231 5269 (ἱ
1323 5223 1339 5270 9
1366 5223 1464 5270 estium
1484 5222 1522 5270 11.
1615 5225 1647 5271 10
1666 5223 1779 5271 (lanaria
1800 5221 1830 5274 L.
1922 5217 1992 5284 Deo]
2013 5223 2132 5272 Domino
2152 5221 2184 5271 L.

533 5311 561 5357 11
590 5303 711 5369 omnino]
740 5315 781 5357 est
799 5307 860 5357 add.
879 5308 915 5357 JI.
1009 5311 1040 5358 14
1061 5303 1191 5369 donariis]
1218 5309 1338 5358 baneriis
1359 5309 1417 5358 Be.
1509 5319 1637 5375 stumque
1656 5311 1716 5360 Bt).
1810 5313 1841 5360 15
1868 5305 2017 5374 contrario]
2037 5313 2132 5360 roario
2151 5307 2184 5370 L,

530 5399 668 5447 contraria
689 5398 724 5447 11.
799 5399 830 5447 l'l
851 5398 950 5446 ostium
966 5397 1024 5445 ur.
1100 5400 1131 5445 19
1152 5392 1232 5458 inter]
1248 5399 1300 5447 iter
1314 5397 1339 5446 u
1349 5403 1372 5451 2.
1446 5401 1480 5448 20
1500 5401 1590 5448 otl'erri
1610 5399 1670 5449 112.
1684 5405 1708 5449 ,1.
1730 5402 1766 5450 11.
1841 5403 1963 5466 precepit
1981 5400 2019 5449 11.

636 5504 773 5553 xxxvn.
803 5505 837 5553 24
864 5504 976 5552 llicrico
995 5503 1035 5552 lu'c
1053 5512 1077 5553 et
1094 5503 1166 5567 infra
1186 5502 1246 5553 BI.
1265 5502 1297 5553 L.
1389 5507 1422 5554 ‘26
1449 5499 1490 5567 ex]
1510 5513 1537 5554 ct
1556 5505 1588 5555 L.
1680 5508 1712 5556 ut
1740 5505 1842 5555 Israhel
1866 5506 1932 5555 deest
1950 5506 1982 5557 L.
2074 5500 2183 5569 habent]
2200 5511 2230 5553 ⁴⁶

530 5593 666 5643 habebant
687 5593 746 5641 112.
803 5588 969 5655 auferentur]
989 5593 1137 5641 offerentur
1155 5609 1167 5641 e
1185 5609 1249 5641 corr.
1269 5591 1301 5641 L.
1357 5597 1390 5642 *16
1411 5595 1532 5643 Laevitis
1552 5594 1611 5643 B2.
1667 5595 1895 5644 3211111113.
1916 5594 1953 5644 11.
2009 5590 2184 5658 {illiberim}

530 5683 740 5748 expeditiusque
759 5681 820 5730 add.
840 5682 899 5730 112.
913 5685 938 5730 3,
959 5680 995 5733 11.
1069 5683 1102 5730 35
1123 5682 1157 5729 ab
1172 5707 1205 5713 -
1219 5696 1327 5730 suarum
1347 5681 1437 5730 desiuit
1456 5679 1492 5731 ll.
1566 5685 1600 5732 40
1619 5684 1726 5732 Iem'clro
1747 5683 1782 5733 11.

641 5881 669 5950 1)
695 5881 742 5951 Cf.
767 5901 857 5955 supra
882 5901 904 5935 c.
923 5885 981 5948 32,-
1000 5900 1032 5954 p.
1051 5882 1119 5937 741.
