4884 6717
526 493 739 551 APPENDIX.
787 493 815 550 3.
849 494 1068 552 CONCILIUM
1091 495 1293 553 ROMANUM
1317 495 1490 553 SPURIUM
1513 495 1646 552 1753.
1848 488 1915 552 819

430 787 476 897 3.
523 786 941 899 OONOILIUM
977 789 1366 900 ROMANUM
1405 788 1746 901 SPURIUM.

998 1002 1073 1074 753.
1104 1002 1174 1068 Ian.

365 1220 463 1299 Inest
486 1237 519 1299 in
543 1237 609 1300 cita
625 1235 773 1300 Anselmi
786 1237 909 1300 abbatis
925 1234 1150 1300 Noncntulani
1170 1236 1224 1318 (de
1240 1261 1300 1322 quo
1316 1238 1361 1324 cf.
1379 1238 1459 1301 Acta
1478 1237 1537 1300 SS,
1554 1241 1586 1300 3.
1603 1238 1700 1302 attare.
1718 1237 1747 1317 I,
1763 1243 1831 1305 265
1842 1262 1910 1323 sqq.

259 1349 326 1410 900
336 1343 419 1427 sqq.)
445 1343 581 1406 incertae
604 1344 715 1407 acuitis
739 1378 781 1389 -
805 1342 891 1407 nihil
912 1356 957 1407 est
978 1343 1064 1428 quod
1087 1356 1170 1422 cetet,
1201 1367 1239 1407 99
1269 1357 1424 1408 auctorem
1449 1345 1573 1408 sacculo
1596 1343 1657 1408 XI.
1677 1346 1719 1408 in.
1744 1346 1912 1430 scripsisse

224 1462 430 1519 astatuamus
453 1485 496 1495 -
513 1450 724 1535 privileqium
755 1449 915 1535 quoddam
945 1448 1171 1514 Nonantulano
1201 1454 1390 1515 monasterio
1420 1475 1612 1530 concessum,
1648 1451 1734 1536 quod
1765 1454 1909 1538 spurium

258 1579 322 1619 esse
342 1557 547 1641 qram'ssinns
570 1555 704 1620 indicitis
727 1558 793 1620 iam
816 1556 855 1619 L.
872 1556 913 1619 A.
932 1555 1097 1647 Muratori
1117 1555 1328 1638 (Ueschicbte
1353 1581 1409 1622 con
1427 1557 1558 1622 Italien'
1576 1558 1599 1621 I
1603 1558 1637 1638 l',
1661 1558 1796 1644 Lipsiae
1812 1566 1911 1626 1716.

251 1687 288 1748 9.
306 1669 370 1728 351
382 1686 449 1747 sqq.
474 1664 509 1726 in
532 1665 674 1726 99991999
700 1662 906 1749 Gernranica)
925 1663 1074 1750 feliciter
1096 1665 1197 1728 evicit.
1241 1663 1382 1743 Accedit,
1407 1665 1493 1750 quod
1508 1667 1718 1753 priuilepium
1744 1668 1847 1750 ipsum
1871 1667 1911 1730 ob

257 1782 382 1833 auctore
405 1771 488 1833 citae
502 1768 651 1833 Anselmi
672 1769 887 1836 HadrianoI.
909 1794 1017 1857 papae
1041 1770 1079 1851 (7
1083 1773 1267 1855 72-795)
1291 1773 1484 1851 attribuitur,
1508 1797 1596 1858 quern
1622 1773 1784 1857 aequalem
1801 1773 1912 1860 fuisse

256 1899 354 1961 neque
377 1875 524 1963 Aestulfo
553 1878 625 1962 repi
644 1875 940 1962 Lanpobardornm,
970 1879 1004 1940 in
1036 1876 1208 1963 diplomate
1234 1881 1345 1963 spurio
1369 1879 1458 1942 titulo
1481 1892 1552 1942 ante
1574 1878 1731 1943 saeculum
1757 1879 1912 1943 decimum

213 2013 239 2052 ιο
251 2006 389 2069 proram
412 1985 569 2071 incopnito
593 2005 654 2046 rex
676 1980 783 2046 Italici
806 1983 899 2068 regni
916 1983 1007 2060 ⁴dicto
1031 1983 1258 2066 (tte—756,-
1284 1986 1330 2071 cf.
1358 1967 1481 2065 lllsrrer,
1505 1986 1716 2050 ί1919191919
1739 1986 1794 2050 des
1809 1987 1911 2073 fran-

257 2090 384 2154 leischen
408 2089 542 2154 Ileiches
565 2104 654 2155 anter
677 2090 788 2178 Kbnip
809 2090 948 2178 Pippin'
972 2092 1125 2176 43699),
1154 2115 1253 2177 99999
1277 2091 1389 2179 Serpio
1415 2093 1653 2178 archiepiscopo
1677 2091 1915 2156 Bacennatensi

258 2197 481 2281 (ros-769)
505 2221 567 2261 non
598 2198 678 2262 latet.
730 2195 888 2285 Confudit
910 2211 989 2262 certe
1013 2198 1069 2261 ille
1097 2220 1271 2284 anonymus
1301 2223 1368 2261 eum
1394 2198 1566 2262 Hadriano
1590 2198 1617 2262 I.
1647 2197 1838 2285 Stephanum
1863 2198 1910 2262 Il.

250 2328 374 2391 papam
400 2305 636 2389 (752-757),
659 2307 742 2368 inter
764 2307 854 2368 cuins
872 2305 1051 2390 pricilepia
1074 2305 1131 2368 hoc
1154 2306 1297 2392 infem'us
1320 2305 1473 2369 edendum
1489 2307 1723 2384 numerabatur,
1743 2320 1910 2392 postquam

251 2413 381 2498 primeca
404 2411 506 2474 editor
527 2410 655 2499 Uphelli
667 2435 778 2476 nomen
793 2411 965 2476 Hadriani
979 2415 1011 2475 in
1029 2410 1219 2498 Stephanum
1245 2416 1384 2476 mutae-it.
1420 2412 1668 2476 Praemittuntur
1692 2417 1822 2499 insuper
1847 2416 1914 2498 1991

213 2545 238 2585 n
253 2519 427 2604 priailepio
459 2518 553 2582 haec:
583 2565 590 2579 .
617 2566 624 2580 .
650 2566 658 2581 .
689 2514 886 2581 venerabilis
922 2527 1016 2603 pater
1049 2516 1235 2598 Ansclmus,
1271 2517 1373 2603 regali
1408 2528 1498 2582 ortus
1533 2520 1686 2605 prosapia
1720 2520 1910 2605 meritisque

257 2621 375 2706 claras,
484 2622 671 2710 Aystnlfum
695 2622 776 2688 adiit
798 2645 919 2709 regem,
943 2645 1003 2710 per
1026 2646 1169 2688 sororem
1193 2623 1319 2688 scilicet
1342 2647 1432 2688 suam
1456 2623 1686 2705 Giseltrudam,
1711 2647 1796 2712 quae
1820 2627 1910 2711 regio

257 2730 392 2795 herebat
415 2729 568 2794 thelame.
614 2731 722 2795 Huius
751 2753 891 2818 namque
922 2730 1098 2816 impetratu
1128 2732 1190 2795 tria
1219 2754 1285 2796 non
1315 2730 1444 2795 modica
1475 2733 1560 2795 intra
1584 2731 1788 2796 collationem
1813 2731 1910 2818 paulo

257 2850 331 2902 ante
368 2836 454 2901 idem
489 2838 541 2901 vir
575 2847 802 2902 construxerat
837 2834 995 2902 coenobia
1030 2837 1230 2924 fratrumque
1265 2837 1435 2901 decorarat
1470 2836 1669 2923 agminibus,
1704 2839 1737 2902 in
1773 2827 1909 2926 quorum

257 2945 410 3026 maxima,
436 2942 523 3030 quod
542 2942 747 3008 Nonantulae
772 2955 905 3009 actenus
929 2945 1092 3008 vocitatur
1113 2944 1411 3031 monachorumque
1436 2943 1596 3031 prepollet
1618 2944 1811 3031 phalangiis,
1836 2968 1911 3010 cum

211 3079 239 3120 aa
257 3051 453 3116 sanctissimi
477 3050 576 3115 vellet
604 3061 713 3115 arctus
744 3050 917 3137 adquirere
942 3051 1101 3131 Silvestri,
1132 3050 1315 3116 dominicae
1346 3052 1579 3116 incarnationis
1603 3074 1688 3116 anna
1714 3055 1787 3116 753.
1812 3075 1911 3139 supra

257 3157 379 3223 dictum
403 3158 497 3244 petiit
519 3180 640 3243 regem,
674 3156 865 3244 suppliciter
888 3180 1017 3242 rogans,
1048 3168 1084 3223 ut
1114 3181 1214 3223 causa
1244 3160 1399 3223 orationis
1430 3160 1637 3246 maximeque
1668 3159 1763 3223 huius
1787 3161 1909 3244 negotii

256 3287 322 3328 una
345 3286 456 3329 secum
479 3264 617 3330 Romam
641 3265 795 3328 venisset,
841 3264 914 3327 Rex
939 3266 1053 3328 annuit
1076 3277 1108 3329 ct
1132 3263 1234 3330 abbas
1266 3264 1420 3330 fratribus
1450 3268 1587 3353 stipatus
1611 3267 1746 3331 Romam
1777 3264 1910 3330 advenit

256 3370 299 3435 ad
322 3372 428 3436 virum
451 3393 510 3457 per
532 3372 642 3435 onmia
664 3368 886 3435 beatissimum
904 3370 1097 3451 Adrianum,
1122 3373 1177 3458 qui
1201 3383 1278 3436 tunc
1296 3372 1475 3437 Romanam
1499 3384 1532 3437 et
1555 3371 1768 3459 apostolicam
1792 3372 1909 3459 guber-

257 3475 357 3542 nabat
380 3478 584 3542 aecclesiam.
630 3478 662 3542 A
686 3500 749 3565 quo
773 3476 915 3563 benigne
946 3479 1088 3564 susecpti
1120 3491 1194 3543 sunt
1217 3490 1249 3543 ct
1273 3502 1329 3544 eos
1352 3480 1514 3562 thesaura,
1546 3502 1641 3565 quem
1672 3481 1845 3566 petierunt,
1877 3482 1909 3544 iu

211 3613 238 3653 n
256 3584 342 3650 hunc
366 3597 522 3666 tenorem,
547 3586 643 3649 sicuti
666 3584 719 3649 hic
744 3584 871 3670 legitur,
896 3583 1013 3649 ditavit
1044 3585 1137 3666 (1111.
1164 3585 1222 3651 SS.
1250 3612 1310 3651 rer.
1339 3587 1475 3674 Laupab.
1495 3613 1532 3674 p.
1549 3597 1627 3668 567,
1658 3590 1716 3653 ubi
1735 3591 1839 3652 statim
1864 3613 1909 3652 sr-

257 3696 364 3780 quitur
388 3708 486 3758 textus
502 3695 698 3780 pricilcpii).
736 3694 920 3760 11999753.
947 3693 1217 3757 reeensiIanuario
1241 3708 1341 3758 99199
1361 3696 1570 3780 pririlepiunr
1596 3697 1741 3780 quamuis
1764 3698 1908 3781 spruium

257 3801 328 3866 ideo
351 3801 570 3866 adscribamus
593 3825 713 3864 necesse
737 3815 790 3880 cst,
821 3800 907 3885 quod
928 3803 1087 3864 artissime
1110 3801 1252 3864 cohaeret
1275 3825 1342 3864 cum
1367 3802 1466 3864 altero
1489 3801 1661 3887 diplomate
1685 3800 1841 3888 Stephani
1862 3801 1908 3866 II.

253 3932 360 3994 papae
383 3908 482 3973 eidem
506 3910 695 3971 monasterio
714 3931 855 3970 concessa
880 3909 1011 3992 itemque
1033 3910 1155 3992 spurio,
1180 3932 1240 3992 quo
1266 3907 1302 3970 id
1320 3909 1795 3993 9919119919999919999991991
1817 3930 1909 3994 prae·

256 4024 386 4100 ceptum
417 4012 528 4078 domni
558 4013 696 4099 piissimi
726 4013 813 4098 regis
843 4012 991 4094 Aistulfi,
1022 4015 1061 4076 ab
1093 4016 1161 4099 ipso
1192 4013 1341 4077 elnselmo
1371 4015 1480 4078 abbate
1511 4013 1642 4078 Roaiam
1676 4015 1821 4099 elebatum.
1870 4015 1908 4080 In

210 4123 317 4209 rufine
351 4136 453 4185 aretem
488 4122 582 4185 huius
616 4122 749 4185 alterius
777 4120 952 4206 priuilepii
980 4121 1139 4208 loquutur:
1174 4119 1337 4206 Scriptum
1368 4143 1428 4207 per
1457 4143 1587 4184 manuni
1617 4119 1724 4206 Sergii
1739 4114 1781 4185 S.
1807 4121 1844 4185 R.
1869 4122 1908 4186 E.

256 4227 426 4308 scriniarii,
457 4225 634 4291 indictione
659 4226 716 4290 VI.
741 4247 852 4290 mense
876 4224 1038 4290 Ianuario.
1085 4225 1174 4290 Data
1197 4225 1311 4291 Idibus
1334 4227 1479 4291 Ianuarii
1507 4250 1565 4314 per
1589 4251 1719 4292 manum
1743 4229 1908 4292 Anastasii

255 4334 352 4419 primi
372 4334 517 4420 episcopi
541 4333 809 4398 dioecesanorum
834 4344 965 4397 sanctae
991 4332 1309 4420 sedisapostolicae,
1334 4357 1419 4398 9999
1444 4334 1516 4398 Dec
1540 4337 1679 4421 propitio
1703 4335 1908 4421 pontificatus

257 4439 366 4504 damni
391 4440 550 4527 Stephani
574 4441 691 4504 summi
715 4439 877 4527 pontilicis
902 4453 933 4503 ct
957 4439 1150 4504 universalis
1175 4462 1281 4526 papae
1306 4443 1338 4503 in
1363 4442 1581 4505 sacratissima
1607 4440 1684 4505 sede
1708 4438 1796 4505 beati
1820 4441 1908 4505 Petri

257 4546 394 4633 apostoli
418 4548 522 4634 primo
548 4548 732 4629 (Muratori,
758 4547 816 4611 SS.
841 4573 903 4612 rer.
929 4547 1002 4612 Ital.
1028 4547 1056 4626 I,
1080 4553 1113 4626 2,
1138 4556 1222 4628 19ος
1252 4548 1408 4634 rhoffi-E.
1434 4574 1463 4612 n.
1481 4557 1595 4615 2310.

212 4679 239 4719 ss
366 4654 404 4718 In
428 4654 564 4719 editione
580 4655 735 4740 paranda
759 4658 859 4719 secreti
879 4679 986 4718 999999
1010 4668 1133 4734 testum,
1158 4681 1247 4740 quem
1272 4658 1430 4718 constituit
1447 4656 1486 4718 G.
1513 4655 1611 4720 ll'aite
1629 4657 1683 4734 (=
1702 4657 1746 4740 ri)
1774 4658 1805 4720 iu
1830 4671 1909 4720 tonui

256 4764 446 4848 scriptorum
469 4786 573 4826 rerum
599 4761 916 4849 Lanpobamlicor'nm
937 4785 971 4847 p.
988 4769 1125 4846 56799,
1148 4761 1372 4847 9999991999
1401 4776 1502 4826 autem
1536 4765 1657 4826 rarirnn
1690 4765 1847 4828 lectionem
1872 4789 1911 4828 er

259 4871 340 4932 citae
363 4870 511 4934 Ariselmi
538 4869 673 4934 editione
700 4871 850 4955 principi
877 4869 917 4930 ab
947 4868 1074 4955 1191991ίί
1094 4869 1236 4955 corifum
1267 4871 1321 4948 (=
1346 4868 1396 4950 l').
1445 4869 1495 4932 rib
1526 4869 1713 4955 1919111999
1737 4873 1818 4934 eru’rn
1843 4872 1908 4935 eeli-

258 4978 340 5040 tione
370 5000 473 5040 carries
502 4978 588 5041 aliae
612 4975 753 5064 pendent
778 4990 905 5061 praeter
929 4974 1147 5054 ll'uitzianam,
1178 5000 1259 5061 quae
1289 4975 1424 5039 codicem
1454 4976 1711 5040 rVoriarrtulnnum
1742 5003 1821 5041 sace.
1848 4977 1908 5040 XI.

258 5083 414 5163 adhibuit,
439 5086 568 5168 insuper
591 5084 723 5148 alterius
746 5082 866 5147 coelicis
889 5081 1031 5145 lionmni
1052 5082 1254 5146 bibliothecae
1279 5083 1535 5147 Barberiru‘anae
1553 5082 1625 5146 XL.
1651 5093 1694 5150 13
1716 5109 1796 5148 saec.
1814 5083 1883 5147 XV
1883 5083 1908 5151 I.

212 5215 241 5253 ec
258 5188 373 5253 XVII.
400 5193 479 5256 inter
502 5192 689 5255 collectanea
720 5190 861 5276 Upbellii
883 5193 1064 5254 uacationem
1081 5190 1181 5275 j'acit,
1215 5193 1246 5253 in
1278 5214 1338 5275 999
1364 5192 1442 5253 inest
1464 5191 1681 5276 apropraphum
1706 5191 1826 5255 codicis
1850 5217 1909 5254 non

258 5299 422 5361 nominati.

367 5429 461 5487 Edu:
498 5429 615 5506 59199111,
647 5428 734 5486 Italia
756 5449 843 5487 sacra
868 5428 904 5485 II
923 5422 1043 5505 (1647),
1063 5431 1192 5503 p.102,·
1223 5430 1265 5485 ed.
1289 5435 1318 5488 2.
1343 5427 1450 5497 1181.
1499 5428 1646 5498 stabulon,
1671 5431 1743 5486 Acta
1768 5433 1821 5486 ὅδ’.
1846 5432 1909 5488 orel.

260 5535 291 5594 S.
316 5535 463 5594 Benedicti
491 5537 546 5607 IV,
578 5540 606 5606 1,
630 5540 660 5595 5.
717 5536 876 5603 Muratori,
912 5537 965 5592 SS.
996 5555 1054 5592 rer.
1087 5535 1252 5593 Italicarum
1283 5535 1308 5606 1,
1332 5541 1362 5596 2.
1388 5539 1457 5594 1811.
1512 5536 1626 5606 blansi,
1659 5539 1758 5612 Suppl.
1791 5537 1815 5606 1,
1841 5541 1909 5598 601.

261 5642 361 5700 blansi
391 5642 462 5713 XII,
487 5645 558 5702 567.
606 5641 767 5699 Baliarium
796 5642 991 5699 Romanorum
1018 5641 1181 5720 pontificum
1212 5644 1256 5699 ed.
1289 5643 1374 5699 laur.
1407 5643 1431 5712 I,
1455 5646 1526 5702 211.
1576 5643 1689 5719 111999,
1721 5643 1830 5701 Patrol.
1858 5646 1908 5702 lat.

213 5766 241 5804 49
261 5749 432 5819 LXXXIX,
457 5752 545 5808 1019.
595 5747 668 5808 MG.
694 5749 748 5806 SS.
774 5769 832 5805 rer.
860 5748 986 5824 199991).
1011 5751 1083 5806 567.
1116 5779 1158 5788 -
1190 5749 1280 5826 Idea:
1310 5749 1471 5822 deff-E,
1503 5750 1592 5827 11999.
1612 5758 1704 5824 pontt.
1730 5750 1749 5806 I
1769 5771 1796 5808 n.
1816 5755 1909 5812 2309.

259 5855 363 5912 ‘Neues
385 5854 504 5912 Archiv’
529 5855 643 5925 XXIV,
661 5859 732 5915 493.

1629 5974 1696 6029 103*
