4884 6717
724 561 775 617 50.
813 559 1031 617 corcuruli
1053 559 1282 616 PABISIENSE
1305 561 1342 617 A.
1363 560 1437 617 829.
1838 559 1902 621 629

250 750 598 813 auctoritatem
622 749 960 835 episcoporum
985 745 1200 810 concilia
1224 745 1296 810 bis
1320 749 1365 811 in
1388 770 1506 814 anno
1536 772 1623 815 non
1646 750 1903 816 celebran-

251 867 334 920 tur.
383 855 513 920 Officii¹
538 864 587 918 cst
610 854 853 919 ecclesiasticae
877 854 1088 934 auctoritatis,
1112 866 1147 917 ut
1171 853 1327 941 quicquid
1351 856 1485 919 noxium
1508 857 1542 920 in
1569 879 1647 942 agro
1681 868 1814 922 sanctae
1838 859 1903 922 Dei

252 962 410 1028 ecclcsiae
435 963 620 1026 excreverit
642 960 726 1025 falce
751 962 967 1047 aequissimae
999 959 1204 1024 discretionis
1234 971 1370 1042 resecet,
1402 971 1560 1047 quatenus
1591 973 1693 1028 status
1724 965 1826 1051 ipsius
1855 965 1903 1029 iu-

252 1068 426 1134 convulsns
451 1070 626 1154 persistens
650 1081 738 1133 recte
763 1080 795 1131 ct
818 1067 986 1132 inconfuse
1011 1088 1070 1152 per
1092 1067 1253 1130 tramitem
1275 1066 1397 1131 ordinis
1414 1069 1464 1132 sui
1479 1068 1632 1133 incedere
1648 1069 1766 1137 valeat.
1806 1070 1903 1151 Quod

220 1199 325 1243 scum
349 1177 395 1239 ita
418 1176 469 1254 sit,
501 1176 638 1261 inrepsit
667 1175 752 1238 inter
783 1185 902 1254 cetera,
934 1195 1017 1259 quae
1048 1173 1290 1238 ecclesiasticae
1315 1175 1508 1256 auctoritati,
1538 1176 1637 1240 immo
1665 1176 1796 1241 divinae
1827 1200 1902 1243 con·

252 1294 389 1362 tracum,
414 1278 606 1345 miserabilis
630 1303 669 1344 ac
693 1275 876 1366 periculosa
897 1280 1052 1365 temporis
1075 1281 1177 1343 nostri
1200 1280 1411 1360 consuetudo,
1436 1304 1520 1367 quac
1537 1282 1632 1347 valde
1650 1282 1691 1347 ab
1711 1286 1903 1349 auctoritate

254 1390 412 1454 canonica
435 1386 597 1469 abhorret,
629 1409 666 1451 eo
698 1386 786 1473 quod
816 1387 1042 1472 episcoporum
1072 1385 1212 1450 concilia
1241 1384 1292 1449 bis
1322 1387 1357 1450 in
1387 1409 1483 1470 anno,
1514 1390 1598 1453 sicut
1626 1412 1696 1453 mos
1726 1392 1903 1456 canonicus

253 1495 379 1574 docet2,
404 1516 463 1580 per
485 1516 746 1579 unamquamque
770 1495 966 1580 provintiam
989 1515 1054 1556 non
1069 1493 1165 1574 liunt,
1191 1503 1224 1556 et
1239 1490 1281 1556 ob
1298 1493 1332 1557 id
1348 1492 1589 1559 ecclesiasticae
1604 1495 1734 1559 utilitati
1750 1519 1902 1582 magnum

253 1601 458 1688 dispendium
490 1612 522 1664 et
552 1598 787 1687 principalibus
817 1598 950 1677 auribus
985 1598 1127 1663 insolens
1161 1598 1430 1685 impedimentum
1465 1610 1497 1664 et
1530 1600 1704 1666 multorum
1739 1603 1903 1690 inpunitas

209 1710 397 1774 renascitur
420 1706 624 1792 flagitiorum.
664 1706 805 1771 Proinde
829 1704 978 1770 omnibus
1001 1704 1096 1771 nobis
1119 1707 1398 1791 pernecessarium
1413 1707 1520 1771 visum
1544 1718 1602 1788 est,
1627 1719 1662 1772 ut
1685 1708 1727 1773 ab
1743 1710 1903 1796 imperiali

254 1814 444 1879 celsitudine
469 1812 600 1877 libertas
624 1814 778 1898 temporis
800 1812 999 1898 imploretur,
1025 1835 1088 1899 quo
1112 1812 1193 1876 haec
1218 1811 1260 1875 ad
1284 1811 1439 1876 honorem
1454 1813 1520 1877 Dei
1536 1824 1568 1878 et
1583 1814 1754 1880 utilitatem
1771 1829 1903 1882 sanctae

253 1922 319 1986 Dei
343 1919 502 1985 ecclesiae
527 1920 764 2006 multorumque
790 1921 1023 1984 conectionem
1051 1929 1269 2005 congruenter
1299 1918 1517 2005 decenterque
1547 1920 1619 1985 fieri
1649 1924 1774 2008 possint
1803 1936 1844 2003 et,
1876 1925 1904 1987 si

254 2029 335 2093 haec
359 2028 468 2113 aliqua
492 2028 685 2091 necessitate
709 2026 941 2112 praepediente
965 2024 1015 2090 bis
1039 2036 1214 2113 nequeunt,
1239 2024 1345 2089 saltim
1368 2027 1402 2089 in
1425 2050 1509 2090 anno
1534 2027 1634 2092 semel
1656 2029 1746 2095 fiant.
1794 2029 1903 2110 Quon-

253 2136 318 2199 iam
343 2135 370 2197 si
394 2134 475 2198 baec
500 2132 609 2212 semel,
640 2145 675 2196 ut
699 2132 902 2212 dictumest,
934 2133 966 2195 in
998 2154 1083 2196 anno
1107 2154 1166 2218 per
1193 2154 1454 2218 unamquamque
1485 2134 1686 2220 provinciam
1717 2135 1904 2200 caelebrata

210 2268 237 2307 rs
254 2241 383 2321 fuerint,
415 2253 447 2303 et
477 2239 579 2303 honor
608 2238 849 2303 ecclesiasticus
879 2239 966 2302 vires
996 2238 1119 2302 ordinis
1149 2239 1199 2301 sui
1230 2236 1388 2303 obtinebit
1419 2251 1452 2303 et
1480 2240 1673 2326 inpudentia
1701 2243 1903 2329 quorundam

254 2346 466 2434 superborum
492 2345 693 2426 clericorum,
718 2368 780 2432 que
804 2347 925 2433 passim
952 2346 1144 2409 auctoritate
1175 2345 1334 2408 canonica
1363 2344 1489 2410 calcata
1518 2346 1650 2411 auribus
1680 2349 1903 2435 imperialibus

254 2453 434 2519 molestiam
458 2453 576 2537 ingerit
585 2458 606 2532 ³,
631 2451 773 2517 cessabit
796 2464 827 2516 et
851 2454 1014 2538 inpunitas
1030 2451 1232 2515 diversorum
1248 2449 1444 2536 flagitiorum
1459 2451 1565 2517 locum
1583 2453 1789 2538 dilitiscendi,
1806 2479 1902 2542 quem

254 2584 339 2626 nunc
363 2559 471 2638 habet,
496 2583 560 2624 non
583 2558 718 2623 habebit
741 2570 773 2621 et
796 2558 860 2622 alia
882 2558 993 2640 multa,
1017 2580 1101 2644 quae
1125 2568 1260 2623 actenus
1287 2579 1392 2639 secus,
1424 2581 1520 2644 quam
1552 2559 1776 2626 ecclesiastica
1806 2562 1901 2628 disci-
1962 2577 1969 2589 ‘

254 2668 343 2756 plina
367 2667 472 2746 docet,
496 2668 708 2744 incesserunt,
733 2665 878 2730 ordinem
903 2689 995 2729 suurn
1011 2665 1153 2728 Domino
1177 2663 1354 2728 auxiliante
1379 2663 1564 2729 servabunt.
1600 2665 1715 2730 Visum
1739 2668 1901 2754 siquidem

209 2803 237 2842 ro
254 2773 348 2839 nobis
373 2786 404 2838 ct
428 2773 523 2837 valde
546 2773 747 2860 profuturum
772 2784 904 2836 sanctae
928 2772 993 2835 Dei
1017 2771 1176 2836 ccclesiae
1200 2771 1270 2852 fuit,
1301 2781 1345 2852 ut,
1378 2772 1454 2857 quia
1482 2772 1560 2837 ordo
1591 2775 1766 2838 canonicus
1797 2774 1902 2859 docet,

254 2887 307 2945 nt*
331 2892 358 2944 in
382 2891 450 2961 ipsis
473 2889 596 2944 conciliis
619 2889 712 2943 adsint
735 2889 904 2959 praesbiteri
929 2896 958 2944 et
982 2888 1092 2942 diaconi
1117 2895 1147 2942 et
1169 2904 1276 2954 omnes,
1308 2889 1356 2959 qui
1380 2907 1410 2942 se
1434 2888 1527 2942 laesos
1551 2890 1722 2956 existimant,
1748 2899 1778 2945 et
1802 2893 1904 2962 synodi

255 2998 437 3068 experiantur
460 3013 588 3062 exarnen,
612 2999 647 3049 ut
670 2985 778 3048 adsint
801 2986 898 3049 ctiam
921 2985 1173 3071 uniuscuiusque
1198 2985 1342 3070 episcopi
1368 2985 1485 3050 eruditi
1508 2986 1581 3066 viri,
1612 3009 1692 3072 qnos
1716 2987 1757 3051 ad
1782 2987 1904 3054 Christi

255 3094 399 3158 militiam
425 3095 558 3178 eiusque
584 3091 742 3156 ecclcsiae
767 3092 921 3155 honorem
944 3092 1179 3176 utilitatemque
1196 3103 1380 3176 praeparat,
1397 3102 1556 3177 quatenus
1573 3105 1605 3155 et
1621 3094 1738 3157 ceteris
1755 3095 1903 3160 ecclesiis

254 3203 321 3265 noti
346 3202 409 3264 sint
433 3212 465 3263 ct
489 3198 629 3264 studium
655 3221 692 3262 ac
716 3198 921 3284 providentia
945 3199 1090 3284 episcopi
1114 3197 1156 3260 ad
1180 3196 1316 3262 aliorum
1340 3189 1526 3284 exemplum
1548 3200 1722 3264 manifesta
1744 3201 1832 3266 fiant.

209 3372 237 3412 ‚a
363 3338 1903 3428 Cap.XXl'll.Ut⁵corepiscopimodummensurae,quiinsacris

255 3447 522 3515 canonibus
554 3447 777 3533 prefixus
808 3457 899 3526 est,
924 3469 1010 3509 non
1042 3445 1291 3510 excedant.
1334 3447 1515 3533 Episcopus
1540 3447 1645 3512 locum
1675 3450 1903 3536 apostolorum,

255 3557 482 3642 corepiscopos
513 3566 621 3618 autom
653 3552 838 3639 exemplum
869 3565 901 3616 ct
930 3553 1066 3616 fomlam
1094 3564 1204 3616 tenere
1236 3555 1442 3639 septuaginta
1471 3553 1720 3641 discipulorum,
1756 3567 1788 3620 et
1821 3556 1905 3622 liber

256 3677 385 3728 actuum
416 3662 633 3748 apostolorum
669 3671 700 3724 et
735 3661 892 3725 canonica
927 3660 1101 3723 auctoritas
1137 3672 1249 3745 aperte
1288 3659 1496 3724 domonstrat.
1556 3661 1639 3726 Cum
1674 3661 1754 3726 haec
1790 3664 1835 3728 ita
1869 3685 1904 3728 se

255 3768 405 3848 habeant,
431 3769 562 3833 emersit
586 3767 718 3853 quidam
743 3765 1007 3853 reprehensibilis
1032 3779 1064 3829 ot
1087 3765 1183 3830 valde
1211 3768 1275 3830 iam
1306 3765 1436 3830 inolitus
1467 3791 1554 3850 usus,
1586 3791 1624 3832 eo
1655 3767 1742 3854 quod
1772 3769 1905 3855 quidam

211 3907 238 3946 ro
257 3878 458 3963 corepiscopi
483 3875 567 3939 ultra
589 3875 721 3938 modum
745 3899 838 3939 suum
862 3873 1108 3960 progredientes
1132 3885 1163 3935 et
1180 3873 1300 3936 donum
1317 3874 1419 3937 sancti
1437 3873 1576 3961 Spiritus
1592 3897 1651 3961 per
1666 3877 1904 3962 impositionem

256 4006 409 4047 manuum
434 3982 563 4046 tradant
586 3993 619 4045 ct
642 3982 705 4044 alin
730 4003 889 4067 quaeque,
915 4003 997 4066 quae
1022 3979 1098 4042 solis
1121 3977 1330 4065 pontificibus
1354 3978 1524 4062 debentur,
1542 3993 1654 4046 eontra
1672 3982 1720 4045 fas
1738 3996 1904 4068 peragant,

256 4090 447 4177 pracsertim
472 4112 545 4153 cum
569 4087 675 4152 nullus
700 4111 740 4150 ex
765 4088 971 4174 septuaginta
995 4086 1171 4173 discipulis,
1204 4109 1340 4171 qnorum
1371 4089 1513 4173 speciem
1544 4088 1577 4151 in
1608 4089 1748 4153 ecclesia
1777 4101 1903 4174 gcnmt,
1923 4116 2054 4168 nmero,

258 4196 385 4282 legatur
408 4195 528 4260 donum
552 4197 654 4260 sancti
680 4195 819 4281 Spiritus
843 4218 901 4281 per
923 4218 1038 4258 manus
1061 4195 1299 4280 impositionem
1322 4194 1506 4258 tradidisse.
1561 4194 1658 4274 Quod
1689 4205 1795 4260 nutem
1827 4195 1903 4260 solis
1959 4173 2025 4218 ΜΨ

258 4302 410 4391 apostolis
442 4326 616 4388 eorumque
648 4300 891 4366 successoribus
925 4302 1048 4387 proprii
1083 4301 1124 4363 sit
1154 4300 1253 4363 officii
1289 4299 1416 4363 tradere
1448 4300 1603 4387 Spiritum
1634 4314 1791 4385 sanctum,
1822 4301 1904 4367 liber

213 4439 240 4478 rs
258 4425 388 4475 actuum
412 4409 629 4497 apostolorum
654 4409 758 4488 docet,
783 4410 815 4471 in
840 4431 903 4492 quo
928 4407 1060 4492 legitur:
1090 4407 1165 4471 Cnm
1191 4408 1308 4492 Apollo
1332 4423 1408 4470 esser
1435 4409 1588 4488 (nortun,
1619 4424 1647 4473 ct
1668 4409 1790 4474 Paulus
1808 4435 1903 4496 pero·
1923 4435 2084 4485 aserai-s.

255 4521 358 4606 protes
380 4520 597 4604 serpere'orc'bna
617 4519 763 4603 portibus
789 4519 905 4579 rcnr'rct
926 4515 1084 4600 Epicurus
1110 4529 1136 4576 ct
1168 4516 1321 4577 r'nrcne'rat
1349 4515 1501 4599 annm'nm
1533 4515 1718 4601 drimipnlos,
1749 4517 1832 4581 darn
1861 4517 1907 4580 ad

259 4648 328 4690 eos:
353 4625 393 4688 Se·
415 4624 571 4710 Spiritum
600 4638 738 4686 arrnctnrn
764 4624 930 4707 accepistis
953 4622 1133 4684 credentes!
1179 4620 1221 4682 Et
1246 4621 1300 4683 r‘llr'
1321 4620 1469 4684 ‹lr'rerunt
1491 4621 1536 4684 ad
1554 4646 1640 4684 cerm:
1668 4623 1734 4686 Sed
1756 4649 1852 4708 ncqnc
1874 4626 1908 4687 ai

260 4733 400 4818 Spiritus
434 4745 558 4794 annctns
588 4745 647 4809 ent,
678 4730 868 4792 nrrclr'rr‘mns.
928 4727 989 4792 Ille
1023 4753 1095 4790 cero
1129 4729 1193 4790 air:
1228 4725 1268 4788 In
1302 4753 1362 4812 qno
1397 4752 1468 4814 erpo
1504 4729 1656 4813 baptisati
1687 4732 1783 4793 eatis!
1841 4731 1908 4807 Qui

259 4839 423 4902 dixerunt:
454 4837 491 4899 ln
517 4837 669 4900 Iohannis
700 4838 891 4921 baptismate.
947 4835 1043 4898 Ilire't
1072 4849 1171 4897 ornem
1196 4833 1333 4897 Paulus:
1367 4834 1522 4898 Iohannes
1552 4835 1722 4920 buprtr'znrr't
1751 4838 1904 4922 baptismo

211 5103 240 5142 to
365 5091 463 5140 XXVI.
492 5091 680 5140 derorererit
699 5088 725 5138 Γ.
781 5083 860 5150 falce]
880 5086 961 5137 facile
980 5087 1007 5146 Γ,
1027 5087 1107 5137 facilc
1127 5106 1190 5137 corr.
1202 5088 1237 5138 ol.
1250 5105 1317 5138 naun.
1337 5087 1407 5137 falce
1428 5086 1458 5138 P.
1514 5090 1684 5154 Sproriutia
1703 5089 1730 5138 Γ.
1787 5093 1816 5139 ll
1839 5085 1904 5154 quo]

258 5180 329 5244 quod
350 5179 378 5226 Γ.
453 5181 484 5229 12
504 5178 619 5228 eclesiae
640 5178 666 5227 Γ.
740 5181 773 5227 20
793 5176 909 5226 eclesiae
930 5177 957 5225 Γ.
1030 5179 1062 5225 24
1083 5177 1129 5225 lint
1149 5176 1175 5224 Γ.
1196 5176 1226 5226 Ρ.

365 5268 479 5317 XXVH.
515 5270 548 5317 32
574 5261 758 5332 septuaginta]
786 5266 859 5314 Lxx
886 5265 917 5314 P.
1008 5273 1106 5328 gerunt
1134 5261 1249 5328 legatur]
1275 5265 1431 5330 gerlegatur
1456 5265 1483 5313 Γ.
1575 5267 1608 5314 36
1634 5268 1757 5332 partibus
1782 5267 1849 5318 deest
1873 5267 1903 5318 P.

259 5359 413 5424 proesunr
434 5357 463 5406 Ρ.
537 5356 655 5420 dixitque
676 5355 702 5403 l'.
723 5355 753 5404 P.
827 5357 859 5402 39
880 5355 910 5403 ln
929 5354 994 5404 deest
1014 5354 1044 5403 P.

369 5591 397 5658 1)
424 5590 472 5661 Cf.
496 5591 580 5661 infra
604 5590 648 5645 lit.
673 5589 726 5646 ΙΙΙ
744 5593 838 5656 c.11;
863 5609 888 5644 r.
912 5587 993 5644 ctiam
1017 5607 1106 5662 snpra
1125 5609 1158 5662 p.
1175 5591 1236 5646 594
1261 5608 1283 5643 c.
1302 5590 1328 5646 1.
1406 5587 1436 5656 2)
1463 5587 1511 5658 (J.
1537 5587 1680 5645 concilium
1704 5588 1905 5647 Antiochenam

212 5718 240 5758 tn
259 5717 283 5754 c.
306 5701 365 5766 20‚·
391 5697 490 5754 Mauri
512 5696 552 5764 II,
578 5699 665 5755 1326.
715 5695 866 5753 Concilium
892 5695 1117 5751 t'talcedonense
1141 5715 1163 5750 c.
1188 5698 1245 5762 195
1269 5695 1287 5749 l.
1311 5695 1330 5750 l.
1354 5694 1548 5770 V1L37asq.
1630 5695 1660 5764 3)
1687 5695 1735 5767 Os.
1760 5695 1904 5753 conscilium

259 5803 459 5860 Antiochenam
491 5823 514 5858 c.
540 5806 593 5870 11;
627 5805 646 5858 I.
671 5804 689 5857 l.
715 5802 753 5871 H,
780 5806 868 5860 1323.
983 5803 1013 5869 4)
1046 5801 1096 5857 Ex
1120 5800 1229 5857 concilii
1251 5799 1418 5857 Antiocheni
1439 5820 1547 5858 canone
1569 5805 1627 5872 20,
1662 5803 1680 5858 l.
1705 5805 1723 5859 l.
1748 5801 1788 5873 II,
1814 5805 1903 5862 1326.

259 5909 291 5978 5)
317 5907 385 5966 Cum
410 5918 574 5986 argumento
597 5918 622 5965 et
644 5908 704 5984 ipso
728 5908 849 5983 capitulo
872 5909 913 5980 cs.
937 5908 1037 5964 relatio
1060 5907 1251 5982 opncopornnr
1275 5927 1299 5963 c.
1317 5913 1352 5976 9;
1375 5908 1394 5963 l.
1419 5907 1436 5963 l.
1462 5907 1502 5977 H,
1519 5911 1567 5968 32.
