4884 6717
523 498 588 561 800
943 506 996 562 61.
1032 505 1252 564 CONCILIUM
1274 506 1595 564 INGELHElMENSE
1619 508 1656 563 Α.
1677 506 1752 564 840.

628 699 766 792 Omnes
789 726 936 793 homines
959 729 1088 814 imperii
1111 727 1206 792 huius
1230 741 1263 792 et
1284 727 1370 792 ultra
1393 729 1501 793 sciunt
1523 729 1557 792 in
1579 731 1728 810 veritate,
1759 739 1881 814 quanta
1906 728 1993 793 mala
2015 750 2074 815 pro
2097 750 2172 813 pec·

522 835 603 899 catis
625 835 745 899 nostris
768 845 942 899 crevenmt
964 836 998 897 in
1021 836 1083 899 isto
1106 847 1216 899 nostro
1240 846 1397 920 tempore,
1420 836 1467 899 ita
1483 847 1518 899 ut
1532 834 1640 899 nullus
1655 846 1839 900 remaneret
1853 857 1980 921 pauper
1994 857 2057 899 nec
2079 834 2173 898 dives

521 941 628 1020 bomo,
652 963 749 1026 quem
772 942 844 1026 ipsa
867 963 932 1004 non
963 939 1125 1026 affligeret
1147 941 1361 1027 perturbatio.
1399 940 1530 1005 Diuites
1552 940 1677 1005 nnllam
1699 939 1884 1006 habuerunt
1906 942 2063 1027 requiem,
2093 964 2172 1027 pau-

522 1070 617 1135 peres
640 1045 775 1111 multam
797 1048 886 1134 passi
918 1061 992 1111 sunt
1022 1050 1278 1134 oppressionem,
1308 1049 1342 1111 in
1372 1047 1526 1133 orphanis
1550 1061 1582 1112 et
1604 1047 1713 1112 viduis
1743 1046 1832 1111 nulla
1854 1047 1917 1111 fuit
1937 1047 2172 1118 misericordia,

521 1157 556 1218 in
579 1152 727 1218 ecclesiis
757 1175 836 1217 vero
860 1152 1072 1240 plurimisque
1103 1154 1175 1218 aliis
1205 1154 1287 1218 loeis
1313 1165 1501 1240 perpetrata
1523 1167 1599 1218 suut
1621 1153 1798 1219 homicidia
1820 1153 1986 1240 multaque
2009 1153 2210 1232 incendias

522 1274 555 1326 et
578 1262 625 1325 aie
648 1283 668 1324 a
690 1258 800 1324 multis
823 1259 940 1325 diebus
962 1262 1020 1323 vix
1042 1259 1109 1325 ullo
1132 1260 1204 1324 loco
1228 1260 1458 1325 dominationis
1481 1261 1577 1327 buius
1599 1283 1680 1326 vera
1702 1273 1833 1325 servata
1855 1271 1905 1324 est
1931 1262 2064 1342 iustitia,
2095 1260 2173 1324 dum

522 1368 679 1432 rarissimi
702 1377 777 1432 sunt
800 1368 857 1453 qui
879 1366 921 1430 de
946 1365 1133 1431 Christiana
1155 1390 1238 1453 pace
1262 1367 1361 1432 ullam
1383 1366 1542 1433 haberent
1564 1392 1677 1433 curam
1692 1381 1749 1433 aut
1763 1368 1977 1433 ecclesiarum
1993 1369 2058 1432 Dei
2080 1389 2173 1431 reve·

521 1476 670 1540 rentiam.
716 1474 855 1560 Propter
877 1473 965 1560 qnod
988 1473 1136 1538 etmulti
1158 1485 1308 1561 potentes
1331 1474 1460 1562 expulsi
1482 1487 1558 1539 sunt
1580 1475 1621 1540 de
1644 1476 1760 1562 patria,
1790 1476 1936 1562 episcopi
1959 1497 2039 1538 vero
2062 1474 2174 1538 etalii

522 1581 709 1646 sacerdotes
733 1582 823 1646 missi
846 1582 880 1644 in
903 1580 1003 1645 exilio
1026 1593 1124 1667 atque
1148 1581 1306 1662 custodia,
1330 1581 1417 1646 unde
1440 1594 1474 1646 et
1495 1581 1636 1668 plurima
1658 1583 1693 1646 in
1715 1581 1873 1668 religione
1891 1580 2078 1645 Christiana
2100 1604 2173 1666 per-

523 1703 651 1776 petrata
674 1700 749 1752 suut
772 1686 906 1752 scelera
942 1687 1029 1752 Hinc
1053 1689 1153 1773 igitur
1174 1699 1309 1752 exortae
1332 1701 1408 1752 sunt
1430 1690 1515 1752 inter
1536 1689 1702 1774 principes
1724 1690 1804 1770 irae,
1826 1690 1931 1770 rixae,
1954 1687 2174 1752 dissensiones
2193 1715 2219 1753 ro

394 1820 502 1868 raus.
523 1809 621 1882 atque
638 1794 787 1870 insidiae,
811 1796 895 1858 sicut
919 1796 1076 1880 scriptum
1092 1808 1141 1858 est
1157 1794 1198 1857 de
1214 1795 1305 1880 ipsis,
1329 1799 1389 1881 qui
1409 1797 1579 1882 loquuntur
1596 1821 1711 1882 pacem
1733 1821 1803 1860 curu
1822 1799 1973 1882 proximo
1995 1819 2064 1874 suo,
2087 1796 2173 1858 moda

522 1920 623 1968 utitem
649 1906 681 1966 iu
705 1902 854 1966 cordibus
876 1927 992 1966 eontna
1028 1901 1081 1965 De
1106 1900 1225 1987 quibus
1248 1912 1281 1964 et
1303 1899 1457 1965 terribilis
1480 1900 1536 1965 illa
1559 1901 1716 1966 divinitus
1738 1903 1968 1988 praenuntiata
1991 1903 2056 1964 iam
2078 1902 2174 1986 quasi

345 2033 506 2082 assumat
523 2021 638 2096 regnat
667 2009 808 2088 miseria,
839 2006 968 2072 dicente
992 2007 1134 2072 Domino
1164 2007 1205 2072 de
1230 2009 1407 2071 novissimo
1430 2031 1470 2072 ac
1493 2009 1639 2093 perituro
1662 2009 1724 2073 lroc
1747 2007 1895 2073 saeculo:
1931 2007 2050 2072 Tradet
2071 2021 2173 2071 autem

522 2120 628 2202 frater
644 2118 786 2202 fratrem
813 2118 845 2178 iu
871 2131 996 2180 mortem
1020 2130 1049 2180 et
1064 2131 1160 2202 puter
1175 2116 1286 2202 filium
1311 2130 1339 2179 et
1362 2119 1523 2202 t'usurpeut
1536 2116 1612 2202 filu·
1632 2118 1667 2179 in
1683 2130 1844 2203 putentes,
1867 2137 1906 2178 ac
1930 2127 2041 2178 cetera
2063 2113 2172 2178 formi-

523 2221 632 2286 danda
656 2243 805 2307 quaeque
829 2243 889 2284 rex
912 2244 1027 2306 regum
1047 2233 1080 2285 et
1102 2221 1265 2285 Dominus
1289 2219 1523 2285 dominantium
1540 2220 1582 2284 de
1597 2221 1693 2284 ruina
1707 2222 1811 2306 iniqui
1827 2220 1939 2285 mundi
1954 2221 2173 2306 praenuntiat,
2194 2247 2218 2287 u

399 2355 504 2402 tract
523 2343 558 2394 ut
589 2351 700 2392 omnes
729 2326 843 2390 fideles
874 2349 949 2390 suos
980 2326 1022 2391 ab
1053 2350 1163 2392 amore
1193 2327 1359 2391 mundano
1382 2329 1548 2413 reprimat,
1579 2328 1657 2413 quia
1679 2329 1836 2413 scriptum
1860 2341 1926 2390 est:
1960 2327 2027 2405 Qui
2052 2330 2176 2391 nautius

515 2439 626 2524 fuerit
654 2435 748 2498 hierita
780 2435 900 2512 oriundi,
933 2438 1081 2498 iuimicus
1104 2435 1171 2499 Der·
1198 2436 1403 2521 reputabitur.
1451 2431 1579 2513 Quibus
1602 2457 1680 2518 ergo
1703 2435 1886 2520 prospectis
1908 2432 2059 2497 omnibus
2080 2456 2174 2519 prae·

523 2541 669 2606 sentibus
691 2540 845 2628 periculis
870 2539 996 2604 scilicet
1017 2540 1072 2604 rel
1094 2543 1236 2604 aeternis
1260 2562 1372 2605 omnes
1401 2538 1515 2603 fideles
1538 2539 1593 2603 vel
1619 2541 1742 2604 amicos
1764 2540 1831 2604 Dei
1854 2553 1887 2603 et
1909 2542 2052 2604 maxime
2076 2542 2174 2604 caris

526 2651 625 2712 simos
648 2670 739 2711 meos
763 2647 885 2711 suadeo
910 2661 942 2711 et
964 2647 1085 2718 hortor,
1116 2659 1162 2718 ut,
1186 2648 1214 2710 si
1238 2669 1303 2710 non
1325 2645 1451 2724 melius,
1474 2659 1595 2714 tamen.
1620 2648 1705 2711 sicut
1734 2669 1796 2732 ego
1818 2645 1938 2711 talibus
1960 2648 1995 2710 in
2017 2647 2175 2731 angustiis

524 2753 704 2819 secundum
728 2754 898 2818 consilium
922 2765 1107 2817 sanctarum
1130 2754 1365 2839 scripturarum
1388 2754 1462 2832 feci,
1485 2755 1532 2817 ita
1556 2767 1590 2816 et
1614 2756 1839 2840 unusquisque
1863 2755 1897 2816 in
1912 2750 2174 2817 uibuufionibus
2193 2781 2220 2819 aa

525 2862 633 2926 faeere
664 2884 729 2925 non
758 2859 914 2946 negligat,
948 2873 985 2924 ut
1019 2883 1114 2925 omne
1146 2860 1267 2923 malum
1296 2883 1357 2946 pro
1386 2862 1532 2946 peccatis
1562 2861 1681 2924 nostris
1712 2859 1867 2923 divinitus
1896 2862 2092 2946 promissum
2121 2858 2173 2922 vel

525 2985 689 3033 osteruum
720 2966 782 3031 sibi
806 2967 1004 3054 poenitendo
1028 2979 1196 3031 convertat
1219 2968 1254 3030 in
1275 2965 1407 3036 bouum,
1437 2989 1479 3030 ne
1510 2968 1595 3031 sicut
1624 2965 1741 3030 stultus
1771 2989 1811 3030 ac
1834 2965 1993 3053 reprobus
2016 2965 2175 3030 obdurato

525 3075 624 3140 corde
654 3076 739 3138 inter
766 3074 878 3137 divina
906 3073 1037 3160 flagella
1066 3072 1299 3137 murmurando
1328 3085 1452 3159 pereat,
1487 3073 1546 3136 sed
1575 3074 1680 3158 magis
1710 3087 1923 3159 compunctus
1951 3074 2175 3136 remissionem

385 3207 506 3252 rasam
525 3195 734 3269 peccatorum
750 3179 912 3267 adquirat,
936 3181 1013 3266 quia
1029 3181 1184 3265 scriptum
1201 3197 1267 3243 est:
1296 3179 1469 3244 Contrinuu
1493 3205 1548 3243 cor
1562 3195 1592 3244 et
1605 3181 1806 3244 hostiliorum
1823 3180 1910 3244 Deua
1930 3205 1991 3244 uon
2015 3180 2176 3266 despiciet,

348 3296 508 3390 ⁸131}st
526 3301 558 3352 et
581 3290 715 3351 iterum:
746 3287 830 3351 ,tuo
861 3303 986 3352 utonem
1009 3291 1194 3373 peccatoris.
1223 3287 1282 3350 sed
1311 3301 1343 3349 ut
1364 3302 1561 3350 concertatur
1583 3302 1613 3350 et
1634 3291 1730 3366 rt'sut,
1759 3301 1793 3350 et
1811 3309 1876 3349 nou
1898 3288 1983 3349 sicut
2006 3286 2047 3350 de
2071 3285 2176 3350 stultis
2193 3311 2222 3350 aa

351 3379 505 3464 tmtiat
525 3409 558 3459 et
581 3393 729 3480 reprobis
753 3393 875 3457 dictum
892 3407 941 3456 est
957 3392 1023 3460 fist,
1047 3393 1176 3456 dicente
1192 3392 1352 3455 Domino:
1376 3391 1528 3457 Percussi
1547 3418 1598 3457 eos
1620 3408 1650 3457 et
1671 3419 1732 3457 nou
1755 3408 1936 3479 receperunt
1957 3394 2175 3480 disciplinam.

526 3501 623 3566 Felix
645 3503 758 3587 ntique
782 3499 877 3563 homo
901 3498 955 3562 ille
979 3511 1119 3576 notatur,
1144 3521 1240 3585 quem
1258 3499 1350 3562 Deus
1366 3499 1400 3562 irr
1415 3497 1477 3562 hac
1493 3500 1562 3562 rita
1578 3501 1738 3584 castigare
1755 3498 1918 3584 dignatur.
1941 3523 1983 3563 ne
1998 3499 2176 3563 maioribus

368 3632 507 3676 neseiat
526 3610 640 3695 poenis
664 3620 811 3670 servatus
835 3607 869 3669 in
892 3606 1000 3669 futuro
1024 3607 1211 3690 castigetur.
1236 3606 1398 3691 scriptura
1420 3617 1605 3672 attestante.
1635 3628 1720 3691 quae
1747 3607 1808 3669 ait:
1842 3606 1938 3683 Quem
1961 3610 2045 3670 eninr
2069 3606 2179 3694 dilryit

527 3717 614 3779 Deus
645 3717 790 3801 corripit.
812 3714 961 3800 ,depellat
989 3730 1088 3777 utitem
1121 3739 1239 3776 trrrtueut
1263 3715 1385 3798 pilium.
1416 3739 1505 3798 quem
1537 3717 1661 3800 recipit.
1691 3712 1769 3776 dum
1798 3714 1831 3776 in
1855 3711 2056 3776 abundantia
2078 3723 2176 3799 atque

527 3823 701 3884 securitate
725 3820 826 3883 multa
849 3841 946 3904 saepe
977 3821 1080 3882 oritur
1102 3819 1236 3884 malitia.
1266 3818 1300 3881 id
1327 3835 1376 3882 est
1397 3820 1505 3882 inanis
1528 3819 1644 3905 duria,
1674 3819 1837 3905 superbia,
1868 3821 2017 3888 avaritia.
2047 3818 2175 3886 levitas,
2193 3846 2223 3886 aa

526 3929 666 3995 vanitas.
690 3924 842 3998 ebrietas,
865 3925 951 4011 gula.
976 3924 1110 4012 crapula
1132 3926 1352 4011 universaque
1375 3927 1578 3989 miseriarum
1601 3948 1734 4010 genera.
1757 3949 1841 4012 quae
1864 3927 1899 3989 in
1921 3939 2067 4013 tempore
2089 3924 2176 3989 bono

528 4057 687 4099 conversa
717 4035 752 4097 in
782 4031 897 4096 melius
927 4032 1023 4096 homo
1054 4031 1116 4095 sibi
1147 4045 1274 4118 poterat
1303 4031 1475 4118 adquirere
1505 4035 1704 4118 sempiterna
1726 4032 1858 4117 gaudia,
1885 4032 1972 4096 unde
1996 4032 2177 4096 desidiosus

527 4155 671 4205 meretur
700 4153 840 4203 tartarea
863 4153 1034 4202 tormenta.
1081 4136 1276 4202 Camalibus
1299 4140 1420 4202 etenim
1442 4137 1715 4203 delectationibus
1737 4138 1922 4224 neglegitur
1942 4162 2034 4203 amor
2056 4139 2122 4203 Dei
2144 4154 2177 4202 et

406 4271 509 4314 nata.
529 4247 720 4311 accenditur
742 4269 834 4309 auror
856 4245 979 4312 mundi.
1003 4246 1096 4308 cuins
1119 4246 1338 4309 testimouium
1362 4244 1512 4331 perhibet
1536 4246 1697 4309 Dominus
1720 4245 1849 4309 dicens:
1883 4247 1967 4323 Qua
1990 4271 2086 4333 opera
2110 4250 2178 4310 eiua

362 4379 510 4422 unsara
531 4356 614 4417 attalo
638 4370 727 4418 suut:
755 4350 843 4415 unde
874 4365 906 4414 et
929 4350 1086 4415 diuitibus
1110 4353 1272 4437 scriptura
1294 4354 1510 4438 praecipitur:
1541 4353 1648 4416 Nolite
1679 4352 1814 4440 dilrpere
1837 4354 1986 4416 mundun
2010 4378 2107 4439 aeque
2129 4379 2177 4420 eu.
2194 4378 2223 4417 a

529 4487 607 4547 pune
635 4465 665 4524 ia
692 4460 805 4522 raritudo
829 4475 909 4536 aurit,
933 4462 1021 4544 quin,
1050 4462 1084 4522 si
1104 4462 1175 4543 pru’a
1198 4459 1309 4546 dilipr't
1331 4461 1491 4539 stutendum,
1515 4485 1574 4522 nuru
1598 4475 1643 4523 est
1664 4463 1784 4522 currina
1801 4463 1909 4546 putria
1933 4463 1965 4523 t'tr
1988 4485 2033 4524 eo.
2078 4461 2176 4522 Ama·

529 4582 616 4630 tores
640 4568 761 4652 quippe
789 4565 901 4629 mundi
928 4587 1105 4650 omnesque
1135 4564 1356 4628 adsentientes
1385 4567 1427 4634 ei,
1458 4567 1520 4629 uisi
1549 4567 1782 4652 poenitentiam
1812 4567 1949 4650 egerint,
1979 4588 2045 4630 non
2074 4565 2177 4630 solum

529 4675 645 4737 metito
669 4672 882 4756 flagellantur,
907 4671 965 4734 sed
989 4673 1087 4734 etiam
1105 4670 1303 4735 damnantur
1318 4674 1444 4758 pariter
1461 4695 1534 4736 cnm
1551 4671 1683 4740 mundo.
1705 4671 1793 4735 unde
1808 4689 1841 4735 et
1856 4687 1988 4735 sanctus
2002 4671 2177 4758 apostolus,

355 4806 512 4850 meua.
529 4780 591 4844 boc
611 4779 789 4866 perietdum
806 4780 840 4842 in
857 4776 1120 4841 tribulationibus
1136 4801 1268 4856 cavens,
1292 4777 1527 4843 contribulibus
1544 4781 1611 4842 suis
1626 4778 1722 4842 dicit:
1750 4778 1827 4842 Cum
1843 4795 1944 4842 natent
1959 4781 2178 4867 ‘depellerem

530 4915 549 4952 α
574 4889 711 4950 Dorur'no
735 4890 940 4972 corripimur.
972 4911 1006 4948 ue
1037 4911 1104 4948 curu
1137 4886 1193 4948 luc
1226 4887 1340 4948 tuendo
1368 4887 1563 4948 damnentur.
1609 4883 1768 4949 Cavenda
1789 4897 1839 4949 est
1861 4908 1941 4970 ergo
1963 4887 1998 4949 in
2020 4887 2178 4972 angustiis
2195 4911 2224 4950 at

530 4994 741 5057 murmuratio
765 5007 796 5055 et
820 4991 992 5054 obduratio
1016 4990 1135 5056 cordis,
1160 4993 1237 5077 quia
1260 4990 1387 5055 dnobus
1409 4991 1515 5054 modis
1534 5005 1754 5077 contemptum
1770 5015 1863 5056 suum
1878 4991 2018 5077 flagellis
2033 4992 2179 5056 vindicat

531 5101 644 5164 divina
665 5101 726 5166 vis,
749 5096 784 5161 id
809 5115 857 5161 est
881 5098 957 5161 duur
982 5117 1211 5185 compunctum
1242 5109 1275 5161 et
1298 5099 1516 5184 poenitentem
1539 5097 1677 5183 flagellis
1700 5100 1849 5183 castigat.
1878 5114 1913 5163 ut
1943 5098 1986 5162 ad
2010 5099 2178 5164 meliorent

531 5209 631 5271 vitam
654 5206 800 5272 revehat.
831 5228 1021 5291 perversum
1048 5221 1157 5268 autem
1182 5223 1213 5267 et
1237 5227 1296 5268 sua
1318 5206 1354 5267 in
1376 5205 1543 5290 impietate
1565 5222 1809 5290 permanentem
1832 5206 1881 5269 sic
1904 5207 2040 5276 cruciat.
2062 5221 2098 5271 ut
2119 5205 2178 5270 dn·

531 5313 609 5400 plici
632 5313 717 5377 malo
741 5312 869 5397 dignus
901 5313 998 5375 etiam
1022 5313 1135 5397 poenis
1159 5310 1372 5375 infernalibus
1394 5311 1532 5375 traditus
1555 5314 1625 5376 sine
1647 5312 1712 5376 fine
1734 5313 1849 5398 peiora
1870 5315 2000 5392 sentiat,
2028 5312 2179 5399 eoquod

533 5422 588 5506 qui
611 5422 645 5483 in
668 5435 815 5505 tempore
839 5417 924 5482 bono
948 5417 1051 5481 noluit
1074 5417 1267 5502 intelligere.
1290 5429 1325 5481 ut
1348 5417 1432 5482 bene
1456 5433 1580 5503 ageret,
1603 5418 1717 5482 saltem
1740 5421 1775 5482 in
1789 5433 1936 5506 tempore
1950 5419 2037 5484 malo
2051 5442 2179 5485 conee-
2196 5444 2226 5484 a

532 5525 674 5590 tionibus
705 5525 824 5589 divinis
854 5524 1092 5611 adquiesceret.
1122 5547 1163 5588 ne
1195 5525 1318 5611 duplici
1347 5524 1555 5589 damnatione
1584 5527 1748 5612 praesenti
1774 5540 1807 5590 et
1817 5541 1965 5606 ‚aeterna
1992 5527 2085 5591 fieret
2106 5549 2179 5614 per·

642 5785 654 5832 l
676 5775 787 5843 [buce]
815 5779 990 5845 Spmm'ttit
1008 5781 1095 5829 lenm
1113 5798 1129 5828 a
1151 5779 1393 5843 Sintodfoetaroe
1413 5779 1569 5829 waima.
1593 5780 1697 5829 Ebuttia
1721 5780 1922 5846 archiepiscopi
1946 5780 1981 5830 da
2005 5782 2179 5832 mititiam

534 5889 591 5921 m
667 5873 696 5920 11
717 5868 787 5919 mre
808 5869 837 5920 s.
911 5869 1056 5920 ttius,
1130 5863 1534 5934 εςιιιιιμιωῑιιμριιιε.
1607 5869 1838 5933 requietus,
