4884 6717
748 547 800 604 50.
837 547 1055 605 CONCILIUM
1077 546 1305 604 PARISIENSE
1329 549 1366 603 A.
1387 547 1461 604 829.
1866 543 1930 605 679

279 767 316 806 ea
332 742 454 828 filium,
485 764 592 803 nonten
623 763 714 801 sunm
737 740 889 823 inponens
912 738 952 815 ei,
983 761 1072 822 quem
1102 738 1142 800 ab
1168 737 1310 822 infantia
1334 738 1441 800 timere
1466 737 1567 800 Deum
1596 737 1703 802 docuit
1724 752 1752 803 et
1775 738 1930 802 abstinere
1949 763 2093 814 rounam.

280 850 319 912 ab
343 849 432 911 omni
448 860 584 933 peccato.
632 843 714 907 Item
737 841 824 906 idem
847 841 1026 928 adloquens
1050 841 1189 906 eundem
1213 841 1315 906 filium
1339 865 1448 906 suum:
1484 842 1646 923 Omnibus,
1673 844 1789 930 inquit,
1821 845 1931 909 diebus
1950 870 1980 910 ιι.
1989 871 2009 919 ι,
2018 870 2079 909 s-s.

280 957 363 1018 vitae
386 968 455 1018 triae
479 953 586 1017 iubeto
601 951 705 1014 Deum
731 953 763 1012 ia
786 965 883 1014 *mente
906 964 934 1014 et
956 974 1040 1030 caue,
1064 974 1101 1014 ne
1124 949 1300 1034 aliquando
1319 965 1447 1035 peccato
1463 952 1637 1014 consentias
1652 965 1681 1014 et
1698 953 1932 1037 praetermittas

278 1074 448 1148 praecepto
471 1059 539 1122 Dei
559 1060 668 1123 nostri.
715 1056 770 1120 En
791 1058 966 1121 substantia
989 1071 1042 1120 tuo
1059 1057 1124 1143 fac
1146 1057 1374 1142 aelemosqnom
1399 1072 1427 1120 et
1448 1058 1519 1121 noli
1538 1071 1677 1122 auertere
1693 1059 1820 1145 faciem
1846 1071 1931 1122 utam

248 1169 320 1236 aab
344 1167 409 1231 ullo
428 1189 582 1252 paupere.
622 1163 672 1227 Ita
697 1165 779 1228 enim
795 1165 864 1249 fiet,
891 1177 923 1226 ut
944 1186 999 1226 nec
1022 1187 1042 1226 o
1065 1176 1092 1226 te
1107 1176 1268 1226 avertatur
1284 1164 1396 1250 facies
1412 1163 1554 1227 Domini.
1598 1163 1757 1242 Quomodo
1777 1166 1931 1250 pomeriis,

280 1277 325 1339 ita
349 1287 410 1337 esto
434 1273 614 1336 misericors
637 1280 670 1333 et
693 1279 811 1332 cetera.
857 1267 940 1331 Item
964 1267 1060 1354 paulo
1084 1279 1172 1353 post:
1196 1269 1341 1334 Adtende
1364 1271 1432 1350 tibi,
1452 1271 1520 1357 flii,
1543 1272 1583 1335 ab
1608 1273 1695 1334 ornni
1712 1272 1931 1358 fornicatione
1950 1295 2090 1346 menan.

280 1395 309 1445 et
325 1394 434 1466 preter
459 1402 585 1442 tenorem
609 1391 693 1440 tuam
717 1400 914 1461 nequaquam
932 1377 1076 1460 patiaris
1103 1377 1221 1440 crimen
1251 1379 1341 1441 scire.
1396 1376 1585 1463 Superbiens
1616 1402 1787 1463 numquam
1816 1380 1851 1441 in
1880 1392 1931 1441 tuo

279 1511 372 1552 sensu
395 1499 451 1550 aut
474 1487 507 1548 in
530 1499 580 1548 tuo
604 1483 696 1548 corde
720 1483 885 1547 dominari
898 1484 1067 1567 permittas
1074 1507 1084 1563 ,·
1109 1484 1142 1547 in
1167 1484 1239 1568 ipso
1263 1485 1346 1546 enim
1367 1485 1494 1547 initium
1510 1486 1646 1570 sumpsit
1659 1487 1761 1549 omnis
1780 1483 1930 1570 perditio.

280 1591 434 1657 Eiidem
457 1613 523 1655 non
545 1601 618 1677 post
641 1587 758 1653 multa:
787 1589 961 1654 Consilium
985 1613 1108 1675 semper
1130 1616 1150 1654 a
1173 1592 1314 1675 sapiente
1330 1593 1493 1676 perquire.
1537 1589 1635 1654 Omni
1653 1604 1788 1677 tempore
1804 1590 1932 1655 benedic
1950 1615 2086 1664 menno.

236 1728 264 1769 io
281 1699 349 1765 Deo
373 1714 402 1764 et
418 1713 489 1786 pete
512 1699 552 1762 ab
576 1723 620 1777 eo,
647 1711 678 1760 ut
700 1699 771 1761 cias
794 1710 864 1760 tuos
888 1695 1019 1782 diriqat,
1043 1710 1071 1759 et
1093 1699 1199 1760 omnia
1224 1697 1359 1760 consilia
1383 1711 1436 1760 tua
1452 1700 1486 1762 in
1503 1699 1573 1782 ipso
1590 1711 1807 1783 permaneant.
1848 1696 1931 1760 Item

280 1805 385 1870 idem:
411 1806 528 1870 Audin
552 1828 635 1891 erqo,
651 1805 727 1891 filii
745 1805 818 1882 mei,
838 1817 961 1888 patrem
985 1816 1128 1866 ocenum.
1166 1803 1287 1868 Seroite
1308 1803 1445 1867 Domino
1463 1806 1641 1868 inveritate
1664 1818 1692 1868 et
1713 1806 1876 1890 inquirite,
1900 1818 1934 1868 ut
1950 1827 2102 1878 micauri.

277 1914 420 2001 faciatis
444 1936 502 1998 que
525 1925 597 1975 sunt
619 1911 812 1996 bereeplocito
838 1909 900 1988 illi,
924 1923 951 1972 et
966 1909 1054 1995 filiis
1077 1912 1188 1973 cesam
1211 1909 1368 1990 mandate,
1392 1924 1426 1973 ut
1440 1911 1575 1997 faciant
1597 1912 1736 1976 iustitias
1758 1912 1931 1975 etaeiemo-

279 2045 376 2107 synas
400 2033 428 2084 et
450 2033 483 2082 ut
504 2021 568 2082 sint
590 2041 739 2081 memores
762 2016 830 2080 Dei
850 2030 878 2080 et
899 2015 1083 2079 benedicant
1106 2015 1208 2079 Deum
1232 2018 1266 2080 in
1291 2018 1534 2102 omnitempore
1557 2019 1590 2080 in
1616 2019 1743 2081 veritate
1766 2032 1795 2081 et
1817 2020 1850 2080 in
1870 2032 1931 2082 tota

281 2130 394 2191 uirtute
416 2150 483 2190 suo.

237 2280 264 2320 a
389 2249 473 2335 (93).
501 2247 594 2335 Cap.
612 2246 739 2312 XXVI.
778 2246 863 2309 His¹
886 2242 1035 2309 omnibus
1058 2243 1247 2331 praelibatis
1270 2247 1467 2311 notescimus
1490 2245 1595 2329 vobis,
1620 2247 1708 2333 quod
1731 2269 1780 2328 ea,
1798 2269 1881 2334 quae
1898 2249 1931 2312 in

282 2355 434 2442 capitulis
458 2356 574 2419 vestris
597 2352 692 2418 nobis
716 2351 886 2417 mactanda
909 2352 1126 2433 commisistis,
1150 2352 1276 2416 scilicet
1299 2358 1387 2433 qnid²
1408 2380 1426 2416 a
1449 2363 1618 2434 principibus
1641 2364 1799 2435 etreliqua
1828 2364 1931 2436 populo

281 2474 326 2528 rel
351 2473 401 2541 ita,
423 2480 454 2526 ut
477 2471 569 2525 divina
591 2470 740 2524 auctoritas
762 2471 871 2530 doceat,
893 2477 941 2523 aut
962 2468 1044 2522 aliter
1065 2476 1192 2523 teneatur
1215 2469 1259 2523 vel
1284 2469 1351 2539 quid
1373 2469 1437 2524 inde
1453 2488 1486 2524 ex
1506 2477 1584 2540 purte
1606 2478 1654 2524 sat
1669 2488 1703 2525 ex
1719 2477 1776 2525 toto
1792 2471 1931 2527 dimissum

282 2582 327 2642 sit,
349 2589 380 2633 ut
402 2597 458 2632 non
480 2587 615 2647 teneatm,
638 2567 787 2649 fatemur,
812 2568 889 2653 quia
912 2567 945 2629 in
969 2565 1018 2628 his
1043 2565 1203 2651 capitulis,
1231 2588 1295 2652 que
1326 2567 1475 2652 superius
1499 2568 1714 2650 continentur,
1745 2591 1872 2633 necnon
1900 2581 1933 2634 et

283 2678 316 2740 in
340 2676 401 2756 his,
426 2697 509 2761 quae
532 2674 673 2761 presenti
699 2696 784 2738 anno
808 2670 970 2737 conscribi
995 2683 1027 2736 et
1049 2694 1108 2758 per
1134 2673 1249 2736 missos
1280 2684 1405 2736 vestros
1435 2672 1477 2736 ob
1501 2675 1582 2738 vitia
1612 2673 1845 2760 conprimenda
1874 2698 1934 2762 per

238 2813 266 2852 ιο
283 2784 456 2869 imperinm
479 2793 621 2845 vestrum
645 2780 811 2844 direxistis
821 2785 843 2860 ³,
867 2778 968 2843 multa
991 2778 1210 2843 demonstrata
1234 2791 1318 2861 sunt,
1343 2802 1427 2865 quae
1455 2802 1475 2843 a
1504 2779 1689 2866 pastoribus
1720 2782 1932 2846 ecelesiarum

284 2901 316 2953 et
340 2913 360 2953 a
382 2886 585 2976 principibus
611 2898 643 2951 et
666 2910 686 2950 a
709 2885 834 2973 reliquo
858 2884 977 2972 populo
1001 2885 1158 2950 hactenus
1181 2885 1330 2971 neglecta
1346 2887 1522 2950 extiterunt
1538 2897 1571 2951 et
1586 2886 1689 2970 aliter,
1706 2910 1804 2974 quam
1821 2887 1933 2954 divina

283 2997 459 3060 auctoritas
483 3017 518 3057 se
541 2992 669 3074 habeat,
694 2994 727 3057 in
751 2993 801 3057 his
824 3014 880 3057 eos
904 2993 1010 3078 egisse
1035 3003 1188 3078 stagera
1212 2991 1515 3079 depraehendimus.
1564 2992 1630 3058 Sed
1653 2995 1680 3058 si
1710 2994 1792 3059 haec
1821 3006 1933 3060 nostra

283 3101 495 3172 sacerdotalis
519 3100 705 3165 ammonitio
731 3099 881 3164 effectum
897 3098 971 3162 Deo
995 3111 1149 3184 operante
1173 3122 1234 3185 per
1256 3111 1400 3164 vestrum
1424 3098 1544 3164 bonum
1568 3100 1710 3166 studium
1733 3101 1852 3168 abhinc
1875 3100 1931 3166 ob·

283 3210 426 3290 tinuerit,
452 3207 624 3288 credimus,
648 3205 736 3293 quod
758 3205 869 3287 multa,
894 3226 958 3292 que
982 3227 1002 3268 a
1024 3205 1132 3270 multis
1156 3206 1260 3289 aliter,
1285 3229 1383 3293 quam
1407 3206 1519 3271 divina
1542 3209 1719 3273 auctoritas
1743 3230 1777 3272 se
1801 3207 1932 3290 babeat,

237 3316 418 3386 redimisse
452 3326 543 3394 sunt,
575 3335 658 3399 quae
689 3335 753 3376 non
786 3311 997 3394 tenebantur,
1033 3314 1243 3399 corrigentur.
1301 3313 1386 3378 Nam
1421 3325 1453 3377 et
1487 3313 1583 3396 illud,
1619 3314 1707 3402 quod
1741 3316 1774 3379 in
1809 3314 1933 3380 eisdem

283 3422 434 3510 capitulis
458 3423 651 3503 continetur,
683 3431 718 3484 ut
741 3419 948 3485 manifestum
978 3420 1080 3500 lieret,
1115 3442 1199 3505 quae
1231 3442 1328 3484 cause
1359 3425 1409 3483 ιιι*
1438 3430 1590 3500 effecerint,
1624 3439 1655 3485 ut
1684 3421 1870 3487 sacerdotes
1901 3434 1934 3486 ct

283 3530 448 3617 principes
473 3557 490 3593 a
513 3548 588 3593 recto
612 3537 721 3591 tramite
745 3537 910 3616 deviassent,
933 3527 1080 3613 exceptis
1103 3527 1290 3611 praemissis
1307 3526 1468 3614 capitulis,
1485 3526 1663 3614 inquibus,
1681 3528 1932 3612 sicutdiximus,

282 3635 385 3701 multa
407 3634 676 3722 neglegebantur,
700 3632 885 3721 specialiter
907 3643 1017 3698 tamen
1039 3654 1139 3697 unum
1163 3630 1365 3698 obstaculum
1390 3656 1432 3698 ex
1455 3633 1554 3698 multo
1578 3645 1723 3721 ternpore
1746 3635 1811 3699 iam
1835 3634 1933 3700 inole-

281 3744 370 3807 visse
395 3743 617 3828 cognovimus,
642 3740 675 3804 id
699 3750 749 3804 est
771 3741 849 3827 quia
872 3751 904 3803 et
927 3738 1116 3826 principalis
1131 3749 1276 3825 potestas
1293 3739 1430 3804 diversis
1447 3741 1674 3806 occasionibus
1690 3742 1933 3807 intervenienti-

238 3881 265 3920 ω
282 3847 344 3914 bus
368 3872 473 3930 secus,
498 3871 596 3935 quam
627 3848 802 3912 auctoritas
834 3846 947 3910 divina
977 3868 1011 3910 se
1041 3844 1171 3926 babeat,
1206 3847 1239 3909 in
1270 3868 1386 3910 causas
1418 3846 1657 3912 ecclesiasticas
1691 3847 1867 3935 prosilierit
1901 3859 1934 3913 et

282 3956 493 4021 sacerdotes⁵
522 3956 640 4043 partim
670 3953 888 4040 neglegentia,
919 3953 1036 4039 partim
1065 3953 1259 4037 ignorantia,
1290 3954 1408 4039 partim
1439 3954 1617 4041 cupiditate
1647 3956 1681 4019 in
1711 3953 1933 4020 saecularibus

255 4045 423 4149 'negotiis
454 4075 487 4128 et
515 4060 787 4128 sollicitudinibus
817 4059 929 4124 mundi
960 4058 1060 4140 ultra,
1091 4080 1189 4144 quam
1220 4057 1415 4141 debuerant,
1451 4083 1485 4124 se
1522 4063 1769 4148 occupaverint3
1805 4072 1838 4125 et
1871 4061 1933 4127 hae

282 4171 456 4236 occasione
492 4168 595 4248 aliter,
631 4191 729 4255 quam
765 4166 877 4232 divina
912 4166 1086 4231 auctoritas
1121 4164 1247 4248 doceat,
1283 4167 1317 4230 in
1347 4178 1484 4253 utraque
1518 4181 1611 4254 parte
1642 4179 1751 4233 actum
1786 4168 1933 4232 extitisse

282 4275 418 4343 dubium
441 4298 506 4340 non
531 4286 589 4339 est.
636 4272 703 4339 Sed
726 4275 803 4360 quia
824 4273 898 4337 Deo
926 4273 1100 4336 miserante
1131 4294 1150 4334 a
1182 4273 1444 4358 progenitoribus
1475 4285 1507 4338 et
1536 4276 1682 4360 genitore
1712 4287 1821 4340 vestro
1851 4285 1885 4339 et
1914 4298 1934 4339 a

239 4414 266 4454 ιι
283 4383 378 4449 vobis
408 4382 510 4448 multa
533 4393 682 4447 correcta
711 4378 922 4465 gratulamur,
954 4380 981 4442 si
1011 4401 1061 4460 ea,
1091 4400 1154 4465 que
1186 4378 1408 4460 admonemus,
1440 4403 1630 4466 prosperum
1660 4403 1846 4445 successum
1877 4381 1932 4445 ha·

284 4488 425 4571 buerint,
449 4488 622 4570 eredimus,
648 4486 736 4573 quod
759 4485 801 4550 ad
824 4486 1032 4573 perfectionis
1056 4494 1173 4550 statum
1198 4497 1308 4550 vestra
1334 4486 1469 4550 intentio
1499 4501 1674 4573 nostraque
1705 4486 1835 4552 devotio
1859 4488 1932 4552 Deo

284 4607 480 4683 cooperante
509 4594 682 4682 pervenire
716 4593 844 4679 poterit.
896 4592 1145 4674 Verumtamen,
1181 4593 1259 4678 quia
1294 4593 1443 4657 novimus
1475 4605 1592 4658 statum
1622 4594 1718 4659 huius
1749 4595 1840 4680 regni
1872 4593 1931 4659 sub

390 4815 474 4864 XXV.
503 4806 688 4877 invematur]
708 4817 831 4862 vertatur
849 4811 877 4861 V.
949 4805 1054 4874 flesto]
1075 4819 1116 4861 est
1137 4810 1166 4864 P.
1241 4813 1270 4860 11
1293 4806 1355 4875 mei]
1375 4813 1411 4861 mi
1432 4812 1458 4862 V.
1478 4811 1509 4861 P.
1584 4815 1616 4863 ls
1634 4807 1735 4878 Deum]
1755 4829 1816 4864 eum
1836 4813 1866 4863 P.

390 4903 489 4953 xxvl.
519 4903 713 4953 tecomisistis
733 4901 760 4960 V,
780 4901 968 4950 commissistis
985 4899 1012 4950 P.
1070 4901 1101 4949 19
1116 4894 1263 4964 conscribi]
1274 4902 1377 4966 nippis:
1396 4901 1500 4952 facistis
1513 4903 1552 4953 nl
1561 4902 1640 4953 simile
1651 4902 1761 4969 quemn
1774 4902 1849 4952 etiam
1860 4900 1933 4968 infra

237 4999 266 5038 so
278 5011 309 5060 p.
324 4997 372 5043 721
393 4993 410 5042 ἱ.
423 4997 448 5042 8.
540 4993 574 5042 22
593 4986 645 5055 his]
665 4992 688 5040 is
709 4990 737 5038 V.
827 4990 861 5039 23
880 4989 961 5038 abina
980 4987 1011 5038 P.
1102 4988 1136 5038 27
1163 4984 1300 5054 capitulis]
1325 4991 1487 5052 continetur,
1513 4996 1543 5041 ut
1560 4991 1732 5042 manifestum
1752 4991 1836 5050 fieret,
1862 5007 1932 5056 quae

283 5098 366 5132 cause
392 5082 419 5132 id
443 5080 592 5138 effecerint,
619 5085 648 5128 ut
673 5078 831 5129 sacerdotes
857 5087 884 5127 et
906 5078 1041 5143 principes
1061 5093 1078 5126 a
1097 5085 1173 5127 recto
1192 5079 1299 5128 tramite
1319 5078 1475 5130 deviassent
1493 5082 1614 5146 exceptis
1632 5081 1787 5146 praemissis
1806 5079 1932 5145 capitulis

281 5170 373 5220 iterum
390 5167 424 5231 (n.
444 5170 461 5220 l.
481 5167 574 5235 iniq.)
592 5168 653 5219 add.
673 5167 701 5216 V.
777 5169 808 5217 31
830 5160 990 5231 cupiditate]
1010 5165 1166 5230 rapiditate
1186 5165 1217 5216 P.
1302 5169 1335 5218 34
1355 5162 1476 5233 dubium]
1496 5169 1561 5218 dubi
1581 5169 1607 5218 V.
1700 5171 1732 5219 35
1752 5169 1882 5220 admones
1901 5169 1931 5219 P.

393 5366 423 5438 1)
449 5366 498 5438 Cf.
521 5367 621 5425 relatio
644 5366 836 5442 cpiscopomm
861 5384 884 5421 c.
903 5367 958 5434 615
981 5366 999 5421 1.
1019 5366 1038 5420 i.
1062 5364 1104 5435 ΙΙ,
1124 5369 1166 5424 50
1176 5385 1218 5441 sq.
1256 5363 1360 5424 Conni.
1377 5365 1608 5443 cheisqronerrsc
1622 5371 1685 5427 836
1704 5368 1779 5424 decr.
1804 5387 1867 5444 cup.
1884 5367 1938 5425 ΙΙΙ

283 5496 323 5534 cc.
337 5479 385 5536 14.
403 5479 442 5535 15
458 5470 521 5549 (st.
538 5470 609 5548 55);
625 5474 710 5545 infra
723 5493 755 5548 p.
770 5475 839 5531 721.
909 5470 940 5540 2)
955 5470 1132 5546 Repetnaaer
1146 5471 1233 5529 uerba
1248 5472 1448 5530 mintitutiom's
1462 5472 1534 5530 anni
1548 5477 1621 5533 828.
1635 5468 1736 5549 (supra
1746 5495 1780 5550 p.
1793 5478 1856 5533 596
1864 5471 1931 5552 aa),

237 5582 424 5642 “ciantium
440 5581 470 5639 in
487 5578 721 5656 praefationibus
743 5578 877 5636 librorum
894 5578 917 5634 1.
942 5585 968 5634 et
982 5577 1050 5647 111,
1073 5598 1163 5653 snpra
1183 5599 1215 5654 p.
1234 5583 1296 5639 608
1314 5580 1331 5635 l.
1349 5582 1387 5638 at
1403 5601 1464 5656 sqq.
1484 5601 1516 5656 p.
1535 5584 1598 5638 668
1616 5582 1633 5637 l.
1651 5585 1747 5656 Vsqq.
1833 5581 1863 5650 3)
1882 5579 1931 5653 Os.

283 5688 450 5746 Hludowici
477 5687 602 5762 capitula
632 5685 667 5741 ab
697 5684 834 5761 episcopis
862 5683 892 5740 in
913 5684 1023 5760 placito
1044 5686 1199 5741 necanda
1223 5685 1397 5762 umdemque
1426 5687 1550 5761 capitula
1578 5688 1613 5744 dc
1643 5687 1733 5744 misus
1762 5688 1933 5746 instruendis

283 5798 356 5855 829.
376 5794 415 5852 in.
423 5816 433 5864 ,·
459 5792 532 5852 MG.
559 5792 652 5867 Capit.
676 5792 716 5862 ΙΙ,
741 5797 761 5851 6
775 5812 818 5867 sq.
844 5794 932 5867 7sqq.
960 5783 1181 5864 (statuerim
1200 5812 1229 5847 n.
1247 5795 1317 5851 861.
1338 5791 1426 5870 862).
1511 5794 1541 5862 4)
1565 5793 1656 5851 Verba
1677 5803 1744 5851 sunt
1765 5795 1932 5871 deprornpta

283 5919 321 5959 ex
344 5900 585 5959 constitutionem
609 5902 717 5958 onn2
740 5899 869 5956 mndata.
961 5897 992 5966 5)
1015 5897 1047 5954 V.
1070 5917 1160 5973 aspro
1184 5897 1229 5955 lib.
1246 5898 1267 5955 Ι
1284 5904 1392 5960 ca28.
1411 5904 1520 5976 2951).
1539 5903 1652 5976 aeosq.
