4884 6717
261 512 473 570 APPENDIX.
499 511 530 568 9.
547 512 654 569 ACTA
669 512 811 571 SPURIA
826 515 882 570 AD
899 513 1118 571 CONCILIUM
1134 512 1416 571 cameleontes
1433 514 1680 571 SPECTANTIA
1696 515 1733 571 A.
1747 515 1822 572 838.
1847 510 1911 573 839

261 721 373 765 omnes
397 700 553 787 episcopi,
578 700 635 786 qui
657 700 691 763 in
713 698 884 787 praedicta
907 701 1038 765 civitate
1063 700 1151 765 etin
1174 701 1241 765 iam
1264 700 1352 766 dieta
1375 700 1453 765 sede
1477 724 1497 766 a
1521 713 1666 788 tempore
1689 703 1795 767 sancti
1817 703 1913 768 Inno-

261 806 364 871 centis
388 806 534 893 episcopi
542 810 564 888 ¹,
584 805 719 871 secundi
740 807 938 871 successoris
954 806 1108 871 videlicet
1131 808 1236 871 sancti
1248 807 1388 871 Victurii
1399 813 1420 889 ²,
1445 817 1478 871 et
1496 830 1516 872 a
1533 818 1679 895 tempore
1698 809 1803 874 sancti
1818 808 1913 874 Kari-

260 911 348 1000 lepbi
372 912 567 979 confessoris
583 914 697 978 eximii
712 912 852 996 fuerunt,
875 913 1080 999 praedictum
1096 913 1327 978 monasterium
1344 912 1525 979 subiectum
1541 913 1741 999 habuissent,
1766 918 1913 1002 exceptis

261 1017 404 1102 duobus,
435 1017 524 1106 quod
553 1029 685 1106 propter
715 1018 919 1106 praedictum
954 1019 1065 1084 odium
1095 1029 1128 1084 et
1156 1041 1216 1106 pro
1247 1019 1358 1106 aliqua
1384 1019 1585 1107 negligentia
1606 1023 1768 1087 veraciter
1790 1021 1913 1088 factum

228 1147 332 1198 resse
362 1126 551 1212 inquisitum
587 1137 645 1191 est
693 1126 868 1190 Testautur
897 1126 1005 1208 etiam,
1037 1125 1124 1212 quod
1153 1125 1226 1213 plus
1257 1126 1299 1190 ad
1328 1128 1379 1191 ius
1409 1138 1441 1192 et
1467 1125 1703 1193 subiectionem
1726 1128 1913 1215 praedictae

259 1233 371 1297 matris
395 1232 553 1297 ecclesiae
576 1232 757 1320 praefatum
781 1234 1014 1297 monasterium
1036 1233 1200 1319 pertineat
1224 1255 1322 1319 quam
1346 1232 1389 1297 ad
1411 1245 1557 1300 vestrum
1586 1237 1754 1322 proprium
1784 1225 1914 1301 autad

260 1337 357 1402 aliam
381 1337 524 1425 aliquam
550 1361 699 1422 causam3
724 1349 757 1403 et
779 1338 851 1421 hoc,
876 1340 903 1403 si
926 1338 1027 1426 aliqui
1050 1349 1150 1404 testes
1174 1351 1288 1405 contra
1311 1362 1346 1404 se
1369 1341 1529 1423 venerint,
1553 1340 1652 1406 falsos
1676 1363 1742 1423 eos,
1774 1341 1914 1429 qualiter

259 1446 502 1532 praeceperitis,
537 1445 647 1510 facere
680 1468 777 1532 posse
812 1455 971 1511 testantur
1004 1446 1204 1533 firmiterque
1236 1447 1409 1512 affirmant.
1457 1445 1654 1535 Supradicta
1684 1470 1763 1513 vero
1787 1450 1912 1513 ratione

259 1550 344 1616 hanc
367 1552 530 1617 iusticiam
553 1551 800 1638 diligentissime
823 1551 1023 1635 ventilatam,
1054 1553 1103 1617 rei
1125 1553 1297 1618 veritatem
1328 1567 1572 1640 cognoscentes,
1599 1553 1739 1642 pleniter
1762 1564 1794 1619 et
1817 1555 1912 1620 ratio-

216 1692 242 1731 ω
259 1656 411 1722 nabiliter
434 1657 516 1744 legis
540 1658 649 1723 divine
682 1669 715 1724 et
744 1659 908 1723 mundane
939 1646 997 1724 nos
1031 1660 1200 1747 utriusque
1233 1659 1354 1725 ordinis
1377 1661 1478 1724 vestri
1513 1659 1625 1725 fideles
1649 1661 1841 1726 auctoritate
1865 1663 1912 1726 in·

259 1765 373 1830 structi
397 1775 430 1829 et
451 1764 549 1851 plena
571 1767 696 1831 ratione
720 1765 843 1831 suffulti
866 1765 1048 1831 iudicamus
1071 1788 1195 1853 vosque
1219 1767 1394 1848 hortamur,
1418 1776 1455 1831 ut
1478 1768 1508 1831 ei
1532 1766 1707 1848 auferatur,
1738 1769 1794 1854 qui
1817 1768 1912 1833 vobis

259 1869 452 1937 inobediens
482 1873 590 1937 extitit
625 1882 658 1937 et
692 1872 734 1938 ad
764 1883 908 1938 vestrum
937 1872 1093 1960 placitum
1123 1895 1189 1937 non
1218 1872 1322 1937 solum
1351 1872 1452 1937 semel
1475 1883 1532 1937 aut
1554 1871 1605 1937 bis
1628 1872 1681 1938 vel
1704 1884 1755 1939 ter
1777 1886 1912 1939 vocatus

260 1980 371 2044 venire
391 1980 594 2065 contempsit,
618 1980 696 2066 quia
715 1978 757 2044 de
776 2003 836 2044 sua
854 1979 1004 2045 absentia
1022 1979 1193 2067 culpabilis
1217 1990 1251 2044 et
1274 1981 1443 2044 convictus
1467 2002 1539 2044 esse
1563 1981 1770 2066 cognoscitur
1778 1986 1800 2064 ³,
1825 1993 1858 2046 et
1881 1982 1912 2046 ei

258 2096 370 2151 vestra
402 2087 594 2151 auctoritate
629 2096 804 2173 nostroque
834 2087 957 2152 iudicio
987 2085 1146 2151 reddatur
1174 2086 1358 2173 praefatum
1387 2087 1630 2168 monasterium,
1661 2088 1717 2173 qui
1740 2085 1833 2152 vobis
1864 2089 1912 2152 in·

216 2224 241 2264 ra
259 2189 416 2258 obediens
451 2214 516 2257 non
550 2192 612 2257 fuit
635 2175 705 2258 'nec
740 2192 784 2258 ad
817 2193 973 2281 placitum
1006 2195 1120 2258 venire
1150 2195 1267 2274 renuit,
1301 2192 1359 2257 sed
1389 2215 1518 2280 semper
1548 2215 1704 2280 praesens
1741 2217 1814 2260 curn
1845 2198 1912 2261 suis

259 2298 505 2364 auctoritatibus
540 2309 573 2364 et
601 2298 765 2364 nobilibus
800 2299 937 2366 testibus
967 2299 1060 2365 affuit
1094 2309 1126 2364 et
1155 2298 1217 2365 hoc
1247 2298 1387 2386 pleniter
1417 2309 1450 2364 et
1479 2299 1628 2386 legaliter
1656 2300 1838 2389 approbare
1863 2314 1913 2368 est

258 2417 391 2493 paratus
400 2412 423 2490 ⁴,
453 2406 542 2494 quod
577 2429 634 2472 sue
666 2406 752 2472 sedis
776 2405 935 2472 ecclesiae
958 2406 1142 2494 praefatum
1165 2407 1398 2471 monasterium
1421 2429 1493 2471 esse
1517 2403 1626 2471 debet.
1672 2407 1716 2472 Et
1738 2419 1912 2496 propterea

258 2513 385 2599 prefato
408 2513 543 2580 Aldrico
567 2515 722 2601 episcopo
745 2514 839 2578 firma
861 2515 1053 2579 auctoritate
1077 2512 1194 2578 adius
1217 2535 1275 2577 sue
1299 2511 1387 2577 sedis
1411 2513 1570 2577 ecclesiae
1593 2512 1777 2600 praefatum
1801 2538 1911 2580 mona

259 2621 391 2685 sterium
415 2644 490 2685 cum
513 2622 601 2686 omni
616 2621 814 2707 integritate,
837 2630 874 2685 ut
889 2619 1053 2702 reddatur,
1077 2620 1281 2686 iudicamus'.
1322 2618 1465 2700 Quidam
1481 2630 1590 2685 autem
1606 2642 1716 2685 eorum
1740 2620 1909 2687 dixerunt:

214 2757 240 2797 20
259 2725 323 2790 ‘De
342 2725 436 2791 nobis
459 2728 539 2814 ipsis
558 2727 653 2793 aliter
675 2726 821 2792 iudicare
840 2750 905 2791 non
924 2749 1112 2813 possumus,
1137 2726 1254 2815 quodsi
1270 2725 1388 2813 aliquis
1404 2738 1560 2809 nostrum,
1576 2725 1653 2792 licet
1667 2728 1796 2792 nemine
1813 2751 1909 2815 qnae-

258 2843 351 2898 rente
374 2844 430 2897 aut
448 2833 558 2920 aliqua
576 2835 764 2900 causatione
783 2833 943 2921 pulsante,
966 2845 1102 2899 vocatus
1126 2833 1168 2899 ad
1191 2845 1338 2898 vestrum
1360 2832 1516 2920 placitum
1531 2834 1644 2898 venire
1668 2836 1909 2922 contempserit,

257 2940 292 3003 ni
315 2938 485 3005 iufirmitas
509 2950 566 3004 aut
588 2939 734 3027 legitima
757 2942 878 3005 somnis
902 2962 976 3005 eum
1000 2939 1184 3022 detinuerit,
1208 2941 1285 3005 etsi
1301 2938 1412 3026 aliqua
1435 2940 1554 3004 somnis
1578 2949 1635 3004 aut
1648 2940 1819 3006 infirmitas
1835 2962 1910 3007 eum

258 3045 443 3130 detinuerit,
467 3048 501 3111 ni
524 3048 595 3135 ipse
618 3071 713 3112 suum
736 3046 933 3113 advocatum
956 3056 1012 3113 aut
1027 3069 1119 3112 suam
1135 3047 1382 3112 excusationem
1397 3045 1622 3112 rationabilem
1642 3047 1759 3113 advos
1775 3049 1908 3130 miserit,

257 3153 341 3216 iuste
366 3163 399 3218 et
420 3153 518 3241 plena
539 3155 664 3220 ratione
688 3153 826 3241 perdere
851 3151 950 3218 debet
972 3155 1195 3240 unusquisque
1225 3163 1370 3219 nostrum
1401 3152 1489 3241 quod
1516 3152 1556 3218 de
1580 3165 1688 3219 vestro
1711 3153 1819 3219 habet.
1866 3155 1910 3220 Et

212 3291 239 3331 25
257 3269 431 3346 propterea
453 3261 538 3326 sicut
560 3271 594 3326 et
616 3260 656 3326 de
680 3260 775 3326 nobis
799 3262 846 3326 sic
869 3259 958 3325 etde
975 3259 1029 3325 illo
1052 3259 1245 3341 iudicamus,
1270 3261 1347 3347 quia
1369 3271 1519 3325 neutrum
1535 3259 1623 3343 fecit,
1648 3283 1708 3325 nec
1732 3263 1803 3349 ipse
1819 3264 1909 3328 venit

257 3388 318 3431 uec
337 3366 493 3431 mandare
513 3366 646 3451 studuit,
666 3390 725 3433 cur
743 3365 825 3432 illud
843 3366 965 3432 dimisit
975 3372 996 3431 ⁸.
1036 3365 1103 3432 Sed
1126 3368 1211 3433 sicut
1233 3368 1287 3431 isti
1303 3367 1460 3448 homines,
1485 3367 1540 3452 qui
1564 3379 1752 3454 praesentes
1767 3368 1908 3452 adstant,

256 3472 291 3538 id
314 3485 363 3539 est
385 3473 525 3560 Hagano
549 3485 582 3539 et
604 3473 803 3539 Benedictus
827 3473 947 3556 etalii,
972 3472 1086 3539 dicunt
1115 3485 1148 3538 et
1170 3473 1334 3539 affirmare
1356 3473 1479 3556 volunt,
1511 3473 1790 3562 qualitercumque
1813 3475 1909 3542 vobis

257 3579 425 3667 placuerit,
456 3583 536 3663 sive,
572 3582 600 3646 si
623 3580 740 3668 aliquis
770 3604 813 3645 ex
836 3579 931 3646 vobis
965 3579 1060 3645 aliter
1083 3580 1212 3663 dixerit,
1247 3580 1411 3667 singulare
1441 3592 1607 3646 certamen
1635 3604 1708 3648 cum
1743 3605 1781 3648 eo
1815 3605 1909 3670 prae·

256 3685 329 3752 liari
364 3689 433 3752 sive
467 3689 502 3753 in
534 3687 666 3770 iudicio,
701 3689 729 3752 si
759 3686 853 3753 vobis
887 3686 1057 3775 placuerit,
1092 3709 1151 3752 seu
1186 3709 1260 3752 cum
1290 3698 1494 3752 sacramento
1517 3710 1631 3753 verum
1655 3689 1764 3754 facere
1786 3689 1909 3754 nullam

212 3822 239 3864 ao
257 3791 299 3859 ob
337 3794 434 3859 aliam
473 3817 605 3860 causam
643 3794 826 3881 praefatum
866 3793 1095 3882 sigimundum
1134 3795 1330 3859 remansisse
1371 3815 1478 3881 neque
1512 3806 1647 3881 propter
1688 3796 1908 3861 infirmitatem

256 3923 362 3988 neque
396 3912 529 3988 propter
559 3901 657 3966 aliam
688 3902 928 3981 necessitatem,
962 3902 1026 3965 nisi
1057 3899 1145 3987 quod
1167 3902 1292 3982 venire,
1323 3923 1364 3965 ne
1395 3901 1654 3984 convinceretur,
1684 3900 1797 3983 noluit,
1832 3904 1908 3988 quia

256 4008 378 4073 nullam
412 4009 574 4073 iusticiam
608 4030 715 4096 neque
750 4007 892 4095 aliquam
926 4008 1044 4072 iustam
1075 4017 1132 4072 aut
1161 4006 1387 4073 rationabilem
1418 4030 1552 4074 causam
1582 4009 1616 4072 in
1639 4007 1808 4096 praedicta
1832 4032 1907 4096 que·

256 4117 360 4180 stione
395 4137 431 4180 se
465 4114 586 4180 habere
622 4115 816 4181 confidebat
862 4115 907 4180 Et
935 4114 1017 4179 haec
1047 4113 1208 4201 praedicti
1238 4115 1384 4179 homines
1418 4114 1537 4180 cotidie
1572 4126 1647 4179 ante
1677 4138 1736 4180 vos
1771 4126 1804 4180 et
1832 4129 1907 4181 ante

255 4244 315 4286 nos
354 4233 387 4286 et
427 4222 569 4310 reliquos
611 4221 725 4287 fideles
763 4233 889 4286 vestros
924 4221 1066 4286 clamant
1101 4231 1133 4285 et
1167 4219 1361 4308 approbare,
1403 4222 1488 4286 sicut
1526 4220 1730 4308 praedictum
1769 4234 1818 4286 est
1854 4221 1907 4286 vel

211 4356 237 4398 aa
256 4327 395 4414 qualiter
417 4326 511 4393 vobis
534 4328 694 4416 placuerit
716 4339 748 4393 et
772 4329 818 4393 eis
842 4340 1052 4414 pracceptum
1076 4328 1184 4409 fuerit,
1208 4326 1331 4392 volunt.
1369 4327 1413 4391 Et
1437 4326 1498 4392 boc
1521 4329 1587 4392 iam
1610 4328 1778 4414 sepissime
1802 4326 1907 4413 publi·

256 4436 337 4500 citer
366 4435 490 4500 in.hoc
520 4434 641 4522 palatio
672 4446 722 4500 est
751 4434 967 4500 acclamatum
998 4445 1030 4499 et
1052 4434 1279 4521 perquisitum,
1303 4432 1397 4498 nobis
1421 4445 1454 4498 et
1477 4435 1594 4498 ceteris
1617 4431 1767 4499 fidelibus
1789 4435 1907 4498 vestris

255 4539 473 4606 audientibus.
520 4541 587 4608 Sed
617 4564 712 4606 nemo
743 4552 801 4622 est,
832 4542 889 4627 qui
917 4541 964 4605 eis
995 4540 1218 4606 contradicere
1250 4550 1306 4605 aut
1329 4541 1480 4605 resistere
1504 4539 1592 4622 velit,
1616 4538 1676 4604 sed
1698 4538 1771 4626 plus
1795 4538 1908 4605 dicunt

255 4670 367 4713 omnes
383 4670 439 4714 eos
454 4649 626 4713 veritatem
642 4648 768 4731 dicere,
793 4646 880 4734 quod
896 4658 930 4713 et
944 4646 1120 4712 verisimile
1143 4645 1239 4713 nobis
1256 4669 1328 4711 esse
1343 4646 1484 4712 videtur.
1520 4644 1575 4711 Sic
1591 4668 1650 4710 vos
1673 4646 1738 4710 iam
1755 4645 1820 4710 XV
1836 4645 1906 4711 dies

254 4765 329 4842 post
355 4754 444 4820 aliud
473 4755 629 4843 placitum
658 4754 711 4820 vel
740 4755 879 4819 tercium
910 4755 940 4819 ei
971 4776 1162 4819 concessum
1193 4764 1406 4840 expectantes
1417 4758 1439 4834 ⁵,
1462 4775 1569 4840 neque
1593 4775 1688 4817 suum
1711 4751 1906 4818 advocatum

208 4892 237 4931 so
254 4871 311 4926 aut
342 4883 418 4927 suas
452 4863 661 4927 auctoritates
695 4862 783 4926 misit
812 4882 919 4948 neque
949 4860 1048 4925 ullam
1078 4861 1322 4925 excusationem
1354 4859 1395 4926 de
1426 4883 1461 4924 se
1484 4858 1537 4924 vel
1568 4859 1608 4924 de
1637 4881 1694 4924 suo
1718 4869 1906 4945 contemptu

255 4967 363 5033 facere
386 4967 498 5035 noluit.
545 4967 674 5033 Idcirco
697 4967 738 5032 de
762 4990 822 5032 sua
845 4965 994 5032 absentia
1018 4966 1070 5031 vel
1093 4968 1300 5032 contumacia
1328 4968 1394 5032 iam
1417 4968 1603 5031 convictum
1627 4977 1724 5054 atque
1749 4965 1905 5053 dampna·

254 5085 322 5139 tum
345 5097 419 5139 eum
443 5097 516 5139 esse
539 5073 666 5161 legibus
688 5074 882 5157 iudicamus,
905 5075 952 5138 ita
974 5087 1010 5139 ut
1032 5096 1093 5138 nec
1117 5074 1188 5138 eius
1211 5095 1277 5138 vox
1306 5073 1444 5161 amplius
1472 5072 1513 5138 de
1536 5072 1598 5138 hac
1621 5095 1722 5138 causa
1744 5071 1903 5137 audiatur.

253 5180 298 5245 Et
320 5191 356 5245 ut
378 5180 450 5264 hoc,
475 5181 563 5267 quod
585 5181 723 5246 dicimus
747 5192 780 5245 et
802 5180 993 5262 iudicamus,
1017 5181 1209 5244 auctoritate
1234 5201 1395 5245 canonum
1425 5189 1458 5244 et
1480 5179 1563 5266 legis
1585 5178 1714 5266 plenius
1737 5179 1904 5244 confirme-

360 5436 496 5487 2Victuri
514 5451 535 5486 c.
589 5436 624 5487 22
642 5429 756 5499 somnis]
775 5434 897 5501 intellige:
916 5435 1019 5486 suanm.
1075 5434 1111 5485 30
1129 5431 1311 5498 sigemundus
1326 5451 1347 5483 c.
1402 5435 1436 5483 39
1456 5427 1526 5499 post]
1545 5432 1606 5500 plns
1619 5450 1639 5483 c.
1695 5434 1729 5483 42
1748 5427 1810 5496 nec]
1831 5449 1866 5483 ne
1883 5449 1905 5483 c.

207 5670 235 5710 se
363 5653 393 5723 l)
418 5655 617 5722 533-559;
640 5652 680 5724 cs.
704 5652 790 5710 Acuca
806 5659 899 5727 pontt.
918 5649 1031 5709 Cenem.
1048 5654 1109 5710 c.8
1133 5650 1196 5708 edd.
1212 5649 1482 5707 Buaaoaetdcdru
1499 5669 1533 5726 p.
1551 5652 1592 5708 53
1602 5668 1663 5727 sqq.
1738 5647 1769 5719 2)
1793 5652 1904 5708 453-

253 5762 332 5831 aaa·
367 5759 402 5817 it.
433 5778 456 5817 c.
481 5762 501 5819 6
525 5779 559 5835 p.
582 5761 626 5819 43
640 5778 701 5836 sqq.
816 5756 847 5828 3)
883 5757 951 5815 scit
988 5756 1171 5835 Sipirauarm
1207 5755 1302 5814 abbas.
1416 5757 1447 5826 4)
1484 5756 1551 5814 scie.
1583 5755 1716 5814 Aldricroe
1750 5755 1903 5832 episcopus.

254 5867 284 5937 5)
307 5866 334 5924 Δ
357 5865 473 5925 Pascha
497 5858 560 5940 (14.
584 5865 657 5941 Apr-
675 5859 751 5942 838)
776 5864 862 5943 ipim
885 5864 1035 5941 usquead
1055 5863 1127 5921 diora
1150 5867 1202 5924 28.
1227 5862 1347 5921 eimdcm
1370 5862 1481 5921 mamb.
