4884 6717
521 501 733 558 APPENDIX.
781 500 809 556 3.
842 499 1061 557 concinium
1085 500 1287 557 ROMANUM
1310 500 1484 557 SPURIUM
1507 499 1543 555 h.
1565 498 1640 554 753.
1842 490 1909 554 819

425 794 470 905 3.
518 794 935 906 OONOILIUM
972 793 1360 905 ROMANUM
1399 792 1740 905 SPURIUM.

993 1006 1067 1078 7113,
1099 1008 1169 1073 199.

360 1228 459 1306 Inest
481 1244 514 1307 in
539 1244 603 1307 vita
619 1242 768 1306 Anselmi
780 1242 903 1306 abbatis
920 1240 1144 1306 Nonantulani
1165 1240 1218 1320 (de
1234 1264 1295 1326 999
1311 1242 1356 1328 cs.
1374 1241 1454 1305 Acta
1471 1239 1531 1305 SS.
1547 1245 1580 1303 3.
1598 1241 1694 1305 Mart.
1712 1240 1741 1320 Ι,
1757 1246 1825 1308 265
1837 1265 1904 1326 sqq.

253 1351 414 1435 eoosqq.)
440 1350 576 1413 incertae
598 1350 710 1414 aetads
733 1384 776 1395 -
799 1348 886 1413 nihil
907 1348 1059 1434 estquod
1082 1361 1165 1427 vetet,
1196 1370 1234 1412 ne
1264 1361 1419 1412 auctorem
1442 1349 1567 1413 saeculo
1591 1346 1652 1411 XI.
1670 1349 1714 1412 ia.
1738 1349 1907 1433 scripsisse

218 1471 490 1527 9919199999-
508 1456 718 1543 privileqium
749 1455 909 1542 quoddam
940 1455 1166 1520 Nonantulaao
1196 1457 1384 1519 monasterio
1414 1479 1607 1534 concessum,
1642 1453 1729 1540 quod
1760 1456 1904 1540 spuriam

253 1587 317 1628 esse
337 1565 542 1650 prauismmsh
564 1562 699 1627 indiciis
721 1565 787 1627 iam
811 1562 850 1626 L.
868 1563 908 1626 A.
927 1562 1091 1627 Maratcri
1112 1562 1322 1644 (Ueschicbte
1346 1586 1405 1625 999
1421 1561 1552 1626 Italien’
1570 1561 1593 1623 I
1598 1561 1632 1640 l',
1656 1561 1791 1647 Lr'psiae
1806 1569 1906 1638 1746,

246 1695 283 1756 p.
301 1677 365 1736 351
377 1693 444 1754 sqq.
469 1671 504 1733 in
528 1672 669 1734 versione
694 1671 901 1754 Gemanica)
919 1670 1068 1757 feliciter
1091 1670 1192 1733 euicit.
1235 1668 1377 1747 Accedit,
1401 1668 1488 1754 quod
1504 1669 1713 1756 pricilepium
1738 1670 1843 1754 ipsam
1866 1670 1906 1732 ab

252 1790 377 1841 auctore
403 1778 483 1840 uitae
498 1776 646 1840 Aneelmi
666 1775 882 1842 Hadrianol.
904 1800 1012 1862 papae
1036 1776 1073 1857 (7
1077 1777 1262 1860 72-795)
1286 1777 1479 1855 attribuitur,
1503 1800 1591 1861 quem
1616 1775 1779 1860 aequalem
1796 1777 1907 1863 fursee

251 1907 349 1969 neque
372 1883 519 1970 Aestulfo
548 1884 621 1968 rapi
638 1882 935 1969 Lanpobardorum,
965 1885 999 1946 in
1030 1881 1202 1967 diplomate
1229 1884 1340 1967 spurio
1364 1882 1453 1946 titulo
1476 1895 1547 1946 ante
1569 1882 1726 1946 saeculum
1752 1882 1906 1946 decimum

207 2021 234 2060 ιο
246 2014 384 2077 prorsus
408 1987 1002 2076 19999911999911911919999191199
1026 1989 1253 2070 (749—7563
1279 1989 1324 2076 cf.
1353 1969 1476 2069 lllsner,
1500 1988 1711 2053 ί,1919199199
1734 1988 1789 2053 des
1805 1990 1906 2076 frdn·

252 2097 380 2161 lsischen
404 2096 537 2161 lleiches
561 2110 649 2161 natm
672 2096 783 2183 Klinip
805 2095 944 2182 Puppin'
967 2096 1119 2180 431199),
1149 2119 1248 2180 99999
1272 2095 1384 2182 Serpio
1410 2096 1648 2182 archiepiscopo
1672 2094 1910 2159 Rauennatensi

253 2205 476 2286 (748-769)
501 2227 563 2267 non
593 2204 673 2268 latet.
725 2201 883 2290 Confudit
905 2216 984 2267 certe
1007 2203 1064 2266 ille
1092 2226 1266 2288 anonymus
1296 2228 1365 2266 cam
1389 2201 1611 2267 Hadrianol.
1642 2200 1834 2289 Stephanum
1858 2200 1905 2264 ll.

246 2336 369 2399 papam
395 2312 631 2395 (tae—757),
655 2312 737 2374 inter
759 2311 850 2373 cuim
868 2310 1046 2396 prioileqia
1069 2310 1126 2373 hoe
1150 2310 1292 2397 inferias
1315 2309 1469 2374 edendum
1485 2310 1719 2388 numerabatur,
1739 2323 1906 2395 postquam

247 2421 377 2506 primae
399 2417 501 2482 editor
523 2417 651 2504 Upbelli
663 2441 773 2481 nornen
788 2416 961 2481 Hadriani
974 2419 1006 2480 io
1024 2416 1214 2502 Stephanum
1240 2419 1379 2481 mutauit.
1415 2415 1664 2480 Praemittuntur
1687 2418 1818 2503 insuper
1841 2418 1910 2501 spei

208 2554 234 2594 a
248 2526 423 2613 prim'lepio
454 2524 548 2589 haec:
578 2572 586 2586 .
613 2572 620 2587 .
646 2572 654 2587 .
685 2520 882 2587 venerabilis
917 2532 1011 2609 pater
1045 2521 1230 2602 Anselmus,
1266 2520 1368 2607 regali
1403 2532 1493 2586 ortus
1527 2523 1682 2608 prosapia
1716 2522 1906 2608 meritisque

252 2631 370 2714 clarus,
480 2629 666 2717 Aystulfum
690 2629 771 2695 adiit
793 2651 915 2715 regem,
939 2650 999 2716 per
1022 2651 1165 2693 sororem
1188 2627 1315 2693 scilicet
1338 2651 1428 2692 suam
1451 2627 1682 2710 Giscltrudam,
1707 2650 1791 2715 quae
1816 2629 1906 2714 regio

252 2737 388 2803 herebat
411 2737 564 2802 thalamo.
611 2737 717 2802 Huius
748 2759 887 2824 namque
918 2737 1095 2821 impetratu
1124 2737 1186 2800 tn‘a
1215 2759 1280 2800 non
1310 2735 1440 2799 modica
1470 2736 1555 2799 intra
1579 2734 1784 2799 collationem
1808 2734 1906 2821 paulo

253 2857 327 2910 ante
363 2844 449 2909 idem
485 2845 537 2909 vir
571 2855 798 2909 construxerat
833 2842 991 2908 coenobia
1025 2842 1225 2929 fratrumque
1261 2841 1431 2906 decorarat
1466 2840 1665 2928 agminibus,
1699 2843 1733 2905 19
1769 2829 1905 2928 quorum

253 2953 406 3032 maximo,
431 2951 519 3038 quod
538 2950 743 3016 Nonantulae
768 2961 901 3015 actenus
925 2951 1087 3013 vocitatur
1109 2947 1407 3035 monachorumque
1432 2948 1591 3036 prepollet
1614 2948 1807 3035 phalangiis,
1832 2971 1906 3013 cum

206 3087 235 3127 so
253 3059 449 3123 sanctissimi
472 3056 572 3122 vellet
600 3068 709 3122 arctus
740 3056 913 3143 adquirere
938 3055 1096 3136 Silvestn',
1128 3056 1311 3120 dominicae
1341 3056 1574 3120 incarnationis
1599 3078 1684 3120 anno
1709 3058 1783 3119 753.
1808 3078 1908 3142 supra

253 3166 376 3230 dictum
399 3166 493 3252 petiit
516 3187 637 3250 regem,
670 3164 862 3251 suppliciter
883 3185 1013 3248 rogans,
1044 3175 1080 3227 ut
1110 3185 1210 3227 eausa
1241 3164 1395 3227 orationis
1425 3164 1632 3250 maximeque
1663 3163 1759 3228 huius
1782 3164 1905 3247 negotii

253 3294 318 3336 una
341 3294 452 3337 secum
476 3271 612 3336 Romam
637 3271 791 3334 venisset.
837 3269 909 3334 Rex
934 3271 1049 3334 annuit
1072 3281 1105 3334 et
1128 3269 1230 3333 abbas
1261 3267 1416 3333 fratribus
1446 3271 1583 3356 stipatus
1607 3271 1743 3334 Romam
1773 3268 1907 3334 advenit

253 3379 295 3443 ad
318 3380 424 3444 virum
447 3401 506 3466 999
529 3378 638 3443 omnia
660 3375 883 3442 beatissimum
900 3376 1093 3457 Adrianum,
1118 3378 1173 3464 qui
1198 3389 1274 3441 tuno
1292 3377 1471 3441 Romanam
1496 3389 1528 3440 et
1552 3376 1763 3462 apostolicam
1788 3376 1905 3463 guber·

252 3484 353 3551 nabat
376 3485 580 3551 aecclesiam.
626 3484 745 3571 Aquo
769 3481 911 3568 benigne
942 3485 1084 3569 suscepti
1116 3495 1191 3548 sunt
1213 3495 1246 3548 et
1269 3507 1325 3549 eos
1348 3483 1511 3568 thesauro,
1543 3505 1638 3569 quem
1669 3485 1841 3570 petierunt,
1873 3485 1906 3548 in

207 3621 235 3661 9
253 3594 339 3658 huuc
363 3605 518 3674 tenorem,
543 3592 638 3656 sicuti
662 3590 715 3656 hie
740 3590 868 3676 legitur,
893 3589 1009 3655 ditavit
1040 3592 1133 3672 (otti.
1160 3590 1218 3656 SS.
1245 3617 1306 3656 rer.
1335 3591 1472 3679 Lanpob.
1491 3616 1530 3678 p.
1546 3601 1623 3672 567,
1654 3593 1712 3656 ubi
1731 3595 1835 3656 statim
1860 3617 1905 3655 se-

253 3704 361 3788 quitur
384 3716 482 3766 199199
498 3702 695 3788 pricilepii).
732 3701 825 3762 Anao
845 3708 916 3765 753.
944 3698 1213 3762 ›reensilauuario
1237 3713 1338 3762 autem
1357 3699 1566 3784 pririlepium
1592 3701 1738 3784 quamuis
1760 3700 1905 3784 spmium

253 3809 324 3873 ideo
347 3808 567 3873 adscribamus
591 3831 710 3872 necesse
734 3822 787 3886 cst,
818 3806 903 3892 quod
924 3808 1083 3870 artissime
1107 3805 1249 3869 cohaeret
1271 3829 1338 3868 cum
1363 3806 1462 3869 altero
1486 3805 1658 3891 diplomate
1681 3803 1837 3891 Stephani
1858 3805 1905 3868 II.

249 3939 356 4002 papae
379 3915 478 3979 eidem
503 3917 691 3978 monasterio
710 3938 852 3977 concesso
877 3915 1008 3998 itemque
1030 3914 1151 3998 apiario,
1176 3937 1236 3997 999
1262 3911 1298 3974 id
1315 3912 1793 3998 9919119991999919999991999
1813 3934 1905 3998 prae·

253 4031 384 4107 ceptum
414 4019 525 4085 domni
554 4020 692 4106 piissimi
723 4020 810 4104 rogis
840 4019 988 4100 Aistulfi,
1018 4020 1058 4083 ab
1089 4021 1158 4105 ipso
1188 4019 1337 4083 elreselrno
1367 4020 1477 4083 abbate
1507 4018 1639 4082 Rorriam
1673 4019 1818 4102 delutum.
1867 4019 1905 4082 19

207 4153 234 4194 ro
245 4130 314 4216 fine
348 4143 449 4192 autern
485 4128 579 4192 huius
613 4129 746 4192 alterius
774 4127 949 4214 pririlepii
977 4128 1136 4214 loquutur:
1171 4125 1334 4212 Scriptum
1365 4148 1424 4211 per
1454 4147 1584 4189 manum
1614 4123 1720 4210 Sergii
1736 4117 1778 4188 ’8.
1803 4124 1841 4189 R.
1866 4125 1905 4189 Ε.

253 4234 423 4315 senniarii,
453 4233 631 4298 indictione
656 4233 713 4297 VI.
738 4255 849 4297 mensa
873 4231 1035 4297 Ianuario.
1082 4231 1170 4295 Data
1193 4230 1307 4296 Idibus
1331 4231 1476 4296 Ianuarii
1504 4254 1562 4318 par
1585 4254 1716 4295 manum
1740 4231 1906 4296 Anastasii

252 4341 349 4428 primi
369 4341 513 4427 episcopi
537 4339 806 4405 dioecesanorum
830 4351 963 4404 sanctae
987 4338 1074 4402 sedis
1098 4338 1306 4424 apostolicae,
1330 4361 1416 4403 auno
1441 4338 1513 4402 1199
1537 4339 1676 4425 propitio
1700 4339 1905 4425 pontificatus

253 4447 363 4512 domni
388 4447 546 4535 Stephani
571 4448 688 4511 summi
712 4446 874 4532 pontificis
899 4459 931 4510 et
954 4444 1147 4510 universalis
1172 4468 1278 4531 99999
1303 4447 1334 4509 19
1359 4446 1579 4509 sacratissima
1604 4445 1681 4509 seda
1705 4443 1793 4509 beati
1817 4445 1905 4509 Petri

253 4554 391 4640 apostoli
415 4556 519 4641 primo
544 4555 730 4636 (Muratori,
755 4555 813 4618 SS.
839 4580 900 4618 rer.
926 4553 999 4618 Ital.
1025 4552 1052 4632 l,
1076 4559 1110 4630 2,
1135 4562 1219 4632 rom
1249 4553 1406 4640 duffii-E.
1431 4579 1460 4617 n.
1478 4560 1592 4621 2310.

208 4687 236 4728 so
362 4663 400 4725 In
425 4662 561 4727 editione
578 4662 732 4748 paranda
756 4663 856 4724 secreti
876 4685 984 4724 999999
1007 4674 1130 4738 testum,
1155 4685 1244 4746 quem
1269 4663 1427 4725 coristituit
1445 4661 1484 4724 (l.
1509 4660 1609 4724 tt'm'o
1626 4661 1681 4740 (-·=
1699 4661 1744 4744 A)
1771 4663 1802 4725 in
1826 4675 1906 4725 tomo

253 4772 442 4855 scriptorum
467 4793 570 4833 rerum
596 4768 913 4856 Lanpobardicar'um
934 4791 968 4853 p.
985 4774 1122 4852 sotem,
1146 4767 1369 4853 'atlspersimus
1399 4781 1499 4830 autem
1533 4770 1654 4831 cariam
1687 4769 1845 4832 lectionem
1870 4792 1909 4831 ec

256 4879 337 4941 sitae
360 4877 509 4940 Ariselmi
535 4877 670 4940 editione
697 4877 847 4961 principi
874 4875 914 4938 ab
944 4873 1071 4961 liphelli
1092 4876 1234 4961 confecta
1264 4875 1318 4956 (z
1344 4873 1393 4956 lf).
1442 4873 1492 4936 Ab
1523 4874 1710 4959 l'phelliaua
1734 4877 1816 4938 enim
1840 4875 1906 4938 edi·

255 4985 337 5048 tione
367 5008 471 5048 onraee
500 4985 585 5047 aliiue
609 4982 750 5070 pendent
775 4996 903 5067 praeter
926 4980 1145 5060 ll'aitzionam,
1176 5005 1256 5066 9999
1286 4980 1422 5044 codicem
1451 4980 1708 5044 Narraritulanum
1739 5005 1819 5044 saec.
1845 4980 1906 5044 XI.

255 5091 412 5170 adhibuit,
436 5093 566 5176 irrsuper
588 5091 721 5154 alterius
744 5089 863 5153 codicis
887 5088 1029 5151 Ilourani
1049 5089 1251 5152 bibliothecae
1276 5087 1532 5152 Barberiaiauae
1550 5087 1623 5150 XL.
1649 5097 1691 5155 13
1713 5113 1794 5151 saec.
1812 5087 1906 5154 Xl'l.

210 5223 239 5260 so
256 5196 370 5260 XVII.
396 5200 476 5262 inter
499 5198 686 5262 collectanea
717 5196 859 5283 llphellii
881 5198 1060 5259 strenationem
1078 5197 1179 5281 sircit,
1212 5198 1244 5258 in
1275 5217 1336 5281 999
1361 5197 1439 5259 inest
1461 5195 1679 5281 apopraphum
1704 5195 1906 5259 9911919999

255 5307 419 5369 nominati.

365 5437 459 5494 Edon
496 5436 613 5513 11919111,
645 5435 731 5492 Italia
754 5455 840 5492 sacra
866 5435 902 5491 Il
921 5429 1041 5510 (1647),
1060 5437 1190 5509 p.102,·
1221 5435 1263 5490 ed.
1286 5439 1316 5492 2.
1340 5433 1381 5503 II,
1399 5437 1448 5492 81.
1496 5432 1644 5502 1199111199,
1670 5435 1741 5491 Acta
1766 5437 1819 5490 SS.
1844 5435 1906 5492 ord.

258 5544 288 5601 S.
314 5543 461 5601 Benedicti
489 5543 510 5600 Ι
515 5544 545 5614 V,
576 5547 604 5613 1,
628 5547 658 5602 5.
714 5542 874 5610 hluratori,
910 5543 963 5597 SS.
994 5561 1052 5598 rer.
1086 5541 1250 5599 Italicarum
1282 5540 1305 5609 1,
1330 5545 1359 5602 2.
1385 5545 1454 5600 189.
1510 5539 1624 5609 11999,
1657 5543 1756 5616 Suppl.
1788 5540 1812 5610 l,
1839 5544 1907 5602 601.

258 5650 358 5708 blansi
389 5649 460 5720 XII,
485 5652 557 5709 567.
603 5648 764 5706 Baliarium
795 5647 989 5705 Roueaaorum
1016 5648 1179 5726 pontificum
1211 5649 1254 5704 etl.
1286 5648 1372 5704 Taur.
1406 5647 1429 5716 Ι,
1453 5651 1524 5707 etl.
1574 5647 1687 5724 111999,
1719 5647 1828 5704 Patrol.
1856 5649 1906 5705 lat.

210 5774 238 5813 eo
258 5756 430 5826 LXXXIX,
455 5759 543 5816 1019.
593 5755 666 5814 MG.
693 5755 746 5813 SS.
772 5775 830 5810 rer.
857 5755 984 5831 Lauqob.
1008 5758 1080 5813 567.
1114 5785 1156 5793 -
1188 5754 1278 5830 liep:
1308 5753 1469 5827 roffi-E,
1501 5755 1590 5832 11999.
1610 5763 1703 5830 pontt.
1728 5754 1748 5810 Ι
1767 5775 1795 5811 9.
1814 5758 1907 5815 2309.

257 5861 360 5920 ‘Neues
383 5863 502 5920 Archiu'
528 5863 641 5932 XXIV,
659 5865 729 5921 493.

1628 5978 1695 6034 103*
