4884 6717
654 519 656 523 ·
718 488 770 545 56.
807 488 1026 546 coucmluu
1049 488 1378 555 AQUISGRANENSE
1402 491 1438 545 Α.
1460 489 1535 546 836.
1889 486 1951 550 707

300 674 480 762 apostolum
504 677 604 754 vivat,
635 676 668 739 id
699 686 750 740 cst
782 674 1147 763 inrepraehensibiliter,
1179 675 1318 757 sobriae,
1349 676 1536 763 prudenter,
1566 677 1696 764 pudice,
1728 689 1851 758 ornate,
1880 702 1954 743 cum
1972 697 2095 740 etiarm.

300 782 528 868 hospitalitate,
553 805 625 847 eum
650 782 809 864 doctrina,
841 806 906 846 non
930 782 1124 864 vinolenter‚
1157 806 1221 847 non
1246 784 1412 863 iniuriose,
1443 783 1599 866 modeste,
1624 808 1689 850 non
1711 785 1863 871 litigiose,
1887 808 1952 849 non

300 887 429 975 cupide.
476 889 613 976 Oportet
637 889 734 953 etiam
757 889 945 976 pontificem
968 891 1119 977 propriae
1151 889 1260 954 domui
1292 912 1363 953 esse
1395 888 1478 954 bene
1509 893 1731 977 praepositum
1755 904 1787 956 et
1810 892 1952 957 testimo·
1971 918 2133 968 carreiam.

299 996 388 1060 nium
411 993 533 1060 habere
557 994 679 1060 bonum
702 995 744 1060 ab
768 996 828 1077 his,
853 997 910 1082 qui
932 996 1011 1060 foris
1028 1007 1111 1078 sunt,
1136 1006 1171 1060 ut
1187 995 1368 1060 doctrinam
1384 995 1450 1059 Dei
1465 997 1567 1060 nostri
1584 1009 1720 1062 exornet
1735 1000 1768 1062 in
1784 996 1951 1082 omnibus3

268 1125 357 1167 snos
389 1113 497 1167 autem
529 1102 627 1166 etiam
658 1101 873 1188 adiungentes
904 1113 937 1166 ct
967 1102 1008 1167 ab
1039 1103 1099 1184 his,
1133 1103 1188 1190 qui
1219 1103 1305 1167 intus
1335 1113 1410 1166 sunt
1434 1116 1665 1167 conversantes
1689 1126 1763 1168 cum
1787 1105 1951 1191 episcopo,

300 1208 419 1308 habere
443 1210 661 1273 testimonium
685 1232 813 1273 omnem
838 1211 1027 1296 episcopum
1051 1221 1210 1297 oportere.

1999 751 2019 801 8,
2027 751 2046 791 2.
2053 751 2074 794 8.

405 1352 448 1415 II.
485 1351 564 1415 Post
586 1374 675 1433 vere,
707 1363 742 1416 ut
765 1353 938 1438 episcopus
961 1354 1054 1416 iuxta
1076 1351 1221 1437 regulam
1246 1374 1266 1416 a
1289 1350 1385 1416 beato
1408 1350 1510 1417 Paulo
1534 1351 1678 1437 apostolo
1703 1351 1869 1416 decretam
1893 1354 1951 1417 mi·
1970 1379 2037 1422 ears.

299 1458 468 1522 uisterium
492 1469 627 1544 peragat
650 1458 847 1545 episcopale,
872 1470 904 1522 at
928 1459 983 1544 qui
1007 1480 1101 1522 secus
1125 1459 1265 1544 gesserit
1288 1480 1448 1523 canonum
1472 1470 1661 1523 coerceatur
1684 1462 1886 1523 auctoritate.

406 1598 465 1664 Ill.
501 1600 660 1664 Decernit
691 1601 789 1664 etiarn
820 1599 984 1686 apostolus
1015 1598 1269 1685 hospitalitatem
1300 1600 1489 1665 sectandam
1521 1599 1561 1664 ab
1592 1602 1757 1688 episcopo,
1788 1624 1886 1687 quam
1916 1602 1949 1665 in
1970 1626 2130 1677 sarmata.

254 1732 280 1770 ro
298 1705 445 1793 pluribus
469 1707 670 1793 repperimus
701 1705 884 1791 neglectam
915 1705 1005 1770 locis.
1052 1706 1197 1792 Ideoque
1220 1705 1338 1791 placet,
1369 1716 1404 1769 ut
1434 1706 1590 1793 deinceps
1621 1710 1655 1771 in
1679 1707 1814 1794 singulis
1838 1708 1950 1772 civita-

299 1811 384 1877 tibus
409 1824 441 1877 ct
464 1814 669 1876 monasteriis
692 1813 785 1877 iuxta
808 1811 938 1877 modum
962 1834 1070 1876 rerum
1094 1812 1298 1898 hospitalitas
1322 1812 1490 1877 ordinetur
1516 1814 1769 1879 advenientium.
1817 1814 1861 1878 Et
1883 1814 1950 1901 pla·

299 1920 366 1983 cuit
389 1918 538 1984 omnibus
563 1920 736 2006 episcopis,
766 1930 811 2001 ut,
843 1941 1048 2006 quocumque
1073 1919 1114 1983 sit
1137 1918 1218 2000 loce,
1251 1942 1360 1984 eoram
1391 1942 1425 1983 se
1457 1918 1615 2006 adgreget
1638 1943 1799 2007 pauperes
1823 1943 1952 2007 semper

299 2025 341 2089 ad
364 2026 584 2091 refectionem.

404 2149 482 2214 IIII.
529 2150 699 2214 Interdicit
721 2152 847 2214 interea
873 2149 1052 2237 apostolica
1083 2151 1259 2214 auctoritas
1294 2149 1431 2236 litigium
1466 2152 1553 2215 omni
1584 2152 1755 2237 episeopo,
1792 2174 1890 2238 quam
1919 2162 1951 2216 et
1969 2177 2091 2228 arrasa

254 2286 280 2326 is
298 2280 356 2320 nos
381 2258 606 2321 auctoritatem
629 2257 772 2343 benigno
796 2256 1028 2343 amplectentes
1052 2258 1160 2320 animo
1191 2257 1426 2337 constituimus,
1457 2269 1493 2321 ut
1523 2256 1627 2321 nullus
1659 2258 1884 2345 episcoporum
1916 2280 1950 2322 se

298 2363 447 2448 litigiosis
471 2365 641 2428 inmisceat
664 2362 935 2443 contentionibus,
960 2363 1019 2427 scd
1041 2385 1147 2449 neque
1171 2361 1367 2449 inreligiosis
1383 2362 1435 2426 vel
1459 2362 1709 2450 indisciplinatis
1733 2362 1949 2428 locutionibus

298 2470 421 2533 tamin
445 2469 594 2534 domibus
618 2492 716 2556 quam
740 2471 773 2533 in
798 2469 968 2534 forinsecis
992 2469 1228 2534 conventiculis
1252 2471 1382 2534 omnino
1406 2468 1584 2556 indulgeat.

404 2613 445 2679 V.
493 2611 711 2700 Cupiditatem
735 2635 830 2698 porro
854 2623 1019 2698 tamquam
1043 2611 1187 2676 radicem
1212 2613 1356 2676 omniurn
1380 2611 1535 2676 malorum
1560 2623 1592 2676 et
1615 2611 1793 2699 apostolica
1816 2611 1948 2677 damnat
1969 2639 2109 2688 saraam.

299 2719 460 2784 sententia
484 2731 516 2784 ct
538 2719 579 2784 ab
603 2721 690 2784 omni
715 2718 827 2783 ordine
852 2717 1095 2783 aecclesiastico
1120 2719 1278 2782 canonica
1293 2716 1462 2805 perturbat
1477 2719 1672 2800 interdictio,
1689 2719 1734 2782 ita
1751 2729 1786 2783 ut
1801 2720 1950 2783 statuerit

253 2856 281 2894 ao
299 2825 421 2890 nullum
446 2825 638 2890 clericorum
662 2825 703 2890 de
728 2824 875 2911 qualibet
897 2848 932 2889 re
957 2826 1050 2889 fenus
1074 2826 1224 2911 accipere
1236 2829 1256 2888 ¹.
1298 2823 1444 2905 Quarum
1468 2826 1693 2889 auctoritatem
1717 2836 1749 2889 et
1767 2848 1826 2890 nos
1846 2827 1949 2890 secuti

300 2931 515 3014 decrevimus,
540 2933 638 2996 immo
662 2932 790 2996 illorum
814 2932 999 2996 auctoritati
1022 2930 1195 2995 adsensum
1220 2929 1440 3018 praebuimus,
1465 2943 1500 2995 ut
1522 2930 1629 2995 nullus
1654 2932 1879 3019 episcoporum
1895 2931 1949 2997 vel

300 3040 518 3103 ministrorum
549 3041 691 3126 ipsorum
723 3039 878 3125 deinceps
909 3061 968 3125 pro
1000 3037 1226 3102 distributione
1262 3060 1428 3102 sacrorum
1460 3036 1618 3119 ordinum,
1653 3061 1712 3124 pro
1743 3037 1950 3104 dedicatione

300 3156 432 3209 sanctae
457 3145 635 3211 aecclesiae
660 3168 718 3210 seu
741 3168 800 3232 pro
824 3146 1014 3232 acceptione
1042 3146 1127 3209 sacri
1157 3143 1340 3209 chrismatis
1370 3144 1423 3207 vel
1453 3166 1512 3230 pro
1543 3146 1753 3208 inmutatione
1785 3145 1950 3210 titulorum

300 3251 423 3339 aliquid
447 3253 579 3338 exigere
604 3262 790 3339 praesumat
814 3262 846 3316 et
869 3253 925 3338 qui
948 3251 1062 3316 fecerit
1085 3252 1254 3315 convictus
1279 3250 1435 3314 canonice
1460 3248 1627 3314 subiaceat
1651 3250 1842 3338 disciplinae
1854 3257 1874 3316 ².

255 3422 282 3462 ss
410 3394 468 3459 VI.
508 3393 726 3460 Sobrietatem
749 3417 839 3476 vcro,
864 3416 960 3480 quam
984 3392 1149 3480 apostolus
1173 3393 1327 3478 episeopo
1351 3390 1537 3456 habendam
1560 3392 1665 3475 docet,
1690 3392 1772 3458 adeo
1795 3415 1854 3457 nos
1878 3416 1950 3458 eam
1969 3412 2098 3508 gfflpqpt

301 3500 394 3566 nobis
418 3501 607 3566 sectandam
631 3502 811 3580 statuimus,
836 3513 870 3565 ut
893 3500 999 3564 nullus
1023 3499 1229 3563 sacerdotum
1252 3497 1439 3562 aebrietatis
1464 3498 1697 3586 depravatione
1721 3522 1755 3563 se
1780 3510 1836 3563 aut
1858 3501 1951 3564 mini·
2036 3493 2042 3514 '

300 3609 433 3672 sterium
468 3631 561 3672 suurn
592 3608 750 3672 vilescere
786 3607 901 3689 faciat,
938 3630 1001 3692 quo
1036 3607 1150 3669 merito
1186 3604 1472 3691 repraehensibilis
1506 3604 1667 3686 videatur,
1703 3607 1779 3692 quia
1813 3606 1951 3692 legimus

300 3714 512 3779 aebrietatcm
536 3714 680 3778 dedecus
704 3737 775 3778 esso
801 3716 917 3800 cuique
935 3713 1120 3777 Christiano
1144 3712 1291 3792 sectanti,
1316 3723 1437 3797 quanto
1461 3712 1564 3796 inagis
1582 3711 1815 3777 sacerdotibus.
1855 3713 1950 3778 Unde
1969 3729 2132 3782 creaasti.

301 3821 465 3908 apostolus
489 3822 609 3907 inquit:
635 3822 742 3886 Nolite
766 3824 925 3886 inebriari
945 3824 1029 3901 eino,
1055 3824 1088 3884 r'n
1111 3844 1171 3905 qao
1196 3833 1240 3882 est
1262 3820 1398 3883 larario.
1446 3819 1604 3904 Legitur³
1628 3830 1659 3882 et
1683 3818 1761 3884 alibi
1785 3821 1832 3884 sic
1857 3843 1950 3906 opor·
1972 3837 2130 3888 sponsas.

256 3956 283 3995 so
301 3939 369 3992 tere
394 3929 582 4014 episcopum
606 3927 730 4009 hibere,
755 3941 790 3991 ut
814 3929 905 4014 quasi
930 3950 995 3991 non
1018 3925 1140 3990 bibisse
1156 3924 1317 3989 videatur.
1358 3924 1566 4012 Quapropter
1582 3925 1736 4011 deinceps
1753 3927 1950 4012 quicumque

301 4034 395 4098 huius
420 4034 543 4099 ordinis
565 4034 641 4100 huie
664 4036 763 4098 noxio
787 4036 866 4098 vitio
890 4034 1072 4097 inserviens
1097 4031 1339 4118 depraehensus
1363 4031 1469 4113 fuerit,
1494 4033 1689 4112 censuimus,
1713 4043 1749 4096 ut
1772 4032 1951 4096 secundum

302 4153 456 4206 statutum
481 4143 696 4206 canonicum⁴
721 4142 916 4227 quicumque
941 4138 1091 4204 ebrietati
1116 4138 1259 4202 deservit
1282 4149 1338 4201 aut
1361 4137 1489 4202 desinat
1512 4153 1567 4202 aut
1592 4139 1781 4226 deponatur.

409 4283 484 4349 VII.
531 4283 569 4346 ln
593 4284 665 4370 ipsa
689 4294 798 4347 autem
821 4284 889 4346 vita
919 4280 1124 4346 sacerdotum
1159 4279 1362 4366 pensandum
1393 4291 1452 4360 est,
1488 4280 1627 4367 qualiter
1656 4284 1793 4367 quisque
1824 4280 1950 4363 doceat,

301 4391 385 4454 sicut
408 4391 454 4454 ait
477 4391 629 4476 egregius
653 4389 766 4454 doctor
789 4388 904 4453 beatus
921 4387 1110 4472 Gregorius,
1135 4398 1171 4450 ut
1193 4391 1292 4449 reotc⁵
1314 4397 1416 4450 (torem
1438 4395 1623 4450 hrfirrnitatem
1646 4415 1722 4451 sunm
1745 4398 1863 4451 cotidiae
1880 4398 1951 4451 ouini

256 4507 518 4566 &consideratione
541 4513 699 4578 eognoscat,
721 4523 756 4560 ne
779 4515 827 4560 aut
849 4506 988 4559 humilitas
1011 4522 1150 4558 accessmn
1174 4503 1263 4570 fugiat
1286 4511 1333 4556 aut
1356 4504 1526 4573 perventioni
1543 4504 1600 4557 vita
1619 4504 1789 4558 eorruadieat
1804 4515 1852 4558 aut
1867 4505 1952 4557 vitam

302 4613 427 4668 doctrina
449 4615 581 4667 destituat
604 4621 650 4667 aut
674 4613 826 4667 ‹loeti-inam
850 4611 1018 4681 presumptio
1041 4611 1164 4664 extollat.
1217 4609 1298 4663 l’n'us
1328 4627 1393 4680 ergo
1424 4610 1576 4679 appetitum
1606 4611 1687 4664 timor
1715 4617 1860 4681 temperet,
1890 4619 1953 4681 post

301 4729 393 4776 autem
417 4721 611 4790 magisterium,
634 4720 709 4790 quod
733 4719 885 4789 suscipitur,
907 4719 964 4771 rita
987 4717 1160 4770 commendet
1183 4735 1215 4770 ac
1232 4716 1331 4770 deindo
1350 4733 1463 4770 neeesse
1480 4724 1530 4784 est,
1545 4726 1575 4770 ut
1591 4718 1737 4787 pastoralis
1752 4718 1827 4772 vitae
1842 4718 1953 4784 bonum,

301 4828 376 4898 quod
400 4828 516 4881 virendo
540 4827 699 4894 ostenditur,
723 4826 805 4880 etiam
829 4825 967 4896 loquendo
990 4829 1166 4894 propagetur.

409 5054 432 5103 1.
460 5052 604 5118 2litigose
625 5053 656 5102 (l.

409 5143 463 5192 111.
493 5144 525 5192 10
544 5135 707 5206 neglectam]
727 5147 860 5206 repertam
882 5139 914 5190 G.

408 5231 441 5281 V.
471 5233 504 5282 18
523 5229 683 5298 Cupidatem
704 5230 736 5281 G.
809 5233 843 5280 20
863 5229 984 5290 Quorum
1005 5227 1037 5277 G.
1110 5228 1143 5276 22
1163 5219 1357 5288 ministrorum]
1375 5227 1586 5276 ministeriorum
1608 5227 1639 5276 G.

409 5321 456 5371 vl.
485 5322 519 5371 26
538 5313 580 5384 ss]
599 5336 649 5370 seu
669 5319 701 5370 G.
775 5321 808 5369 28
827 5317 950 5368 sectandi
971 5316 1002 5370 G,
1022 5315 1122 5365 sectari
1140 5313 1196 5364 edd.

413 5521 442 5590 1)
467 5515 516 5589 Cf.
541 5537 663 5575 canones
684 5524 776 5592 apost.
797 5535 821 5572 c.
838 5519 888 5584 44,
913 5514 1011 5572 eondl.
1028 5512 1184 5570 chaertrrm
1208 5532 1232 5569 c.
1250 5516 1298 5582 17,
1324 5511 1499 5570 Laodicense
1521 5533 1544 5569 c.
1562 5518 1581 5572 5
1605 5534 1640 5570 nc
1658 5514 1816 5589 praecipue
1833 5513 1956 5573 Cartba-

301 5625 428 5704 giniense
451 5628 511 5683 c.5
534 5619 649 5698 (transi
669 5622 694 5693 I,
711 5627 761 5682 56.
787 5622 826 5691 II,
845 5627 917 5682 682.
934 5625 1005 5680 577.
1030 5620 1087 5690 III,
1105 5615 1186 5694 711).
1257 5619 1287 5690 2)
1314 5619 1364 5692 Qs.
1388 5619 1486 5676 concil.
1505 5619 1731 5678 Chalcedonensis
1753 5641 1778 5678 c.
1794 5625 1832 5691 2,·
1858 5622 1958 5678 transi

258 5759 286 5800 rs
311 5733 373 5803 VII,
396 5735 466 5792 373.
560 5732 590 5800 3)
615 5730 680 5787 bion
705 5729 807 5787 inueni.
899 5729 930 5796 4)
958 5727 1007 5798 Cf.
1032 5747 1154 5784 cationes
1177 5734 1267 5803 apost.
1293 5747 1317 5782 e.
1333 5729 1384 5794 42,
1408 5725 1507 5782 concil.
1532 5726 1707 5783 Laodiceam
1730 5747 1753 5784 c.
1774 5731 1832 5790 al.-
1858 5728 1958 5785 llaasr'

305 5840 397 5910 I,56.
423 5838 462 5907 II,
479 5842 550 5896 579.
644 5836 673 5906 5)
699 5835 856 5913 Gregorius
882 5835 934 5905 nl,
959 5834 1071 5911 Regula
1089 5842 1201 5908 pastor.
1227 5832 1291 5889 libri
1313 5832 1333 5889 1
1346 5833 1465 5908 praes.,·
1497 5831 1570 5908 opp.
1596 5833 1634 5902 II,
1651 5839 1681 5893 2.

1691 5948 1743 6005 gra

1710 5979 1723 6005 a}
