4884 6717
681 498 733 555 44.
769 498 988 556 CONCILIUM
1010 497 1239 554 PARISIENSE
1262 499 1299 554 A.
1320 497 1394 554 825.
1801 491 1862 554 521

211 686 345 772 largitor
379 686 523 750 omnium
557 683 718 749 bonorum
747 684 909 749 Dominus
945 683 985 749 de
1016 683 1135 749 mundo
1167 683 1380 770 corporaliter
1408 682 1620 749 abscessurus
1649 707 1709 770 pro
1739 707 1865 750 summo

210 803 308 879 atque
332 792 487 857 altissimo
510 814 644 866 munere
667 790 818 856 fidelibus
842 793 909 856 auis
931 790 1038 856 dando
1062 792 1185 877 pariter
1208 802 1242 855 et
1264 790 1477 878 relinquendo
1500 790 1612 877 largiri
1636 791 1865 878 dignatusest,

211 898 341 964 dicens:
365 900 478 965 Pacem
502 924 603 964 assam
627 899 668 963 do
691 900 789 978 vobis,
807 923 920 985 pacem
943 924 1044 964 meam
1067 900 1212 984 relinquo
1237 900 1334 979 cobis,
1357 896 1437 962 illud
1461 899 1560 962 etiam
1580 898 1719 985 apostoli
1741 899 1866 984 pariter
1885 923 2013 972 nultra

210 1006 424 1072 attentissime
436 1005 645 1092 cogitandum
661 1015 724 1069 est:
738 1005 851 1070 Pacem
863 1008 1038 1092 sequimini
1047 1020 1075 1069 et
1088 1007 1340 1085 sanctimoniam,
1356 1007 1424 1070 stne
1436 1031 1499 1092 qao
1515 1030 1603 1070 acmo
1616 1006 1735 1071 videdit
1746 1006 1866 1086 Deam,·
1884 1030 1953 1070 asur.
1963 1031 2039 1081 isus.

178 1124 244 1180 set
265 1112 389 1178 idcirco
412 1111 510 1177 valde
538 1134 673 1178 necesse
704 1123 767 1193 est,
792 1121 829 1175 ut
858 1112 1005 1198 quisquis
1035 1109 1078 1175 ad
1107 1108 1196 1174 illam
1228 1111 1380 1197 patriam.
1398 1111 1563 1176 desiderat
1593 1112 1775 1198 pervenire,
1807 1109 1865 1175 ubi

210 1242 386 1305 numquam
418 1218 582 1284 discordia
613 1218 718 1304 potuit
747 1217 801 1282 rel
830 1218 949 1304 poterit
975 1219 1121 1299 introire,
1155 1215 1237 1281 illud
1267 1240 1470 1305 summopere
1500 1240 1598 1304 agere
1629 1217 1768 1298 studeat,
1803 1240 1865 1305 per

211 1326 299 1413 quod
322 1335 354 1390 et
377 1326 447 1412 ipse
472 1324 559 1389 illam
575 1325 648 1389 Deo
665 1323 819 1411 placitam
836 1325 980 1388 caritatis
999 1346 1115 1411 pacem
1140 1346 1214 1388 cum
1239 1323 1389 1389 omnibus
1413 1323 1533 1388 habere
1551 1324 1680 1389 studeat
1696 1336 1728 1389 et
1751 1347 1864 1389 omnes

210 1443 323 1498 contra
345 1431 433 1497 illam
457 1454 572 1518 pacem
597 1430 822 1496 discordantes
846 1428 888 1494 ad
911 1452 1024 1494 veram
1049 1428 1258 1494 concordiam
1282 1453 1438 1496 revocare
1463 1430 1649 1495 contendat.

317 1556 450 1623 Certum
474 1568 523 1621 est
547 1557 644 1638 enim,
668 1558 755 1642 quia,
780 1557 864 1619 sicut
887 1557 1070 1641 quisquam,
1095 1557 1122 1619 si
1147 1554 1285 1620 eandem
1308 1557 1487 1636 caritatem,
1512 1554 1600 1619 illam
1624 1556 1697 1620 Deo
1722 1554 1861 1642 placitae

166 1694 192 1733 n
209 1665 422 1729 fraternitatis
447 1664 626 1744 caritatem,
651 1684 783 1727 servare
807 1662 926 1748 poterit
948 1673 981 1726 et
1003 1660 1153 1742 uoluerit,
1178 1661 1219 1726 ad
1251 1661 1405 1747 palatium
1431 1663 1576 1726 caritatis
1600 1663 1773 1749 pervenire
1796 1684 1862 1726 non

210 1772 339 1859 poterit,
364 1771 419 1848 ita,
444 1771 470 1833 si
495 1768 576 1849 illos,
601 1791 682 1854 quos
709 1780 821 1833 contra
844 1767 982 1833 eandem
1006 1767 1190 1832 dilectionis
1213 1769 1370 1832 unitatem
1395 1767 1590 1833 dissidentes
1614 1770 1806 1854 cognoverit
1829 1780 1862 1834 et

210 1878 282 1943 illos
305 1876 347 1941 ad
370 1887 480 1941 tantae
504 1874 716 1940 beatitudinis
739 1877 827 1939 viam
850 1897 1006 1939 revocare
1030 1875 1149 1961 poterit
1172 1886 1205 1940 ct
1228 1876 1357 1956 virtute,
1382 1898 1448 1962 qus
1462 1874 1561 1957 valet,
1586 1898 1650 1940 non
1675 1877 1860 1957 certaverit,

210 1986 281 2071 ipse
316 1982 379 2048 sibi
414 1982 559 2046 eiusdem
590 1980 802 2046 beatitudinis
833 1982 964 2046 ianuam
995 1982 1075 2045 seris
1111 1981 1320 2046 validissimis
1355 1981 1487 2047 claudit.
1541 1982 1699 2048 Similiter
1733 2004 1862 2069 quoque

210 2092 387 2156 iustissimo
403 2090 468 2154 Dei
492 2088 614 2153 iudicio
639 2087 777 2152 eandem
802 2086 951 2152 calcandi
975 2089 1123 2152 semitam
1147 2086 1349 2153 obstaculum
1375 2088 1437 2153 sibi
1461 2090 1605 2176 opponit,
1631 2091 1658 2153 si
1683 2088 1862 2154 secuudum

167 2197 374 2286 equalitatis
398 2218 477 2261 suae
500 2194 642 2274 modum,
667 2217 778 2259 omnes
802 2196 835 2258 in
859 2195 933 2259 Deo
957 2196 1126 2259 unanimes
1156 2218 1197 2258 ne
1228 2196 1262 2258 in
1292 2193 1458 2260 baratrum
1488 2195 1672 2260 discordiae
1696 2207 1862 2282 proruant,

210 2316 366 2394 quantum
390 2304 485 2367 reniti
509 2300 685 2389 praevalet,
710 2301 847 2366 viriliter
870 2324 934 2366 non
959 2301 1135 2366 contendit.
1171 2301 1266 2365 Haec
1282 2300 1324 2366 sd
1341 2301 1401 2366 boc
1417 2324 1482 2366 non
1497 2301 1640 2367 humana
1656 2314 1862 2388 argumenta·

210 2414 297 2478 tione
322 2421 462 2497 reperta,
487 2408 545 2473 sed
569 2407 680 2473 divina
704 2419 772 2472 tota
795 2406 865 2472 orbi
889 2418 1047 2472 terrarum
1073 2406 1210 2472 docente
1234 2409 1426 2473 auctoritate
1446 2408 1564 2474 diffusa
1580 2421 1678 2496 atqua
1695 2410 1864 2473 notissima

209 2519 331 2606 ubique
355 2515 466 2581 valere
491 2513 620 2594 debent,
650 2527 695 2596 ut,
726 2513 924 2600 ubicumque
948 2514 1068 2578 fuerint
1092 2513 1326 2597 discordantes,
1358 2514 1401 2579 ad
1425 2516 1632 2580 concordiam
1656 2526 1861 2597 revocentur,

209 2623 389 2690 concordes
411 2644 500 2703 vero,
524 2644 565 2686 ne
590 2623 623 2686 in
647 2620 845 2686 discordiam
869 2632 1034 2707 proruant,
1058 2619 1100 2684 ab
1124 2621 1296 2702 universis,
1321 2623 1377 2707 qui
1401 2621 1601 2707 praevalent,
1626 2633 1786 2687 tueantur.

164 2778 191 2818 se
316 2749 377 2813 His
402 2749 447 2812 ita
471 2747 654 2811 summatim
679 2746 876 2832 praemissis,
902 2745 1002 2808 series
1019 2743 1113 2808 buius
1129 2743 1282 2809 dictionis
1299 2744 1449 2831 postulat,
1474 2758 1509 2809 ut
1525 2745 1726 2832 subsequens
1743 2768 1860 2827 sermo,

210 2880 269 2922 cur
291 2855 369 2921 talia
392 2855 573 2941 praemissa
596 2853 670 2933 sint,
695 2851 802 2916 lucide
827 2850 959 2938 pandat.

318 2980 404 3061 Quia
427 2980 536 3064 igitur,
561 2990 596 3041 ut
618 2978 772 3042 universo
797 2975 1020 3041 ecclesiastico
1044 2974 1150 3040 ordini
1174 2974 1341 3040 revelante
1366 2974 1490 3062 Spiritu
1521 2989 1634 3041 sancto
1664 2989 1774 3042 notum
1800 2988 1859 3056 est,

210 3090 294 3152 inter
317 3098 427 3151 cetera
443 3086 574 3173 pietatis
591 3083 786 3149 documenta
802 3093 941 3148 testante
958 3081 1103 3169 apostolo
1119 3081 1212 3164 fides,
1237 3105 1322 3169 spes,
1347 3083 1466 3147 caritas
1483 3084 1688 3169 praeminent
1703 3085 1859 3170 ipsaeque
1878 3105 1928 3146 aar
1944 3105 1996 3149 cor.

209 3217 335 3259 rursum
367 3194 503 3256 virtutes
534 3214 593 3278 per
622 3189 839 3277 prudentiam,
870 3189 1128 3276 temperantiam,
1159 3188 1380 3254 fortitudinem
1411 3201 1509 3275 atque
1541 3192 1696 3255 iustitiam
1726 3201 1858 3255 auctore
1899 3159 1975 3210 Μ

164 3329 190 3368 ss
208 3302 283 3366 Deo
308 3297 539 3364 inviolabiliter
568 3306 813 3376 conservantur,
845 3297 890 3359 ita
919 3318 1030 3360 rursus
1061 3294 1135 3359 illae
1166 3306 1318 3381 quattuor
1348 3295 1389 3360 ad
1419 3295 1593 3360 humanam
1618 3296 1785 3361 derivatae
1809 3321 1858 3362 se·

208 3407 314 3472 briam
338 3405 618 3471 conversationem
642 3427 701 3490 pcr
716 3404 885 3484 rationem,
909 3401 1149 3482 discretionem,
1173 3400 1377 3466 honestatem
1394 3413 1491 3489 atque
1513 3402 1682 3467 utilitatem
1699 3401 1860 3469 habentur

208 3501 306 3601 sitque
330 3523 480 3594 utuntur3
512 3509 682 3597 nullusque
713 3511 782 3573 istis
807 3531 922 3573 carens
951 3507 1023 3572 illas
1050 3509 1195 3595 perfecte
1228 3507 1348 3573 habere
1379 3510 1484 3596 potuit
1515 3532 1575 3574 nec
1606 3511 1653 3574 eis
1684 3511 1756 3590 rite,
1788 3511 1858 3575 istis

209 3621 336 3708 spretis,
361 3617 536 3706 aliquando
560 3619 606 3681 uti
631 3615 823 3703 praevaluit
862 3615 906 3679 Et
929 3617 1078 3702 quemvis
1102 3616 1167 3680 sint
1190 3615 1352 3702 quaedam
1376 3639 1418 3680 cx
1442 3618 1489 3680 eis
1508 3615 1683 3681 humanam
1699 3618 1859 3681 rationem

209 3726 418 3806 excedentes,
442 3738 477 3789 ut
500 3735 574 3788 sunt
597 3722 761 3803 nonnulla,
793 3745 877 3809 quae
908 3720 977 3786 sola
999 3721 1064 3786 fide
1088 3723 1203 3808 attingi
1228 3734 1364 3809 possunt
1394 3735 1426 3787 et
1454 3722 1495 3787 ob
1519 3722 1581 3787 hoc
1604 3722 1783 3787 ineffabilia
1807 3723 1860 3788 vel

164 3861 191 3900 so
209 3829 551 3920 incomprehensibilia
574 3829 737 3910 dicuntur,
761 3830 951 3894 auctoritate
976 3841 1084 3893 tamen
1108 3828 1220 3893 divina
1243 3830 1276 3892 in
1301 3830 1402 3894 sacris
1419 3828 1648 3910 voluminibus,
1673 3841 1859 3895 sanctorum

210 3942 307 4005 etiam
338 3937 569 4005 catholicorum
600 3948 729 4023 patrum
760 3934 886 4018 edictis,
916 3936 990 4000 Deo
1021 3935 1197 4017 revelante,
1229 3935 1369 4022 qualiter
1398 3936 1513 4001 eadem
1542 3936 1683 4001 tenenda
1707 3937 1759 4001 vel
1784 3961 1859 4002 cou-

209 4046 331 4112 fitenda
355 4047 428 4126 sint,
453 4044 653 4108 sufficienter
676 4043 914 4129 repperiuntur.
957 4042 1102 4128 Ideoque
1126 4065 1232 4128 poene
1256 4041 1298 4105 ab
1315 4041 1464 4107 omnibus
1481 4041 1695 4126 desideratur,
1719 4053 1859 4130 optatur,

210 4155 386 4241 quaeritur,
410 4163 445 4216 ut
468 4152 593 4215 ratione
617 4161 805 4236 praeeunte,
830 4150 1003 4213 comitante
1020 4147 1073 4212 vel
1090 4147 1308 4235 subsequente
1326 4150 1358 4212 in
1382 4148 1532 4214 omnibus
1556 4149 1608 4214 vel
1633 4150 1673 4215 de
1697 4151 1858 4233 omnibus,

209 4260 296 4325 unde
321 4270 427 4325 certus
451 4281 522 4322 esse
547 4255 722 4336 desiderat,
754 4253 845 4319 salvs
869 4243 907 4318 'et
934 4255 1116 4341 anteposita
1146 4279 1276 4342 semper
1306 4267 1339 4320 et
1369 4254 1489 4342 ubique
1520 4255 1632 4320 divina
1655 4259 1858 4339 auctoritate,

165 4393 191 4432 rs
210 4391 274 4432 nen
304 4367 394 4454 prius
425 4363 570 4451 qualibet
600 4362 743 4426 humana
773 4360 1002 4425 adinventione
1033 4374 1217 4448 opponatur
1246 4385 1344 4448 quam
1375 4361 1444 4426 utili
1468 4363 1592 4427 ratione
1617 4364 1793 4428 instruatur
1816 4375 1859 4445 et,

209 4474 438 4559 undecumque
463 4482 571 4535 certus
595 4491 666 4534 esse
692 4468 865 4548 desiderat,
890 4467 1029 4554 pleniter
1052 4466 1226 4532 imbuatur.

316 4597 445 4662 Idcirco
469 4618 547 4681 ergo
572 4616 776 4681 summopere
800 4591 983 4658 cavendum
1008 4602 1067 4673 est,
1096 4615 1136 4656 ne
1160 4592 1283 4657 homini
1306 4592 1454 4657 rationali
1478 4594 1635 4658 rationem
1660 4593 1859 4658 desideranti

210 4717 307 4791 atque
332 4703 479 4790 poscenti
502 4701 567 4766 ullo
590 4701 686 4765 modo
710 4701 792 4764 ratie
809 4699 1031 4780 interdicatur,
1056 4700 1117 4763 nisi
1134 4710 1259 4763 tantum
1276 4701 1310 4764 in
1326 4699 1385 4780 his,
1409 4711 1445 4763 ut
1461 4722 1559 4787 supra
1574 4713 1859 4764 commemoratum

211 4823 269 4892 est,
293 4807 468 4875 ineffabilis
492 4819 582 4873 tanta
605 4831 644 4872 ac
668 4806 741 4871 talis
765 4818 915 4870 occurrat
938 4804 1130 4884 sublimitas,
1161 4807 1214 4870 cui
1245 4807 1360 4870 merito
1384 4807 1538 4870 universa
1561 4806 1702 4871 humana
1726 4831 1760 4870 se
1785 4805 1859 4871 sub-

165 4941 193 4980 so
211 4929 334 4982 sternat
357 4915 612 4981 ratiocinationis
637 4912 810 4979 humilitas.
850 4912 937 4993 Quia
953 4935 1030 4977 vero
1054 4936 1118 4977 une
1135 4913 1250 4999 pretio,
1271 4911 1391 4977 Christi
1414 4912 1571 4977 videlicet
1594 4915 1763 4996 sanguine,
1787 4913 1859 4978 red·

211 5025 321 5111 empti,
345 5023 461 5087 fratres
485 5045 596 5086 sumus
619 5033 651 5085 et
674 5022 744 5107 ipso
761 5020 945 5100 miseraute,
971 5019 1062 5083 cuius
1079 5018 1302 5083 misericordia
1318 5018 1352 5082 id
1368 5019 1478 5100 simus,
1502 5022 1655 5102 cognosci
1673 5022 1859 5102 meruimus,

212 5130 397 5196 cumomni
421 5130 538 5193 mentis
562 5126 691 5208 affectu,
716 5137 751 5189 ut
775 5148 873 5211 supra
889 5138 1174 5189 commemoratum
1191 5137 1250 5206 est,
1274 5128 1500 5191 necessitatem
1517 5125 1651 5191 fratrum
1668 5139 1860 5208 nostrorum,

212 5238 309 5302 totius
340 5235 464 5300 scilicet
494 5235 622 5320 imperii
654 5231 868 5298 Orientalium
900 5231 1130 5312 Romanorum,
1161 5231 1204 5295 ad
1235 5233 1347 5297 intima
1378 5233 1485 5298 cordis
1516 5234 1615 5296 nostri
1647 5234 1774 5297 viscera
1804 5233 1860 5298 ad-

212 5344 339 5407 mittere
364 5340 531 5421 debemus,
563 5362 700 5426 quorum
729 5336 950 5402 inviolabilem
974 5339 1143 5402 caritatem
1168 5336 1209 5402 ob
1233 5338 1354 5403 nullam
1379 5338 1474 5403 aliam
1498 5338 1744 5426 disceptationis
1767 5363 1861 5404 occa·

165 5474 194 5514 ss
212 5450 335 5513 sionem
359 5449 454 5512 nimis
479 5446 602 5512 duriter
631 5457 673 5527 et,
703 5458 739 5509 ut
761 5444 869 5509 multis
901 5443 1040 5525 videtur,
1071 5443 1343 5509 inrationabiliter
1373 5446 1506 5509 scissam
1538 5468 1610 5508 esse
1639 5447 1861 5531 cognovimus,

212 5557 274 5620 nisi
298 5553 540 5641 quodquidam
565 5552 693 5617 illorum
723 5575 788 5616 una
818 5575 891 5616 cum
915 5549 1098 5616 llichahele
1127 5562 1159 5615 et
1182 5550 1363 5637 Theophila
1393 5550 1654 5638 imperatoribus,
1685 5553 1862 5618 carissimis

211 5662 366 5726 fratribus
390 5661 518 5742 nostris,
543 5661 702 5746 imagines
719 5669 904 5723 sanctorum
920 5680 983 5721 non
1001 5655 1122 5721 habere
1145 5656 1268 5736 volunt,
1293 5657 1426 5743 quidam
1443 5681 1520 5722 vero
1538 5671 1671 5723 econtra
1687 5682 1729 5724 ex
1746 5659 1861 5724 eadem

318 5867 334 5913 4
354 5869 396 5914 est
412 5861 479 5913 deest
497 5860 528 5913 P.
601 5864 635 5912 35
655 5855 741 5926 prins]
761 5859 862 5924 supple:
880 5858 1037 5924 quidquam.
1110 5854 1272 5922 instruatur]
1292 5859 1413 5925 intelligat:
1432 5859 1528 5911 fidelis.

267 5966 311 6008 tn..
326 5965 426 6006 coneum
440 5964 469 6006 11.
1614 5969 1648 6018 3ss
