4884 6717
522 517 585 580 752
940 523 991 579 56.
1028 522 1246 579 CONCILIUM
1270 523 1599 587 AQUISGRANENSE
1622 525 1659 579 Α.
1682 523 1756 579 836.

342 739 500 792 asnaa.
518 726 563 776 est
581 713 681 799 pleps
703 713 743 775 ab
760 710 893 775 Israhel.
933 710 1027 775 Haec
1050 710 1173 775 idcirco
1197 712 1374 797 posuimus,
1395 721 1431 774 ut
1447 710 1733 790 animadvertatur,
1751 721 1906 797 quantum
1922 709 2010 796 apud
2027 709 2171 774 divinam

517 818 721 881 maiestatem
743 816 853 881 valeat
880 826 912 880 et
935 819 1102 881 veneratio
1133 817 1238 881 divini
1273 816 1377 882 cultus
1408 827 1440 880 et
1475 817 1595 881 erectio
1630 838 1796 881 sacrorum
1831 815 1980 880 altarium
2016 827 2049 880 et
2083 815 2171 880 holo·

518 933 702 987 carrstorum
727 933 759 987 et
782 923 992 1009 pacificorum
1017 934 1050 988 et
1073 935 1265 1006 ceterorum,
1296 946 1380 1009 quae
1404 923 1546 987 Domino
1577 922 1763 1003 offeruntur,
1799 921 1920 987 oblatio
1951 934 1983 986 et
2013 934 2171 1009 quantum

517 1030 590 1094 Deo
615 1028 788 1115 displiceat
811 1052 923 1094 eorum
947 1029 1077 1095 ablatio.

625 1153 708 1240 (53.)
732 1153 807 1218 XV.
831 1154 1088 1218 Ferventissima
1102 1177 1243 1241 namque
1260 1153 1406 1219 eiusdem
1418 1154 1528 1218 David
1545 1176 1624 1240 erga
1638 1154 1794 1240 templum
1806 1152 1940 1217 Domini
1953 1154 2087 1240 eiusque
2101 1152 2168 1218 cul-
2186 1174 2201 1215 s

358 1283 378 1321 a
387 1280 441 1328 sea
450 1283 470 1332 r,
478 1282 498 1324 2.
516 1271 584 1324 tum
599 1261 633 1324 in
645 1272 768 1325 tautum
785 1262 933 1324 excrevit
945 1260 1085 1342 devotio,
1102 1273 1137 1325 ut
1150 1260 1274 1325 diceret
1289 1260 1332 1324 ad
1344 1260 1474 1324 Nathan
1486 1260 1691 1347 prophetam:
1711 1261 1854 1339 Videsne,
1869 1261 1955 1347 qaod
1967 1286 2021 1348 epo
2034 1263 2168 1326 habitem

517 1370 550 1432 in
575 1367 665 1431 doaso
689 1368 820 1432 cedreno
844 1382 872 1432 ct
893 1394 970 1432 arco
994 1368 1061 1433 Dei
1082 1371 1192 1454 posim
1221 1371 1264 1432 sit
1285 1372 1320 1433 in
1343 1368 1446 1433 medio
1470 1368 1630 1454 pellium?
1659 1378 1692 1430 et
1715 1377 1834 1448 cetera,
1864 1389 1948 1453 quae
1979 1378 2168 1453 sequuntur.

516 1471 629 1536 Voluit
652 1475 749 1555 enim,
774 1474 859 1537 sicut
881 1476 1051 1560 sequentia
1075 1472 1203 1556 docent,
1228 1474 1452 1538 ardentissime
1482 1496 1522 1538 ac
1552 1473 1761 1538 devotissime
1792 1472 1923 1538 domum
1946 1473 2020 1537 Deo
2043 1472 2168 1538 Israhel

515 1580 618 1643 mirae
642 1579 876 1664 magnitudinis
901 1590 932 1642 et
955 1579 1167 1644 admirandae
1191 1579 1442 1665 pulchritudinis
1466 1579 1650 1662 aedificare,
1675 1579 1743 1662 sed,
1768 1581 1846 1666 quia
1868 1578 1910 1644 ab
1934 1580 2049 1644 cadem
2079 1579 2167 1643 aedi·

355 1717 496 1766 ,magn
516 1685 668 1749 ficatione
692 1709 712 1749 a
734 1686 876 1750 Domino
901 1697 949 1749 est
973 1687 1154 1773 prohibitus
1185 1699 1227 1768 et,
1258 1701 1294 1750 ut
1322 1685 1407 1750 filius
1438 1687 1517 1768 eius,
1554 1688 1610 1773 qui
1640 1686 1850 1772 egrederetur
1883 1686 1924 1751 de
1959 1698 2051 1750 utero
2086 1686 2166 1767 eius,
2188 1710 2214 1748 ro

516 1792 658 1856 Domino
683 1790 747 1856 sibi
770 1791 935 1856 revelante
960 1816 1000 1857 ac
1023 1793 1206 1879 pollicente,
1232 1792 1370 1857 eandem
1395 1793 1525 1858 domurn
1548 1792 1632 1858 foret
1655 1792 1896 1874 aedificaturus,
1913 1791 2037 1874 didicit,
2054 1814 2166 1857 omnes

516 1899 669 1985 inpensas
690 1899 836 1963 eiusdem
860 1899 1084 1964 aedificandae
1105 1899 1230 1981 domus,
1255 1923 1335 1986 quas
1360 1899 1565 1964 dinumerare
1588 1899 1721 1985 longum
1746 1911 1804 1980 est,
1828 1901 2016 1985 preparavit
2038 1921 2166 1964 necnon

516 2015 549 2068 et
571 2005 708 2070 donaria
730 2007 900 2069 innumera
923 2007 957 2069 in
981 2005 1209 2070 diversissimis
1234 2029 1273 2070 ac
1296 2007 1537 2092 pretiosissimis
1561 2004 1733 2092 speciebus
1757 2005 1841 2070 laeto
1866 2016 1898 2070 et
1927 2006 2028 2070 alacri
2057 2007 2165 2071 animo

515 2112 732 2176 sanctificavit
759 2123 791 2176 et
821 2113 853 2175 in
877 2112 1037 2176 thesauris
1068 2112 1152 2176 illius
1183 2111 1393 2177 recondenda
1419 2114 1632 2195 consecravit,
1663 2114 1758 2177 sicuti
1788 2114 1822 2176 in
1845 2113 2030 2198 Regnorum
2061 2112 2164 2198 preci·

338 2233 495 2327 lgprtfip.2⁷2;
515 2241 644 2305 pueque
667 2218 940 2306 Paralipomenon
963 2217 1045 2282 libro
1069 2218 1216 2283 habetur.
2186 2243 2210 2282 ¹⁶

622 2344 705 2430 (54).
725 2343 818 2408 XVI.
844 2343 991 2424 Qualiter
1006 2355 1113 2407 autem
1127 2342 1281 2408 Salomon
1293 2343 1378 2407 filius
1390 2342 1511 2423 David,
1528 2344 1771 2429 potentissimus
1787 2365 1826 2408 ac
1843 2343 2021 2406 ditissimus
2037 2364 2163 2428 regum,

515 2450 644 2515 domum
660 2450 803 2514 Domino
827 2473 869 2514 ex
893 2451 1036 2536 inpensis
1060 2452 1204 2536 paternis
1229 2463 1261 2514 et
1276 2450 1508 2537 copiosissimis
1524 2448 1705 2535 sumptibus
1721 2451 1787 2514 suis
1804 2449 2026 2513 aedificaverit
2041 2459 2074 2513 et
2089 2472 2163 2513 cam

514 2558 639 2643 ingenti
662 2556 766 2642 gloria
790 2556 991 2620 dedicaverit
1014 2567 1047 2621 et
1077 2580 1126 2638 ea,
1163 2580 1247 2643 quae
1277 2568 1371 2643 pater
1394 2578 1470 2619 suns
1501 2558 1569 2620 sive
1599 2557 1670 2641 ipse
1694 2555 1836 2619 Domino
1868 2554 2030 2621 obtulerat
2063 2568 2095 2620 et
2129 2556 2163 2619 in

514 2662 674 2728 thesauris
698 2665 767 2727 eius
798 2662 1007 2727 recondenda
1036 2664 1298 2729 sanctificaverat
1328 2676 1360 2727 et
1394 2673 1659 2742 consecraverat,
1695 2673 1727 2725 et
1762 2661 1840 2747 quid
1875 2684 1895 2726 a
1923 2663 2065 2728 Domino
2101 2661 2164 2727 sibi

410 2847 487 2896 mg
514 2780 693 2856 apparente
717 2779 750 2834 et
771 2769 944 2855 pollicente
968 2769 1102 2851 audivit,
1127 2769 1179 2834 hic
1203 2793 1263 2856 per
1285 2769 1413 2855 singula
1436 2768 1752 2833 commemorandum
1776 2766 1976 2832 subsicivum
1999 2768 2163 2850 duximus,
2182 2794 2210 2832 ro

368 2901 493 2994 ‘gap-p.
513 2877 684 2962 presertim
709 2898 784 2940 cum
807 2874 992 2961 legentibus
1015 2878 1124 2939 omnia
1148 2878 1181 2939 in
1204 2876 1390 2940 memoratis
1414 2874 1504 2939 libris
1528 2878 1562 2939 in
1585 2886 1736 2961 promptu
1759 2872 1950 2939 habeantur.

353 2965 383 2993 0.
406 2984 411 2997 .
438 2965 493 2995 m.

391 3009 494 3048 0⁰·2-2·
621 3000 703 3086 (55).
728 2999 838 3063 XVII.
870 2999 966 3080 Quod
983 3022 1060 3064 vero
1081 2999 1195 3064 eadem
1211 2999 1326 3064 domus
1346 3012 1459 3086 typum
1478 3000 1616 3085 gesserit
1635 3011 1767 3064 sanctae
1783 3000 1848 3064 Dei
1867 2999 2036 3080 ecclesiae,
2056 2999 2163 3064 nullus

514 3130 628 3172 sanum
652 3108 782 3193 sapiens
806 3108 945 3192 ignorat.
993 3106 1150 3192 Quisquis
1174 3107 1260 3170 euim
1285 3129 1327 3170 ex
1350 3129 1423 3171 asse
1446 3129 1541 3171 nosse
1566 3108 1666 3193 cupit,
1695 3105 1813 3193 quibus
1843 3105 2031 3171 muneribus
2062 3108 2162 3170 ceteri

513 3236 608 3299 reges
633 3212 772 3277 candem
795 3212 1025 3276 honoraverint
1048 3223 1081 3277 et
1104 3211 1322 3277 exaltaverint
1343 3224 1440 3299 atque
1465 3213 1735 3300 amplificaverint
1758 3212 1888 3277 domurn
1912 3214 2037 3277 eteius
2061 3212 2162 3278 cultui

514 3318 659 3384 debitum
687 3318 895 3383 exhibuerint
926 3317 1117 3383 famulatum
1148 3328 1181 3383 et
1210 3317 1328 3405 quibus
1358 3320 1521 3406 preconiis
1550 3331 1759 3384 veneratores
1790 3332 1823 3384 et
1852 3331 2013 3384 amatores
2043 3321 2112 3384 eius
2141 3343 2161 3384 a
2180 3342 2207 3382 rs

514 3427 656 3492 Domino
681 3426 746 3490 sint
769 3424 892 3489 laudati
916 3435 948 3489 et
971 3424 1011 3488 de
1035 3425 1176 3489 hostiurn
1201 3448 1332 3490 suornm
1355 3425 1483 3491 insidiis
1506 3429 1567 3491 tuti
1590 3450 1629 3491 ac
1653 3426 1791 3508 liberati,
1815 3424 2066 3490 dehonoratores
2082 3449 2161 3493 vero

513 3532 659 3598 eiusdem
683 3531 794 3618 templi
819 3543 851 3595 et
874 3531 1058 3596 divinorum
1088 3541 1317 3618 preceptorum
1346 3542 1602 3618 transgressores
1626 3545 1782 3619 quantum
1813 3556 1833 3597 a
1855 3533 1997 3597 Domino
2021 3534 2086 3597 sint
2111 3555 2160 3597 re-

512 3638 641 3727 probati
664 3650 698 3703 et
720 3636 761 3702 ab
786 3636 931 3703 hostibus
955 3639 1022 3702 suis
1046 3637 1208 3718 trucidati,
1233 3640 1350 3702 seriem
1374 3639 1551 3704 eorundem
1572 3638 1728 3704 librorum
1751 3639 1924 3725 diligenter
1938 3638 2025 3725 legat
2041 3649 2073 3704 et
2088 3660 2161 3726 pro·

512 3747 598 3820 fecto
623 3746 795 3832 repperiet,
820 3744 908 3831 quod
931 3743 1009 3809 nulli
1033 3744 1215 3809 dominicae
1241 3744 1355 3809 domus
1378 3745 1605 3810 dehonoratori
1629 3756 1805 3826 eteorum,
1830 3769 1914 3832 quae
1938 3746 2080 3810 Domino
2104 3744 2160 3809 ob·

512 3852 578 3916 lata
601 3865 684 3934 sunt,
709 3853 885 3938 surreptori
909 3852 1029 3937 inpune
1053 3852 1197 3915 cesserit.
1238 3851 1331 3915 Haec
1355 3850 1396 3915 de
1420 3851 1631 3916 Israheliticis
1647 3853 1740 3916 iustis
1761 3851 1904 3936 regibus,
1928 3851 2031 3915 divini
2046 3851 2160 3938 templi
2179 3876 2206 3915 ro

511 3958 759 4024 honoratoribus
790 3970 822 4022 et
852 3958 983 4022 diversa
1013 3958 1148 4022 donaria
1177 3957 1320 4022 Domino
1351 3957 1570 4039 offerentibus,
1605 3981 1732 4023 necnon
1765 3969 1797 4022 et
1828 3958 1867 4023 de
1902 3959 2029 4022 iniustis
2065 3981 2159 4023 secus

512 4064 684 4151 agentibus
701 4076 733 4129 et
750 4064 895 4129 eiusdem
912 4064 1122 4129 sacratissimi
1138 4063 1250 4150 templi
1265 4063 1556 4129 dehonoratoribus
1573 4076 1606 4129 et
1629 4064 1751 4129 acultu
1769 4065 1879 4129 divino
1900 4088 1934 4129 se
1953 4066 2041 4151 ipsos
2057 4089 2158 4152 popu·

511 4171 642 4259 lumque
659 4172 722 4236 Dei
740 4169 957 4235 alienantibus
974 4183 1006 4234 ct
1020 4169 1063 4234 ad
1079 4169 1166 4234 idola
1182 4172 1328 4256 gentium
1344 4170 1607 4236 convertentibus
1623 4171 1766 4236 breviter
1782 4173 1983 4257 congessisse
2007 4171 2157 4236 sufficiat.

619 4299 702 4384 (56).
727 4295 854 4360 XVIII.
886 4295 979 4360 Idem
997 4297 1097 4380 igitur
1112 4295 1185 4359 Deo
1203 4308 1366 4360 sacratum
1381 4296 1537 4382 templum
1555 4295 1597 4360 ab
1613 4297 1756 4360 externis
1776 4295 1927 4381 gentibus
1944 4305 2070 4360 constat
2086 4318 2157 4359 esse

340 4410 491 4502 “diste-⁵2
510 4415 700 4468 veneratum
724 4413 756 4467 et
779 4400 1013 4487 multiplicibus
1037 4401 1130 4464 donis
1154 4400 1356 4483 honoratum,
1388 4404 1471 4467 sicut
1501 4402 1601 4467 habes
1632 4402 1673 4466 de
1696 4403 1811 4467 Hiram
1841 4425 1919 4488 rege
1943 4403 2025 4488 Tyri
2054 4414 2087 4467 et
2116 4402 2157 4466 de
2177 4425 2204 4466 rs

361 4475 490 4610 &pli-¹⁰3³,
511 4509 648 4575 Seleuco
672 4532 749 4595 rege
771 4508 883 4590 Asiae,
914 4506 955 4572 dc
986 4531 1049 4595 quo
1080 4509 1113 4570 iu
1144 4507 1287 4572 secundo
1318 4506 1400 4572 libro
1423 4508 1678 4573 Machabeorurn
1707 4510 1753 4573 ita
1786 4508 1920 4595 legitur:
1956 4509 2060 4597 Igitur
2088 4534 2157 4574 eam

449 4601 455 4613 ⁸
509 4632 617 4682 sancto
640 4619 754 4681 civitae
776 4617 970 4680 habitaretur
994 4618 1028 4679 in
1051 4618 1140 4679 orani
1152 4640 1247 4701 paee,
1272 4617 1352 4703 leges
1374 4619 1469 4680 ctiam
1495 4617 1598 4680 adhoc
1628 4619 1742 4704 optime
1772 4616 2002 4681 custodirentur
2026 4630 2159 4703 propter

512 4724 613 4788 Onioe
631 4725 795 4811 pontrjicr‘s
813 4725 962 4808 pictatem
986 4735 1014 4785 et
1036 4724 1159 4785 animos
1183 4722 1256 4786 odio
1280 4723 1424 4788 babentes
1446 4724 1543 4803 mala,
1559 4725 1669 4811 fiebat,
1693 4738 1727 4787 ut
1749 4726 1818 4810 apsi
1837 4748 1923 4810 repes
1946 4737 1975 4787 et
1990 4725 2159 4810 principes

615 4924 709 4973 XIIII.
739 4925 755 4972 4
773 4916 888 4985 ablatio]
907 4920 1010 4973 oblatio
1030 4914 1062 4970 L,
1081 4921 1140 4972 B2.
1161 4922 1198 4971 Μ

615 5030 673 5081 XV.
701 5032 717 5080 5
742 5029 801 5083 XV.
826 5046 874 5078 om.
900 5028 962 5078 132.
977 5031 1003 5078 3.
1023 5024 1058 5073 Μ.
1150 5030 1165 5079 '1
1192 5033 1320 5092 sequntur
1344 5045 1357 5077 e
1382 5029 1527 5091 mrr.B1,
1553 5035 1683 5080 secuntur
1707 5029 1739 5080 L.
1759 5029 1822 5080 Ba.
1836 5032 1861 5080 3.
1881 5026 1918 5078 Μ.
2009 5030 2024 5079 8
2050 5023 2156 5094 Voluit]
2175 5041 2203 5081 to

509 5122 567 5170 XV.
587 5118 681 5169 Voluit
699 5117 758 5168 132.
772 5121 796 5168 3.
817 5116 854 5168 Μ.
937 5117 1127 5167 ardentissima
1147 5115 1182 5166 M.
1270 5119 1302 5167 10
1322 5123 1397 5169 utere
1417 5116 1448 5167 L.
1541 5120 1573 5169 13
1592 5113 1747 5184 speciebus]
1768 5119 1877 5169 aciebus
1896 5117 1928 5172 L.
2020 5120 2052 5167 14
2078 5134 2156 5183 prae·

509 5203 655 5276 cipucque]
681 5211 709 5257 in
726 5206 787 5257 add.
807 5207 838 5256 L.
858 5206 917 5256 Ba.
931 5210 955 5256 3.
975 5204 1012 5254 Μ.
1088 5208 1120 5255 15
1140 5204 1367 5270 Paralipemenon
1388 5207 1416 5256 C.

614 5314 687 5365 XVI.
718 5315 751 5363 13
770 5314 937 5363 dietissimns
956 5328 1069 5376 regnum
1089 5311 1121 5365 L.
1194 5314 1229 5362 20
1247 5308 1424 5376 subsicivum]
1443 5313 1565 5363 subsinte
1584 5316 1620 5365 Μ.
1695 5315 1725 5364 21
1747 5321 1854 5379 promtu
1872 5313 1932 5364 132.
1951 5313 1988 5364 Μ.

614 5420 701 5471 XVII.
731 5421 765 5470 23
784 5436 817 5469 ex
838 5413 909 5481 asse]
937 5419 1007 5469 haec
1026 5419 1061 5468 Μ.
1153 5413 1246 5483 nosse]
1271 5434 1320 5469 uos
1339 5418 1398 5470 Ba.
1490 5419 1650 5485 capiunto.
1741 5422 1775 5470 24
1802 5421 1898 5472 eadem
1924 5421 2099 5472 honoraverit
2118 5421 2155 5473 Μ.

508 5511 542 5560 25
569 5509 723 5560 exibuerint
747 5502 785 5557 M.
875 5508 908 5557 29
935 5502 1012 5570 nulli]
1039 5503 1159 5557 nonnulli
1186 5508 1223 5557 Μ.
1315 5503 1518 5571 dehonoratori]
1546 5508 1708 5560 dehonorati
1733 5505 1771 5560 Μ.
1861 5512 1895 5561 30
1920 5512 2067 5576 surreptari
2092 5509 2155 5560 Ba
2173 5521 2201 5561 se

509 5596 710 5648 Hisrabeliticis
730 5596 790 5648 Bi.
862 5599 894 5646 31
916 5612 1023 5645 necnon
1041 5595 1181 5646 deestBQ.
1196 5599 1220 5657 3,
1240 5611 1348 5646 necnon
1367 5603 1395 5647 et
1412 5596 1503 5647 derunt
1520 5601 1558 5651 M.
1624 5600 1658 5648 33
1677 5592 1869 5664 alienantibus]
1888 5598 2105 5651 abalienantibus
2122 5597 2155 5649 L.

508 5686 596 5736 idolae
616 5685 675 5736 132.
689 5689 713 5736 3.
733 5683 769 5733 M.

614 5793 720 5842 XVIII.
749 5794 782 5842 34
804 5785 929 5855 externis]
950 5791 1077 5841 extremis
1096 5790 1127 5841 L.
1219 5793 1253 5842 35
1278 5792 1349 5842 Iram
1368 5793 1399 5854 L,
1429 5794 1509 5842 Yram
1528 5793 1589 5844 Ba.
1609 5795 1645 5846 Μ.
1737 5810 1828 5859 regem
1848 5792 1886 5843 Μ.
1975 5789 2049 5859 Tyri]
2069 5795 2106 5845 ito
2127 5795 2154 5855 C,

508 5881 659 5941 'siri0132,
679 5882 736 5931 Tiri
754 5881 809 5930 rell.
882 5882 915 5930 33
935 5880 1060 5930 habentis
1083 5880 1110 5931 0.
1130 5879 1189 5930 BI.
1211 5880 1241 5930 L.
1261 5881 1321 5931 Ba.
1341 5882 1377 5943 M,
1399 5881 1523 5932 habentis
1541 5899 1605 5932 corr.
1624 5882 1755 5933 habentes
1776 5883 1834 5934 133.
