4884 6717
542 503 607 566 550
1009 507 1062 564 44.
1097 506 1315 563 CONCILIUM
1338 504 1565 561 PARISIENSE
1589 506 1626 559 Α.
1647 503 1722 560 825.

403 705 521 810 εἴξῃ
647 694 729 759 Item
752 705 825 781 post
848 716 970 780 pauca:
998 699 1056 758 Et¹
1080 711 1145 758 mac
1167 700 1277 777 siquam
1299 699 1436 756 videbitur
1451 699 1511 777 filii
1533 699 1652 758 hortinis
1674 700 1703 756 in
1728 701 1814 756 caelo.
1851 701 1952 755 Vidisti
1968 700 2086 772 gloriam
2109 701 2193 772 sigui,

540 811 569 865 id
601 819 644 864 est
675 810 777 878 crucis,
806 808 872 864 solis
902 810 998 864 lumen
1027 810 1166 864 reddetur
1194 809 1355 874 obscurum,
1385 806 1470 863 lunae
1500 824 1557 862 non
1580 808 1694 862 dabitur
1717 808 1818 880 gratia,
1850 808 1901 862 sed
1925 806 1995 862 illud
2018 807 2140 862 radiabit
2165 815 2194 862 et

540 918 664 985 lucebit,
690 923 720 971 et
741 918 815 971 sicut
834 917 1033 987 imperatorem
1055 917 1159 988 regalis
1181 931 1287 986 pompa
1308 915 1440 985 precedit
1465 921 1494 968 ct
1518 914 1646 969 militaris
1668 915 1738 970 ordo
1760 915 1925 985 praeeundo
1944 913 2047 969 vexilla
2069 914 2193 968 humeris

539 1030 652 1095 portare
677 1029 883 1078 consueverat
907 1029 937 1076 et
960 1023 1003 1077 his
1027 1024 1088 1079 eius
1111 1022 1274 1076 declaratur
1296 1021 1448 1086 adventus,
1479 1021 1519 1075 sic
1543 1022 1663 1075 Domino
1694 1022 1730 1076 de
1759 1020 1839 1075 caelo
1862 1021 1998 1076 veniente
2029 1020 2193 1092 angelornm

539 1138 638 1186 caetus
658 1136 688 1184 et
707 1129 939 1200 archangelorum
956 1130 1108 1201 multitudo
1127 1129 1196 1182 illud
1215 1128 1326 1199 signmn
1343 1126 1467 1181 humeris
1485 1133 1601 1198 portant
1618 1127 1737 1182 excelsis
1753 1135 1783 1182 et
1799 1127 1924 1199 regalem
1940 1128 2022 1182 nobis
2037 1128 2193 1182 adventum
2211 1146 2225 1184 e

539 1237 731 1293 annuntiant.
771 1235 837 1291 Sola
856 1236 930 1290 enim
946 1235 1050 1291 Christi
1074 1255 1141 1291 cmx
1165 1242 1219 1302 est,
1245 1252 1319 1305 quae
1338 1234 1467 1288 dissolvit
1483 1235 1618 1289 tenebras
1634 1241 1665 1288 et
1680 1251 1798 1305 regnum
1814 1235 1982 1289 daemonum
1998 1235 2146 1305 dissipavit
2162 1243 2193 1288 et

538 1362 648 1398 omnem
664 1350 800 1398 terrorem
816 1341 1028 1414 malignantium
1044 1342 1177 1410 abstulit,
1204 1383 1211 1396 .
1230 1384 1237 1397 .
1256 1382 1263 1396 .
1283 1342 1428 1413 prodit,
1448 1359 1516 1394 cmx
1532 1341 1612 1395 nobis
1629 1340 1671 1395 sol
1689 1341 1815 1396 iustitiae
1831 1339 1909 1396 facta
1926 1348 1980 1407 est,
1997 1349 2028 1395 ut
2043 1341 2192 1397 illuminati

539 1451 729 1505 misericordia
750 1451 811 1505 eius
834 1449 1023 1521 glorificemus
1045 1459 1157 1521 patrem
1181 1457 1211 1504 et
1233 1447 1322 1503 filium
1346 1457 1375 1503 et
1395 1447 1530 1519 Spiritum
1552 1454 1680 1502 sanctum
1698 1448 1727 1501 in
1747 1448 1844 1502 secula
1866 1448 2052 1503 saeculorum.
2087 1447 2191 1503 Amen.

645 1547 727 1612 Item
752 1547 839 1611 idem
864 1548 897 1611 in
921 1547 1038 1612 omelia
1063 1546 1102 1610 de
1126 1570 1224 1612 cruce
1249 1545 1428 1610 dominica:
1460 1550 1520 1608 w
1538 1542 1565 1608 'si
1589 1571 1671 1610 nosse
1695 1555 1854 1620 desideras,
1877 1554 2034 1618 karissime,
2057 1556 2192 1610 viuutcm

539 1664 628 1718 crucia
653 1672 682 1719 et
707 1672 878 1735 quantum,
910 1669 942 1717 ut
971 1681 1083 1734 possum
1113 1664 1149 1718 ad
1180 1663 1241 1717 eius
1271 1662 1384 1718 laudem
1416 1661 1522 1729 dicere,
1555 1661 1637 1716 audi:
1670 1659 1746 1716 Crux
1772 1679 1838 1733 spes
1862 1660 2094 1728 Christianorum,
2125 1679 2192 1715 cmx
2215 1683 2239 1720 ro

539 1771 708 1826 resurrectio
731 1779 910 1836 momuomm,
935 1790 1002 1827 cmx
1026 1789 1174 1826 caecomm
1197 1771 1265 1836 dux,
1289 1788 1355 1824 cmx
1378 1769 1587 1840 disperatomrn
1609 1769 1664 1836 sia,
1696 1786 1763 1823 cmx
1786 1767 1950 1823 claudomm
1972 1768 2100 1836 baculus,
2124 1785 2191 1823 cmx

539 1878 693 1933 consolatio
715 1896 883 1950 paupemm‚
909 1897 975 1932 cmx
998 1878 1153 1933 refrenatio
1177 1877 1307 1944 divitum,
1338 1894 1406 1930 cmx
1428 1876 1585 1930 destructio
1608 1875 1805 1945 superbomm,
1835 1893 1902 1929 cmx
1931 1875 2005 1930 male
2035 1875 2191 1930 visentium

539 2002 641 2056 paena,
666 2003 732 2039 cmx
755 1986 891 2039 adversas
914 1986 1067 2040 daemones
1090 1984 1259 2056 triumphus,
1289 2001 1357 2037 cmx
1380 1982 1503 2038 devictio
1526 1981 1643 2048 diaboli,
1673 2000 1741 2037 cmx
1764 1981 1988 2037 adolescentium
2014 1982 2191 2054 pedagogus,

539 2109 605 2145 cmx
628 2091 847 2147 substantia
869 2093 993 2163 inopum,
1017 2110 1085 2146 crux
1107 2109 1174 2162 spes
1197 2091 1416 2162 disperatomm,
1440 2106 1508 2143 cmx
1527 2089 1720 2160 navigantium
1740 2088 1961 2160 gubernatrix,
1986 2105 2054 2143 cmx
2075 2089 2190 2160 pericli·

538 2198 658 2252 tantiam
680 2207 788 2270 portus,
818 2216 886 2254 cmx
908 2199 1086 2254 obsessomm
1109 2216 1213 2265 murus,
1244 2215 1312 2252 crux
1341 2204 1426 2268 pater
1447 2197 1644 2267 orphanomm,
1675 2213 1743 2249 cmx
1772 2194 1908 2251 defensor
1936 2196 2093 2261 viduamm,
2124 2213 2192 2250 cmx
2211 2214 2238 2252 ra

537 2307 672 2361 iustorum
703 2305 887 2372 consiliarius,
919 2323 987 2359 cmx
1017 2304 1215 2360 tribulatorum
1245 2304 1371 2374 requies,
1401 2320 1470 2357 cmx
1498 2301 1679 2374 parvulomm
1709 2309 1813 2368 custos,
1845 2320 1913 2356 cmx
1942 2303 2063 2357 virorum
2093 2311 2189 2374 caput,

538 2431 605 2467 cmx
627 2430 725 2467 senum
748 2410 822 2478 finis,
846 2430 913 2467 cmx
936 2411 1033 2466 lumen
1055 2412 1083 2466 in
1106 2411 1235 2465 tenebris
1258 2410 1429 2476 sedentium,
1454 2427 1520 2464 cmx
1544 2426 1644 2480 regum
1666 2407 1888 2479 magnificentia,
1912 2427 1979 2464 cmx
1995 2417 2106 2464 scutum
2122 2426 2189 2480 per·

536 2525 663 2591 petuam,
687 2538 754 2574 cmx
777 2519 983 2574 insensatomm
1006 2519 1157 2590 sapientia,
1181 2536 1250 2572 cmx
1273 2517 1392 2571 libertas
1415 2533 1569 2583 serromm,
1593 2533 1661 2571 cmx
1683 2516 1884 2586 imperatomm
1906 2516 2094 2587 philosophia,
2123 2533 2190 2570 cmx

536 2625 584 2681 lex
619 2626 782 2697 impiomm,
820 2644 887 2680 crux
923 2625 1126 2697 prophetarum
1155 2625 1356 2696 praeconatio,
1394 2642 1462 2678 cmx
1490 2624 1668 2679 annuntiatio
1698 2627 1904 2695 apostolorum,
1942 2641 2009 2677 cmx
2038 2631 2190 2694 martyrum

536 2732 677 2806 gloriatio,
702 2751 769 2787 cmx
792 2732 990 2787 monachorum
1013 2732 1196 2797 abstinentia,
1228 2749 1296 2786 cmx
1326 2730 1465 2801 virginum
1489 2731 1617 2797 castitas,
1648 2747 1716 2784 crux
1738 2730 1872 2802 gaudium
1902 2731 2092 2796 sacerdotum,
2123 2747 2190 2783 crux
2208 2745 2235 2785 so

537 2840 675 2895 ecclcsiae
706 2838 932 2907 fundamentum,
968 2857 1036 2893 cmx
1066 2839 1141 2894 orbis
1171 2846 1267 2893 terrae
1298 2838 1421 2904 cautela,
1458 2855 1525 2891 cmx
1555 2837 1724 2908 templomm
1754 2836 1913 2904 distractio,
1948 2855 2015 2892 cmx
2043 2835 2191 2908 ydolorum

535 2947 670 3017 repulsio,
694 2964 760 3000 cmx
784 2946 949 3001 scandalum
972 2945 1133 3013 ludeomm,
1157 2964 1226 2999 cmx
1248 2944 1372 3016 perditio
1396 2944 1552 3015 impiomm,
1576 2961 1644 2997 cmx
1666 2943 1851 2998 invalidorum
1874 2944 1974 3010 virtus,
1997 2961 2066 2998 cmx
2088 2960 2191 3015 aegro·

536 3054 655 3108 tantiam
679 3053 816 3121 medicus,
840 3070 909 3108 crux
933 3053 1094 3108 emundatio
1117 3056 1319 3123 laeprosorum,
1344 3068 1412 3105 cmx
1434 3050 1644 3121 paraliticomm
1666 3051 1791 3121 requies,
1815 3068 1883 3105 cmx
1899 3051 2084 3106 esurientium
2098 3051 2190 3123 panis,

535 3178 602 3214 cmx
631 3160 787 3214 sitientimn
818 3159 890 3226 lons,
924 3177 991 3214 cmx
1020 3160 1156 3214 nudomm
1186 3159 1339 3229 protectio.
1386 3157 1555 3213 Nuditatcm
1585 3163 1681 3213 autem
1712 3175 1774 3211 cum
1804 3158 1912 3224 dixero,
1944 3175 2001 3213 non
2027 3174 2191 3229 corpoream

537 3267 681 3335 extimes,
705 3267 757 3321 sed
780 3264 959 3321 infidelitatis
979 3283 1033 3337 per
1054 3283 1192 3337 paenam
1217 3283 1280 3320 cum
1303 3272 1400 3320 antem
1423 3265 1450 3318 in
1475 3262 1619 3319 Christum
1641 3264 1806 3332 crediderit,
1831 3264 1952 3318 vestitus
1974 3265 2146 3320 invenietur.
2209 3279 2236 3320 aa

642 3361 806 3427 Eusebius
829 3361 967 3427 Panlilie
991 3363 1025 3426 in
1048 3362 1183 3426 historia
1213 3361 1438 3427 ecclesiastica
1460 3363 1546 3425 inter
1569 3383 1618 3444 ea,
1650 3384 1735 3447 quae
1766 3360 1806 3425 de
1834 3359 1962 3426 actibus
1986 3359 2192 3427 Constantini

537 3470 742 3557 imperatoris
769 3468 978 3534 laudabiliter
1007 3467 1130 3550 scribit,
1160 3470 1206 3533 ita
1236 3469 1352 3533 infert:
1388 3473 1481 3533 Erat³
1510 3478 1626 3548 quidem
1655 3478 1711 3533 iarn
1743 3484 1810 3533 tunc
1839 3476 2017 3534 Christianae
2047 3478 2191 3550 religionis

535 3585 630 3639 fautor
651 3586 769 3656 verique
794 3586 849 3641 Dei
872 3593 1034 3652 venerator,
1065 3587 1188 3639 nondam
1212 3594 1319 3652 tamen,
1350 3590 1382 3639 ut
1414 3591 1458 3639 est
1489 3584 1614 3640 solemne
1638 3585 1742 3640 nostris
1765 3585 1880 3653 initiari,
1911 3585 2021 3657 signum
2052 3586 2190 3640 dominice

536 3692 673 3763 passionis
697 3699 859 3763 acceperat.
907 3691 977 3746 Cum
1007 3692 1093 3764 igitur
1122 3692 1238 3747 anexius
1267 3700 1297 3747 et
1326 3693 1415 3746 multa
1444 3709 1541 3746 secum
1572 3693 1608 3747 de
1639 3692 1810 3746 imminentis
1833 3691 1902 3747 belli
1924 3693 2101 3748 necessitate
2124 3710 2190 3764 per·

536 3802 652 3853 volvens
681 3799 737 3853 iter
766 3805 867 3870 ageret
898 3806 985 3870 atque
1017 3799 1053 3853 ad
1084 3798 1194 3853 caelum
1218 3799 1332 3869 saepius
1363 3797 1459 3853 oculos
1490 3798 1619 3854 elevaret
1650 3805 1679 3852 ct
1710 3799 1776 3853 inde
1800 3799 1854 3853 sibi
1878 3799 2002 3853 divinum
2025 3805 2192 3870 precaretur
2210 3811 2237 3850 ro

535 3903 678 3971 auxilium,
711 3906 782 3960 vidit
812 3924 865 3977 per
892 3922 1021 3977 soporem
1045 3906 1081 3959 ad
1104 3905 1221 3959 orientis
1245 3913 1355 3976 partem
1385 3905 1414 3959 in
1443 3909 1522 3960 caelo
1552 3906 1663 3977 signum
1693 3906 1783 3960 crucis
1813 3906 1897 3978 igneo
1920 3905 2031 3978 fulgore
2055 3905 2190 3972 mtilare3

536 4029 656 4083 cumque
681 4018 761 4068 tanto
785 4013 846 4067 risu
864 4012 966 4067 fuisset
986 4012 1139 4067 exterritus
1158 4030 1191 4066 sc
1207 4029 1280 4066 novo
1300 4011 1522 4068 turbaretur
1544 4019 1675 4083 aspectu,
1699 4013 1813 4067 adstare
1837 4013 1891 4067 sibi
1913 4013 1984 4067 vidit
2008 4012 2124 4086 angelos
2147 4014 2190 4068 di·

536 4127 651 4174 centes:
684 4118 882 4187 Constantine,
913 4120 942 4173 in
969 4119 1022 4173 hoc
1052 4119 1171 4173 vincis.
1217 4119 1318 4173 Tunc
1349 4136 1416 4173 vero
1446 4118 1540 4173 laetus
1571 4119 1701 4175 redditus
1732 4126 1762 4174 et
1786 4120 1822 4175 de
1845 4119 1964 4175 victoria
1986 4120 2039 4174 iam
2062 4138 2190 4188 securus,

535 4225 645 4296 signum
671 4226 772 4294 crucis,
796 4228 871 4297 quod
895 4227 924 4281 in
947 4224 1028 4282 caelo
1052 4226 1173 4294 viderat,
1205 4226 1234 4279 in
1257 4243 1308 4279 sua
1331 4225 1425 4280 fronte
1456 4225 1589 4296 designat
1620 4234 1650 4280 et
1680 4226 1722 4281 ita
1745 4225 1864 4281 caelitus
1887 4226 2023 4281 invitatus
2046 4228 2082 4282 ad
2105 4226 2191 4283 iidem

380 4346 517 4396 uersas.
536 4348 591 4386 non
621 4332 687 4386 mihi
711 4333 759 4387 illo
789 4333 902 4387 videtur
931 4332 1057 4400 inferior,
1089 4333 1134 4387 cui
1165 4332 1294 4387 similiter
1317 4332 1353 4387 de
1386 4332 1467 4387 caelo
1497 4332 1604 4387 dictum
1628 4338 1688 4388 est:
1722 4331 1818 4401 Saule,
1844 4331 1940 4402 Saule,
1970 4332 2041 4408 qaid
2061 4352 2104 4390 me
2120 4352 2191 4410 per-
2209 4344 2237 4385 aa

535 4437 682 4512 sequeris?
727 4438 790 4514 Ego
819 4459 879 4494 aum
903 4438 1003 4495 Ilreaua
1026 4438 1209 4508 Nazarenua,
1240 4439 1294 4493 uisi
1325 4439 1392 4509 quia
1420 4438 1465 4493 hic
1497 4457 1552 4493 non
1575 4440 1667 4494 adhuc
1690 4457 1879 4511 persequens,
1910 4440 1962 4495 sed
1993 4441 2079 4496 etiam
2102 4459 2189 4496 con·

535 4562 659 4615 sequens
683 4546 827 4600 invitatur.
874 4546 945 4600 Exin
969 4547 1089 4619 signum,
1122 4547 1196 4617 quod
1228 4546 1256 4600 in
1287 4546 1367 4600 caelo
1396 4546 1450 4599 sibi
1481 4545 1576 4601 lucrat
1607 4547 1838 4614 demonstratum,
1868 4547 1897 4601 in
1926 4548 2059 4603 militaria
2087 4549 2192 4604 vexilla

536 4650 715 4707 transformat
738 4653 791 4707 hac
816 4653 966 4720 Labamm,
999 4671 1084 4724 quem
1113 4654 1221 4718 dicunt,
1253 4653 1282 4705 in
1311 4653 1436 4723 speciem
1460 4653 1550 4707 crucis
1574 4653 1712 4708 dominice
1737 4659 1854 4724 exaptat
1879 4660 1909 4709 et
1933 4655 1974 4708 ita
1995 4655 2078 4709 armis
2101 4656 2189 4712 vexil-

534 4758 626 4829 lisque
657 4759 801 4830 religionis
831 4759 984 4813 instmctus
1015 4760 1162 4815 adversum
1193 4759 1341 4830 impiomm
1374 4778 1451 4814 arma
1480 4758 1677 4830 proficiscitur.
1732 4759 1790 4815 Sed
1820 4761 1850 4814 iu
1880 4762 1999 4817 dextera
2027 4781 2078 4818 sua
2107 4781 2191 4817 manu

535 4865 643 4936 signnm
666 4864 844 4919 nihilominus
867 4866 956 4920 crucis
980 4884 1015 4920 ex
1038 4884 1105 4921 auro
1129 4865 1318 4921 fabrefactum
1340 4865 1471 4921 habuisse
1494 4865 1672 4937 perhibetur.
2208 4877 2237 4916 so

640 4961 730 5026 Ecce
761 4971 883 5049 quanta
913 4973 946 5026 et
975 4962 1086 5050 qualia
1116 4962 1157 5027 de
1187 4964 1308 5027 virtute
1339 4973 1470 5027 sanctae
1496 4963 1601 5026 crucis
1625 4985 1646 5027 a
1668 4959 1795 5049 magnis
1820 4964 1978 5029 ecclesiae
2003 4964 2190 5032 doctoribus

536 5079 568 5132 et
590 5066 828 5154 probatissimis
859 5069 937 5132 viris
960 5068 1202 5156 praedicantur,
1235 5070 1300 5156 qui,
1332 5071 1416 5133 sicut
1447 5092 1489 5133 ex
1520 5069 1700 5155 apostolica
1729 5070 1877 5137 doctrina
1908 5083 2114 5159 accepemnt,
2145 5073 2191 5138 ita

642 5289 658 5338 3
678 5282 809 5353 precedit]
829 5287 934 5337 recedit
955 5288 981 5338 Γ.
1066 5289 1081 5338 5
1102 5295 1128 5338 et
1145 5288 1212 5338 deest
1232 5288 1258 5337 l'.
1344 5289 1359 5339 'l
1379 5286 1490 5338 abstulit
1510 5325 1516 5338 .
1537 5325 1543 5337 .
1563 5327 1570 5340 .
1588 5283 1692 5354 prodit]
1710 5289 1832 5350 abstulit,
1852 5307 1919 5341 cmx
1938 5292 2110 5342 sanctitatem
2129 5307 2189 5357 pro·

536 5375 604 5425 vidit
617 5374 714 5442 ‘5de
729 5375 812 5426 Paris.
869 5379 898 5425 11
921 5371 1078 5440 caecorum]
1098 5375 1238 5427 caelorum
1258 5375 1285 5426 V.
1342 5379 1374 5426 19
1394 5373 1580 5444 praeconatio]
1602 5378 1640 5429 ito
1657 5388 1682 5430 et
1698 5380 1897 5431 codeaPlioelii
1914 5381 2043 5447 modalis
2060 5378 2094 5444 (s.
2112 5398 2191 5447 supra

531 5469 624 5529 peut
644 5461 728 5526 tea),
747 5473 777 5515 ut
791 5470 885 5530 potis
905 5466 970 5516 tau
989 5467 1148 5531 praecentio
1160 5464 1430 5530 saboccrrectumsit.
1489 5469 1522 5519 25
1542 5468 1670 5533 perderet
1686 5470 1713 5520 l'.
1768 5466 1876 5534 38hac]
1893 5487 1980 5521 =sc.
2009 5471 2146 5521 Labomm
2162 5471 2189 5521 Γ.
2209 5480 2237 5521 to

536 5555 569 5602 39
589 5548 681 5618 mann]
701 5570 828 5619 magnum
849 5554 875 5604 Γ.
949 5558 980 5605 41
1002 5550 1085 5620 Ecce]
1105 5571 1153 5606 cce
1173 5553 1200 5605 Γ.

646 5752 674 5821 1)
699 5752 730 5808 V.
754 5773 844 5828 supra
865 5773 897 5828 p.
915 5757 976 5812 504
1000 5755 1018 5810 l.
1037 5757 1076 5813 17
1086 5774 1147 5832 sqq.
1251 5753 1282 5824 2)
1306 5754 1337 5811 V.
1361 5774 1452 5831 supra
1469 5775 1503 5830 p.
1522 5759 1582 5815 ὅθί
1606 5758 1625 5812 l.
1642 5760 1685 5816 26
1697 5777 1758 5834 sqq.
1859 5758 1889 5827 3)
1914 5759 1944 5816 V.
1968 5778 2059 5835 supra
2077 5763 2191 5835 p.502

535 5860 553 5915 l.
571 5861 614 5918 27
624 5879 686 5935 sqq.
