4884 6717
486 485 698 542 APPENDIX.
750 483 801 540 10.
832 484 1050 542 CONCILIUM
1073 482 1346 540 FLORIACENSE
1370 483 1543 541 SPURIUM
1567 485 1603 541 Α.
1621 484 1697 540 839.
1859 480 1924 542 853

267 671 356 737 bant
403 672 447 737 Et
469 672 531 737 hoc
555 672 673 736 iustum
698 684 793 754 canet,
817 683 863 754 ut,
887 672 914 737 ai
938 670 1055 758 aliquis
1070 670 1235 770 ⁴laicomm
1259 670 1321 735 hoc
1345 670 1486 751 fecisset,
1515 693 1669 757 magnum
1694 671 1923 737 detrimentum

267 780 478 860 ourfineret15
502 778 562 843 aed
585 789 618 843 et
640 801 699 866 pro
723 790 812 844 certo
836 777 1037 844 iudicaretur
1058 778 1115 860 illi,
1139 789 1176 842 nt
1198 777 1330 865 capitali
1354 779 1521 842 sentencia
1544 779 1723 864 puniretur.
1760 778 1826 842 Sed
1847 781 1925 865 quia

267 907 333 949 non
356 884 442 967 laici,
466 884 525 950 sed
547 886 614 950 iam
634 885 713 950 dicti
729 885 880 951 monachi
904 885 966 951 hoc
990 885 1149 965 focerunt,
1174 883 1310 970 dignum
1331 895 1390 966 cat,
1414 895 1449 949 nt
1464 885 1510 949 ita
1526 884 1762 950 coherceantur
1783 907 1845 950 nec
1869 885 1923 950 alii

267 992 420 1056 monachi
443 991 600 1079 deinceps
623 991 701 1056 talia
723 1014 822 1078 agere
846 991 1084 1079 praesumant'.

235 1123 250 1163 o
376 1098 556 1186 Propterea
578 1098 724 1164 nonnulli
747 1100 886 1186 praefati
909 1099 1097 1163 monasterii
1121 1097 1272 1163 monachi
1297 1120 1371 1162 cum
1396 1097 1588 1183 Sigimundo
1618 1098 1786 1185 praedicto
1811 1122 1923 1164 eorum

268 1204 389 1269 abbate
413 1205 512 1270 exilio
536 1205 706 1292 dampnati
729 1216 814 1270 aunt.
849 1205 892 1269 Et
915 1207 963 1271 sic
986 1204 1212 1270 confirmatum
1236 1216 1286 1269 eat
1309 1205 1512 1291 sepedictum
1536 1207 1767 1270 monasterium
1788 1206 1922 1270 Aldrieo

268 1313 423 1399 episcopo
448 1314 573 1377 eteius
597 1313 774 1399 episcopio,
798 1313 883 1377 sicut
905 1313 938 1377 in
963 1314 1033 1377 eius
1056 1312 1185 1377 noticiis
1210 1322 1243 1375 et
1265 1313 1449 1398 praeceptis
1473 1323 1505 1375 et
1529 1310 1601 1375 aliis
1624 1313 1831 1377 monimentis
1853 1335 1923 1377 car-

267 1429 373 1484 tarum
398 1420 582 1484 continetur
605 1420 793 1484 insertum².

377 1622 388 1670 l
410 1614 532 1685 sociaret]
550 1627 581 1670 ut
597 1620 658 1670 odel«
677 1637 698 1670 c.

223 1821 248 1859 to
378 1803 406 1870 l)
438 1799 487 1873 C's.
515 1801 619 1858 Kuroli
649 1800 753 1877 ⁴lloqni
783 1801 907 1877 capitula
937 1802 1120 1860 803-813
1144 1821 1166 1856 c.
1187 1804 1224 1859 2:
1255 1800 1284 1856 Si
1312 1802 1444 1855 inventus
1474 1801 1562 1856 fucrit
1594 1802 1655 1872 quis
1686 1811 1792 1856 cartam
1823 1802 1923 1856 falsam

267 1909 369 1965 fecisse
401 1917 450 1964 aut
479 1908 580 1963 falsum
611 1910 801 1964 testimonium
831 1909 945 1976 dixisse,
977 1926 1088 1962 manum
1118 1909 1221 1979 perdat
1252 1916 1301 1963 aut
1331 1908 1451 1963 redimat
1483 1900 1570 1980 (lIG,
1598 1907 1778 1983 bnpimlnrlo
1804 1908 1923 1977 Ι,143;

269 2012 477 2072 Miilrlboclter²
499 2034 527 2071 u.
546 2011 631 2090 455).
723 2014 754 2082 2)
785 2015 817 2072 V.
840 2034 931 2090 cupro
948 2035 980 2089 p.
998 2017 1061 2073 836
1084 2016 1102 2070 l.
1120 2016 1168 2084 16,
1188 2035 1221 2090 p.
1238 2017 1300 2073 847
1322 2015 1339 2070 l.
1356 2019 1407 2084 22,
1427 2034 1460 2089 p.
1478 2017 1541 2073 848
1563 2016 1647 2073 139.

935 2362 1251 2374 ——4———0

349 2806 421 2918 10.
473 2807 888 2918 OONCILIUM
931 2805 1453 2917 FLORIAOENSE
1496 2805 1837 2918 SPURIUM.

933 3040 1010 3109 839.
1041 3037 1121 3102 Maii
1149 3037 1255 3124 12(‘?).

222 3315 247 3355 n
382 3289 415 3352 V.
441 3289 478 3353 el.
503 3287 549 3352 M.
580 3288 684 3376 Touyl
713 3290 832 3353 inuenit
860 3312 961 3375 nuper
992 3290 1026 3351 iu
1057 3286 1243 3351 bibliotheca
1273 3285 1464 3368 Porioimnl,
1497 3291 1645 3353 incertam
1678 3292 1712 3353 iu
1741 3290 1920 3354 collectione

266 3420 295 3482 q.
322 3395 352 3460 d.
377 3396 564 3483 Brequryny
595 3396 654 3460 vol.
679 3403 725 3461 46
747 3419 827 3460 auec.
845 3393 978 3458 XVIII.
1005 3392 1119 3479 (ΞΡ)
1144 3393 1212 3482 fol·
1230 3395 1391 3474 etr—38,
1421 3397 1534 3460 seriem
1563 3395 1723 3481 quondum
1755 3396 1918 3460 documen-

265 3517 377 3584 torum,
407 3527 488 3590 quoc
510 3505 627 3566 mirum
658 3505 692 3566 in
723 3502 849 3565 modum
881 3504 961 3566 inter
990 3525 1023 3564 ee
1046 3503 1284 3588 coniunguntur.
1331 3500 1475 3564 Primum
1501 3502 1599 3566 locum
1625 3505 1736 3566 obtinet
1758 3504 1920 3589 exemplar

266 3610 445 3674 documenti
465 3635 494 3696 q.
520 3609 550 3673 cl.
577 3609 722 3674 Vidimue
752 3633 835 3673 anuo
858 3616 954 3675 1444.
986 3608 1039 3672 die
1069 3608 1206 3694 quodem
1237 3611 1352 3675 mencio
1375 3610 1515 3694 Areoueti
1542 3611 1715 3695 conscripti
1722 3613 1742 3673 ¹.
1791 3610 1829 3672 In
1863 3611 1920 3675 boc

266 3717 380 3804 leyimr
403 3717 534 3781 alterum
559 3741 588 3802 q.
607 3716 637 3780 cl.
663 3715 809 3780 Vidimus
825 3715 855 3779 d.
874 3715 904 3779 cl.
922 3722 1008 3782 1414
1035 3714 1155 3780 Octobr.
1173 3721 1218 3783 24
1242 3716 1343 3802 (anno
1358 3714 1492 3779 Domini
1508 3713 1679 3779 millesimo
1700 3716 1919 3802 quadringen-

221 3822 381 3891 celerimo
412 3822 540 3886 decimo
570 3832 697 3908 quarto,
728 3821 780 3885 die
804 3821 959 3886 Mercurii
990 3831 1064 3907 post
1093 3821 1210 3885 fectum
1243 3820 1332 3886 beati
1356 3822 1467 3886 Lucae
1499 3821 1731 3907 evangelistae,
1762 3824 1919 3887 vicesima

267 3926 383 4014 quarta
405 3930 526 3993 mensio
550 3926 719 4010 Octobris3
737 3930 804 4018 sol.
822 3929 902 4012 31¹),
933 3954 994 4015 quo
1017 3929 1278 3993 circumcluditur
1301 3932 1424 3993 tertium
1449 3955 1477 4015 q.
1504 3929 1534 3993 cl.
1566 3929 1710 3993 Vidimus
1734 3930 1764 3994 d.
1784 3931 1814 3994 d.
1833 3938 1919 3998 1335

267 4035 436 4123 Septembr.
455 4042 500 4104 12
523 4035 660 4123 (Datum
685 4046 717 4099 et
741 4049 849 4100 actum
873 4035 926 4099 die
945 4034 1058 4099 Martis
1081 4033 1250 4120 praedicta
1274 4046 1346 4122 post
1369 4035 1487 4099 festum
1505 4035 1686 4099 nativitatis
1702 4034 1797 4100 beate
1814 4035 1919 4100 Mario

265 4142 401 4228 virginio
425 4164 510 4206 anno
533 4142 668 4207 Domini
694 4144 808 4224 1335.;
826 4143 893 4231 fol.
910 4145 991 4227 37‘).
1039 4141 1077 4205 Iu
1109 4142 1165 4206 boc
1195 4146 1286 4207 tertio
1316 4143 1497 4206 documento
1521 4142 1655 4228 denique
1679 4145 1758 4206 lueet
1783 4144 1918 4229 prr‘rile·
2033 4180 2039 4190 ·

263 4252 350 4338 qium
387 4249 547 4337 quoddam
577 4249 713 4337 liudulfi
746 4250 984 4335 archiepiscopi
1016 4249 1199 4313 Viennensis
1229 4250 1428 4335 aliorumque
1460 4251 1692 4335 episcoporum,
1727 4275 1810 4312 onuo
1841 4257 1918 4316 839.

220 4384 248 4425 ao
265 4358 454 4422 moueaterio
477 4356 693 4422 Marcimeni
720 4356 827 4439 (bodie
850 4356 1022 4442 ‘Moceuy’)
1051 4357 1085 4419 in
1109 4357 1243 4420 concilio
1268 4355 1472 4421 lt’loriocenei
1492 4356 1599 4435 (bodie
1622 4355 1919 4420 ‘St.-Ilenoit·aur·

265 4463 378 4529 Loire’
398 4487 500 4551 prope
516 4463 675 4551 ‘Fleuryss
700 4487 875 4528 couceocum
900 4465 954 4546 (=
971 4463 1027 4547 A).
1064 4461 1103 4525 Iu
1118 4464 1149 4525 A
1173 4476 1273 4526 autem
1297 4477 1442 4526 eeruotur
1466 4462 1608 4549 dr'quornn
1629 4463 1785 4548 Stephani
1802 4487 1920 4548 popae,

265 4594 326 4657 quo
349 4569 558 4636 Hludowicua
579 4569 659 4636 Piue
688 4573 861 4658 imperatum
883 4584 1033 4648 monemur,
1064 4583 1097 4633 ut
1126 4570 1283 4633 liberum
1313 4571 1353 4633 ab
1383 4569 1489 4633 eodem
1515 4571 1583 4655 epae
1608 4569 1750 4632 Ilornono
1768 4571 1921 4656 porotifioe

265 4678 427 4742 monachia
449 4677 541 4742 illiue
562 4679 749 4742 monosterii
769 4676 912 4741 indultor
934 4690 1057 4740 tuentur
1079 4690 1227 4762 romaque
1251 4677 1363 4741 lrabeat
1386 4677 1442 4754 (=
1460 4674 1516 4759 B).

373 4783 530 4849 Mittimua
564 4809 730 4871 quaerere,
771 4798 875 4847 utrum
910 4786 973 4847 trio
1011 4783 1069 4846 illo
1104 4782 1286 4846 documento
1321 4807 1475 4846 cornorum
1506 4789 1614 4860 1444..
1650 4789 1743 4847 1414.
1770 4796 1798 4846 et
1822 4789 1916 4847 1335.

220 4893 401 4979 eromuino
430 4916 473 4956 on
504 4891 632 4956 illorum
663 4915 757 4954 uuum
788 4891 839 4954 uel
866 4889 929 4954 duo
959 4891 1072 4976 spurio
1101 4891 1183 4970 eiut;
1212 4890 1269 4954 boc
1299 4890 1365 4953 loco
1396 4888 1434 4953 de
1458 4889 1488 4952 A
1513 4903 1541 4951 et
1565 4888 1596 4950 B
1623 4903 1738 4952 torulum
1764 4888 1918 4975 oyerrrlum

265 5013 317 5063 eet.
371 4998 541 5084 Utrumque
562 5000 708 5085 spurium
732 5021 797 5062 eoae
819 5021 880 5061 nou
903 5011 948 5060 eet
970 5022 1027 5060 our
1043 4996 1159 5084 fenim
1182 4996 1387 5076 diaaeromua,
1409 5010 1577 5086 postquam
1601 4997 1666 5059 iom
1692 4997 1724 5060 iu
1749 4996 1921 5059 carnalibus

265 5107 381 5170 noenta
397 5104 528 5188 (‘Neuee
542 5104 679 5168 Arcbir³⁷
696 5103 806 5183 XXX,
821 5105 985 5189 389rqq.)
1010 5102 1048 5167 de
1067 5126 1172 5166 eorum
1197 5103 1304 5168 indole
1327 5105 1455 5190 eqirnua.
1493 5102 1610 5166 I'oucla
1633 5104 1802 5188 repetimua
1824 5127 1919 5189 cryeo-

265 5226 376 5276 menta.
421 5211 461 5276 Iu
484 5212 515 5274 Α
540 5211 710 5298 drcplicent
731 5212 923 5299 ar'qnificatio
946 5212 1034 5289 euni,
1059 5209 1143 5296 cycli
1163 5209 1464 5290 decemnovermclia,
1486 5210 1616 5296 serice,
1650 5208 1764 5273 deinde
1791 5211 1918 5272 nomino

265 5321 493 5406 episcoporum,
524 5320 605 5384 iuter
635 5343 712 5404 quoa
734 5318 904 5382 Arduinua
934 5317 1127 5382 Velloceucie
1150 5315 1222 5399 (‘Le
1245 5315 1315 5404 Puy
1338 5342 1375 5380 eu
1401 5316 1537 5404 Velloy’)
1572 5316 1644 5380 r‘mle
1671 5317 1711 5380 ob
1734 5341 1817 5380 curro
1842 5325 1918 5382 860.

219 5558 247 5599 to
375 5539 404 5610 1)
437 5539 665 5618 Siquijicctiouea
694 5539 750 5596 diei
778 5538 852 5595 inter
880 5559 910 5595 re
939 5538 1116 5614 dracrepam:
1146 5540 1174 5594 le
1199 5540 1347 5611 vendredy
1379 5537 1431 5594 25.
1459 5541 1526 5610 jour
1553 5537 1664 5594 d'aonet
1688 5536 1745 5593 l'an
1772 5537 1867 5606 1444,
1890 5545 1921 5594 ut

265 5648 366 5725 leoitur
388 5646 418 5703 P
431 5647 489 5719 sol.
506 5649 557 5715 38,
582 5645 725 5703 erroribus
746 5646 849 5703 madet.
896 5645 981 5702 Anno
1004 5647 1083 5704 1444
1108 5645 1166 5702 dieo
1189 5649 1240 5704 25.
1264 5644 1367 5702 menna
1389 5643 1508 5721 ducenti
1537 5653 1600 5701 erat
1623 5644 1708 5716 serio
1737 5643 1829 5714 tertia,
1861 5643 1921 5701 dies

264 5759 316 5815 28.
333 5754 419 5827 serio
440 5761 523 5811 nexta
546 5754 590 5810 vel
611 5752 670 5810 dieo
692 5751 817 5809 Veneria.
846 5781 888 5790 -
921 5750 1005 5816 Quae
1033 5771 1107 5809 novo
1137 5751 1287 5824 offerimur
1311 5760 1378 5826 port
1407 5750 1680 5808 dissertatiunculom
1704 5759 1830 5808 noetrmu
1854 5771 1921 5808 mou

264 5862 451 5931 mudundmu,
475 5879 509 5918 eu
532 5879 638 5936 operae
662 5879 686 5915 o.
711 5859 739 5915 d.
765 5858 808 5915 M.
834 5858 989 5914 Krommer
1018 5857 1156 5914 debentur.
