<?xml version="1.0" encoding="UTF-8"?>
<!DOCTYPE html PUBLIC "-//W3C//DTD XHTML 1.0 Transitional//EN"
    "http://www.w3.org/TR/xhtml1/DTD/xhtml1-transitional.dtd">
<html xmlns="http://www.w3.org/1999/xhtml" xml:lang="en" lang="en">
 <head>
  <title>
</title>
<meta http-equiv="Content-Type" content="text/html;charset=utf-8" />
  <meta name='ocr-system' content='tesseract 3.04.00' />
  <meta name='ocr-capabilities' content='ocr_page ocr_carea ocr_par ocr_line ocrx_word'/>
</head>
<body>
  <div class='ocr_page' id='page_1' title='image "./monumentagerman02gescgoog/monumentagerman02gescgoog_0290.png"; bbox 0 0 4884 6717; ppageno 0'>
   <div class='ocr_carea' id='block_1_1' title="bbox 526 521 2001 585">
    <p class='ocr_par' dir='ltr' id='par_1_1' title="bbox 526 521 2001 585">
     <span class='ocr_line' id='line_1_1' title="bbox 526 521 2001 585; baseline -0.002 0"><span class='ocrx_word' id='word_1_1' title='bbox 526 521 590 585; x_wconf 79' lang='grc'><em>702</em></span> <span class='ocrx_word' id='word_1_2' title='bbox 704 527 756 584; x_wconf 79' lang='grc'><strong>55.</strong></span> <span class='ocrx_word' id='word_1_3' title='bbox 793 525 1013 584; x_wconf 82' lang='lat' dir='ltr'>CONCILIUM</span> <span class='ocrx_word' id='word_1_4' title='bbox 1035 527 1091 582; x_wconf 82' lang='lat' dir='ltr'><strong>AD</strong></span> <span class='ocrx_word' id='word_1_5' title='bbox 1115 524 1517 583; x_wconf 72' lang='lat' dir='ltr'><strong>THEODOle-vnmnu</strong></span> <span class='ocrx_word' id='word_1_6' title='bbox 1541 524 2001 585; x_wconf 61' lang='lat' dir='ltr'><strong>coeessentialem.</strong></span> 
     </span>
    </p>
   </div>
   <div class='ocr_carea' id='block_1_2' title="bbox 524 711 2182 1121">
    <p class='ocr_par' dir='ltr' id='par_1_2' title="bbox 524 711 2182 1121">
     <span class='ocr_line' id='line_1_2' title="bbox 525 711 2180 799; baseline -0.002 -19"><span class='ocrx_word' id='word_1_7' title='bbox 525 712 691 780; x_wconf 86' lang='lat' dir='ltr'><strong>omnibus:</strong></span> <span class='ocrx_word' id='word_1_8' title='bbox 722 712 944 779; x_wconf 79' lang='lat' dir='ltr'><strong>‘Secundum1</strong></span> <span class='ocrx_word' id='word_1_9' title='bbox 973 723 1064 777; x_wconf 88' lang='lat' dir='ltr'><strong>tuam</strong></span> <span class='ocrx_word' id='word_1_10' title='bbox 1095 713 1335 779; x_wconf 82' lang='lat' dir='ltr'><strong>confessionem</strong></span> <span class='ocrx_word' id='word_1_11' title='bbox 1366 734 1459 778; x_wconf 90' lang='lat' dir='ltr'><strong>cessa</strong></span> <span class='ocrx_word' id='word_1_12' title='bbox 1488 735 1509 777; x_wconf 90' lang='lat' dir='ltr'><strong>a</strong></span> <span class='ocrx_word' id='word_1_13' title='bbox 1538 711 1739 778; x_wconf 88' lang='lat' dir='ltr'><strong>ministerio’.</strong></span> <span class='ocrx_word' id='word_1_14' title='bbox 1792 712 1836 777; x_wconf 85' lang='lat' dir='ltr'><strong>Et</strong></span> <span class='ocrx_word' id='word_1_15' title='bbox 1871 713 1918 777; x_wconf 93' lang='lat' dir='ltr'><strong>sic</strong></span> <span class='ocrx_word' id='word_1_16' title='bbox 1954 734 2064 778; x_wconf 88' lang='lat' dir='ltr'><strong>coram</strong></span> <span class='ocrx_word' id='word_1_17' title='bbox 2098 712 2180 799; x_wconf 89' lang='lat' dir='ltr'><strong>ipso,</strong></span> 
     </span>
     <span class='ocr_line' id='line_1_3' title="bbox 524 817 2181 906; baseline 0 -22"><span class='ocrx_word' id='word_1_18' title='bbox 524 819 657 886; x_wconf 89' lang='lat' dir='ltr'><strong>iubente</strong></span> <span class='ocrx_word' id='word_1_19' title='bbox 681 842 720 885; x_wconf 89' lang='lat' dir='ltr'><strong>ac</strong></span> <span class='ocrx_word' id='word_1_20' title='bbox 744 819 897 885; x_wconf 79' lang='lat' dir='ltr'>audiente</span> <span class='ocrx_word' id='word_1_21' title='bbox 922 818 1059 906; x_wconf 85' lang='lat' dir='ltr'><strong>synodo,</strong></span> <span class='ocrx_word' id='word_1_22' title='bbox 1093 819 1253 884; x_wconf 89' lang='lat' dir='ltr'><strong>dictatum</strong></span> <span class='ocrx_word' id='word_1_23' title='bbox 1283 829 1333 884; x_wconf 90' lang='lat' dir='ltr'><strong>est</strong></span> <span class='ocrx_word' id='word_1_24' title='bbox 1356 842 1377 884; x_wconf 94' lang='lat' dir='ltr'><strong>a</strong></span> <span class='ocrx_word' id='word_1_25' title='bbox 1399 818 1480 884; x_wconf 87' lang='lat' dir='ltr'><strong>Iona</strong></span> <span class='ocrx_word' id='word_1_26' title='bbox 1503 817 1740 884; x_wconf 79' lang='lat' dir='ltr'><strong>Aurelianense</strong></span> <span class='ocrx_word' id='word_1_27' title='bbox 1771 820 1926 906; x_wconf 91' lang='lat' dir='ltr'><strong>episcopo</strong></span> <span class='ocrx_word' id='word_1_28' title='bbox 1949 818 2068 884; x_wconf 78' lang='lat' dir='ltr'><strong>Heliae</strong></span> <span class='ocrx_word' id='word_1_29' title='bbox 2091 840 2181 906; x_wconf 86' lang='lat' dir='ltr'><strong>pres·</strong></span> 
     </span>
     <span class='ocr_line' id='line_1_4' title="bbox 525 924 2182 1014; baseline -0.001 -23"><span class='ocrx_word' id='word_1_30' title='bbox 525 926 651 1014; x_wconf 87' lang='lat' dir='ltr'><strong>bytero,</strong></span> <span class='ocrx_word' id='word_1_31' title='bbox 682 936 797 1013; x_wconf 89' lang='lat' dir='ltr'><strong>postea</strong></span> <span class='ocrx_word' id='word_1_32' title='bbox 819 924 1014 990; x_wconf 83' lang='lat' dir='ltr'><strong>Camotensi</strong></span> <span class='ocrx_word' id='word_1_33' title='bbox 1045 927 1210 1013; x_wconf 88' lang='lat' dir='ltr'><strong>episcopo,</strong></span> <span class='ocrx_word' id='word_1_34' title='bbox 1242 937 1275 991; x_wconf 90' lang='lat' dir='ltr'><strong>et</strong></span> <span class='ocrx_word' id='word_1_35' title='bbox 1301 926 1525 1013; x_wconf 76' lang='lat' dir='ltr'><strong>praescriptae</strong></span> <span class='ocrx_word' id='word_1_36' title='bbox 1555 926 1695 1012; x_wconf 87' lang='lat' dir='ltr'><strong>paginae</strong></span> <span class='ocrx_word' id='word_1_37' title='bbox 1726 924 1941 991; x_wconf 86' lang='lat' dir='ltr'><strong>confessionis</strong></span> <span class='ocrx_word' id='word_1_38' title='bbox 1971 925 2116 991; x_wconf 90' lang='lat' dir='ltr'><strong>eiusdem</strong></span> <span class='ocrx_word' id='word_1_39' title='bbox 2146 927 2182 990; x_wconf 92' lang='lat' dir='ltr'><strong>in</strong></span> 
     </span>
     <span class='ocr_line' id='line_1_5' title="bbox 525 1029 2182 1121; baseline -0.001 -23"><span class='ocrx_word' id='word_1_40' title='bbox 525 1036 597 1121; x_wconf 89' lang='lat' dir='ltr'><strong>ipsa</strong></span> <span class='ocrx_word' id='word_1_41' title='bbox 619 1032 744 1120; x_wconf 87' lang='lat' dir='ltr'><strong>synodo</strong></span> <span class='ocrx_word' id='word_1_42' title='bbox 762 1029 981 1119; x_wconf 89' lang='lat' dir='ltr'><strong>subscriptum</strong></span> <span class='ocrx_word' id='word_1_43' title='bbox 1005 1042 1103 1119; x_wconf 88' lang='lat' dir='ltr'><strong>atque</strong></span> <span class='ocrx_word' id='word_1_44' title='bbox 1128 1031 1337 1097; x_wconf 89' lang='lat' dir='ltr'><strong>subiunctum</strong></span> <span class='ocrx_word' id='word_1_45' title='bbox 1360 1043 1411 1097; x_wconf 89' lang='lat' dir='ltr'><strong>eet</strong></span> <span class='ocrx_word' id='word_1_46' title='bbox 1432 1031 1495 1097; x_wconf 91' lang='lat' dir='ltr'><strong>hoc</strong></span> <span class='ocrx_word' id='word_1_47' title='bbox 1517 1031 1632 1097; x_wconf 91' lang='lat' dir='ltr'><strong>modo:</strong></span> <span class='ocrx_word' id='word_1_48' title='bbox 1656 1032 1743 1097; x_wconf 87' lang='lat' dir='ltr'><strong>Acta</strong></span> <span class='ocrx_word' id='word_1_49' title='bbox 1766 1042 1816 1097; x_wconf 91' lang='lat' dir='ltr'><strong>est</strong></span> <span class='ocrx_word' id='word_1_50' title='bbox 1838 1032 1980 1098; x_wconf 91' lang='lat' dir='ltr'><strong>haec-</strong></span> <span class='ocrx_word' id='word_1_51' title='bbox 1994 1031 2182 1097; x_wconf 89' lang='lat' dir='ltr'><strong>Morbertus</strong></span> 
     </span>
    </p>
   </div>
   <div class='ocr_carea' id='block_1_3' title="bbox 523 1139 2213 1548">
    <p class='ocr_par' dir='ltr' id='par_1_3' title="bbox 523 1139 2213 1548">
     <span class='ocr_line' id='line_1_6' title="bbox 524 1139 2213 1228; baseline -0.001 -24"><span class='ocrx_word' id='word_1_52' title='bbox 524 1141 698 1228; x_wconf 87' lang='lat' dir='ltr'><strong>episcopus</strong></span> <span class='ocrx_word' id='word_1_53' title='bbox 724 1141 832 1228; x_wconf 78' lang='lat' dir='ltr'><strong>(infra</strong></span> <span class='ocrx_word' id='word_1_54' title='bbox 857 1141 877 1204; x_wconf 91' lang='lat' dir='ltr'><strong>l.</strong></span> <span class='ocrx_word' id='word_1_55' title='bbox 894 1146 939 1209; x_wconf 88' lang='grc'><strong>21</strong></span> <span class='ocrx_word' id='word_1_56' title='bbox 955 1179 999 1187; x_wconf 88' lang='grc'><strong>-</strong></span> <span class='ocrx_word' id='word_1_57' title='bbox 1013 1165 1046 1227; x_wconf 82' lang='lat' dir='ltr'><strong>p.</strong></span> <span class='ocrx_word' id='word_1_58' title='bbox 1067 1149 1133 1208; x_wconf 84' lang='lat'><strong>703</strong></span> <span class='ocrx_word' id='word_1_59' title='bbox 1157 1141 1177 1204; x_wconf 86' lang='lat' dir='ltr'><strong>I.</strong></span> <span class='ocrx_word' id='word_1_60' title='bbox 1194 1143 1267 1225; x_wconf 86' lang='grc'><em>22).</em></span> <span class='ocrx_word' id='word_1_61' title='bbox 1303 1140 1345 1204; x_wconf 83' lang='lat' dir='ltr'><strong>In</strong></span> <span class='ocrx_word' id='word_1_62' title='bbox 1359 1143 1429 1228; x_wconf 75' lang='lat' dir='ltr'><strong>fiae</strong></span> <span class='ocrx_word' id='word_1_63' title='bbox 1451 1154 1553 1205; x_wconf 78' lang='lat' dir='ltr'><strong>autern</strong></span> <span class='ocrx_word' id='word_1_64' title='bbox 1568 1139 1766 1204; x_wconf 80' lang='lat' dir='ltr'><strong>Hinmaarue</strong></span> <span class='ocrx_word' id='word_1_65' title='bbox 1780 1139 1892 1206; x_wconf 78' lang='lat' dir='ltr'><strong>addit:</strong></span> <span class='ocrx_word' id='word_1_66' title='bbox 1913 1139 1958 1204; x_wconf 76' lang='lat' dir='ltr'><strong>Et</strong></span> <span class='ocrx_word' id='word_1_67' title='bbox 1980 1139 2062 1204; x_wconf 89' lang='lat' dir='ltr'><strong>haec</strong></span> <span class='ocrx_word' id='word_1_68' title='bbox 2080 1140 2213 1226; x_wconf 82' lang='lat' dir='ltr'><strong>scrip-s</strong></span> 
     </span>
     <span class='ocr_line' id='line_1_7' title="bbox 524 1244 2181 1333; baseline -0.002 -21"><span class='ocrx_word' id='word_1_69' title='bbox 524 1258 597 1312; x_wconf 90' lang='lat' dir='ltr'><strong>tura</strong></span> <span class='ocrx_word' id='word_1_70' title='bbox 619 1245 785 1311; x_wconf 91' lang='lat' dir='ltr'><strong>iudicante</strong></span> <span class='ocrx_word' id='word_1_71' title='bbox 810 1245 935 1332; x_wconf 87' lang='lat' dir='ltr'><strong>synodo</strong></span> <span class='ocrx_word' id='word_1_72' title='bbox 960 1246 1138 1333; x_wconf 90' lang='lat' dir='ltr'><strong>posthaec</strong></span> <span class='ocrx_word' id='word_1_73' title='bbox 1162 1246 1272 1311; x_wconf 89' lang='lat' dir='ltr'><strong>omnia</strong></span> <span class='ocrx_word' id='word_1_74' title='bbox 1294 1257 1424 1333; x_wconf 88' lang='lat' dir='ltr'><strong>patrata</strong></span> <span class='ocrx_word' id='word_1_75' title='bbox 1448 1245 1525 1310; x_wconf 89' lang='lat' dir='ltr'><strong>data</strong></span> <span class='ocrx_word' id='word_1_76' title='bbox 1549 1256 1598 1310; x_wconf 91' lang='lat' dir='ltr'><strong>est</strong></span> <span class='ocrx_word' id='word_1_77' title='bbox 1621 1267 1641 1309; x_wconf 89' lang='lat' dir='ltr'><strong>a</strong></span> <span class='ocrx_word' id='word_1_78' title='bbox 1663 1244 1832 1332; x_wconf 88' lang='lat' dir='ltr'><strong>Drogone,</strong></span> <span class='ocrx_word' id='word_1_79' title='bbox 1860 1247 1917 1333; x_wconf 89' lang='lat' dir='ltr'><strong>qui</strong></span> <span class='ocrx_word' id='word_1_80' title='bbox 1939 1244 2064 1332; x_wconf 88' lang='lat' dir='ltr'><strong>synodo</strong></span> <span class='ocrx_word' id='word_1_81' title='bbox 2087 1267 2181 1333; x_wconf 90' lang='lat' dir='ltr'><strong>prae·</strong></span> 
     </span>
     <span class='ocr_line' id='line_1_8' title="bbox 524 1351 2181 1439; baseline -0.001 -21"><span class='ocrx_word' id='word_1_82' title='bbox 524 1352 652 1418; x_wconf 90' lang='lat' dir='ltr'><strong>sidebat</strong></span> <span class='ocrx_word' id='word_1_83' title='bbox 680 1375 843 1417; x_wconf 89' lang='lat' dir='ltr'><strong>unacum</strong></span> <span class='ocrx_word' id='word_1_84' title='bbox 866 1352 958 1416; x_wconf 93' lang='lat' dir='ltr'><strong>Hetti</strong></span> <span class='ocrx_word' id='word_1_85' title='bbox 989 1354 1143 1439; x_wconf 91' lang='lat' dir='ltr'><strong>episcopo</strong></span> <span class='ocrx_word' id='word_1_86' title='bbox 1168 1352 1368 1435; x_wconf 82' lang='lat' dir='ltr'><strong>Trevirensi,</strong></span> <span class='ocrx_word' id='word_1_87' title='bbox 1391 1351 1540 1435; x_wconf 80' lang='lat' dir='ltr'><strong>Falconi,</strong></span> <span class='ocrx_word' id='word_1_88' title='bbox 1572 1352 1629 1439; x_wconf 89' lang='lat' dir='ltr'><strong>qui</strong></span> <span class='ocrx_word' id='word_1_89' title='bbox 1659 1373 1831 1417; x_wconf 81' lang='lat' dir='ltr'><strong>successor</strong></span> <span class='ocrx_word' id='word_1_90' title='bbox 1859 1353 1893 1417; x_wconf 92' lang='lat' dir='ltr'><strong>in</strong></span> <span class='ocrx_word' id='word_1_91' title='bbox 1925 1351 2003 1418; x_wconf 91' lang='lat' dir='ltr'><strong>sede</strong></span> <span class='ocrx_word' id='word_1_92' title='bbox 2026 1351 2181 1417; x_wconf 87' lang='lat' dir='ltr'><strong>Remensi</strong></span> 
     </span>
     <span class='ocr_line' id='line_1_9' title="bbox 523 1458 2112 1548; baseline -0.001 -24"><span class='ocrx_word' id='word_1_93' title='bbox 523 1458 649 1524; x_wconf 86' lang='lat' dir='ltr'><strong>Ebonis</strong></span> <span class='ocrx_word' id='word_1_94' title='bbox 672 1459 780 1525; x_wconf 85' lang='lat' dir='ltr'><strong>fuerat</strong></span> <span class='ocrx_word' id='word_1_95' title='bbox 803 1458 1007 1545; x_wconf 84' lang='lat' dir='ltr'><strong>designatus3</strong></span> <span class='ocrx_word' id='word_1_96' title='bbox 1033 1462 1078 1548; x_wconf 87' lang='lat' dir='ltr'><strong>ef.</strong></span> <span class='ocrx_word' id='word_1_97' title='bbox 1103 1462 1197 1524; x_wconf 80' lang='lat' dir='ltr'><strong>etiam</strong></span> <span class='ocrx_word' id='word_1_98' title='bbox 1221 1484 1301 1546; x_wconf 81' lang='lat' dir='ltr'><strong>qaae</strong></span> <span class='ocrx_word' id='word_1_99' title='bbox 1324 1483 1424 1546; x_wconf 82' lang='lat' dir='ltr'><strong>supra</strong></span> <span class='ocrx_word' id='word_1_100' title='bbox 1441 1483 1478 1548; x_wconf 81' lang='lat' dir='ltr'><strong>p.</strong></span> <span class='ocrx_word' id='word_1_101' title='bbox 1497 1468 1565 1526; x_wconf 77' lang='lat'><strong>697</strong></span> <span class='ocrx_word' id='word_1_102' title='bbox 1576 1483 1643 1546; x_wconf 80' lang='lat' dir='ltr'><strong>sqq.</strong></span> <span class='ocrx_word' id='word_1_103' title='bbox 1668 1483 1708 1524; x_wconf 71' lang='lat' dir='ltr'><strong>ece</strong></span> <span class='ocrx_word' id='word_1_104' title='bbox 1724 1459 1917 1524; x_wconf 75' lang='lat' dir='ltr'><strong>Florioordo</strong></span> <span class='ocrx_word' id='word_1_105' title='bbox 1940 1460 2112 1524; x_wconf 64' lang='lat' dir='ltr'><strong>amolimur.</strong></span> 
     </span>
    </p>
   </div>
   <div class='ocr_carea' id='block_1_4' title="bbox 1003 1705 1707 1794">
    <p class='ocr_par' dir='ltr' id='par_1_4' title="bbox 1003 1705 1707 1794">
     <span class='ocr_line' id='line_1_10' title="bbox 1003 1705 1707 1794; baseline 0.003 -23"><span class='ocrx_word' id='word_1_106' title='bbox 1003 1705 1149 1773; x_wconf 84' lang='lat' dir='ltr'><strong>Libellus</strong></span> <span class='ocrx_word' id='word_1_107' title='bbox 1173 1705 1216 1772; x_wconf 90' lang='lat' dir='ltr'><strong>ab</strong></span> <span class='ocrx_word' id='word_1_108' title='bbox 1239 1705 1356 1772; x_wconf 86' lang='lat' dir='ltr'><strong>Ebone</strong></span> <span class='ocrx_word' id='word_1_109' title='bbox 1380 1706 1504 1794; x_wconf 88' lang='lat' dir='ltr'><strong>synodo</strong></span> <span class='ocrx_word' id='word_1_110' title='bbox 1528 1717 1707 1794; x_wconf 86' lang='lat' dir='ltr'><strong>porrectus.</strong></span> 
     </span>
    </p>
   </div>
   <div class='ocr_carea' id='block_1_5' title="bbox 524 1847 2227 3002">
    <p class='ocr_par' dir='ltr' id='par_1_5' title="bbox 524 1847 2227 3002">
     <span class='ocr_line' id='line_1_11' title="bbox 631 1847 2227 1937; baseline -0.001 -23"><span class='ocrx_word' id='word_1_111' title='bbox 631 1850 704 1936; x_wconf 84' lang='lat' dir='ltr'><strong>Ego</strong></span> <span class='ocrx_word' id='word_1_112' title='bbox 727 1847 801 1913; x_wconf 87' lang='lat' dir='ltr'><strong>Ebc</strong></span> <span class='ocrx_word' id='word_1_113' title='bbox 825 1848 978 1935; x_wconf 87' lang='lat' dir='ltr'><strong>indignus</strong></span> <span class='ocrx_word' id='word_1_114' title='bbox 1003 1850 1175 1936; x_wconf 91' lang='lat' dir='ltr'><strong>episcopus</strong></span> <span class='ocrx_word' id='word_1_115' title='bbox 1199 1870 1439 1935; x_wconf 89' lang='lat' dir='ltr'><strong>recognoscens</strong></span> <span class='ocrx_word' id='word_1_116' title='bbox 1469 1848 1680 1934; x_wconf 84' lang='lat' dir='ltr'><strong>fragilitatem</strong></span> <span class='ocrx_word' id='word_1_117' title='bbox 1709 1871 1817 1915; x_wconf 89' lang='lat' dir='ltr'><strong>meam</strong></span> <span class='ocrx_word' id='word_1_118' title='bbox 1840 1860 1873 1914; x_wconf 92' lang='lat' dir='ltr'><strong>et</strong></span> <span class='ocrx_word' id='word_1_119' title='bbox 1894 1849 2041 1937; x_wconf 91' lang='lat' dir='ltr'><strong>pondera</strong></span> <span class='ocrx_word' id='word_1_120' title='bbox 2063 1871 2180 1936; x_wconf 88' lang='lat' dir='ltr'><strong>pecca·</strong></span> <span class='ocrx_word' id='word_1_121' title='bbox 2200 1872 2227 1912; x_wconf 81' lang='lat' dir='ltr'><strong>ro</strong></span> 
     </span>
     <span class='ocr_line' id='line_1_12' title="bbox 525 1954 2180 2043; baseline -0.001 -21"><span class='ocrx_word' id='word_1_122' title='bbox 525 1969 630 2022; x_wconf 90' lang='lat' dir='ltr'><strong>torum</strong></span> <span class='ocrx_word' id='word_1_123' title='bbox 660 1978 806 2021; x_wconf 89' lang='lat' dir='ltr'><strong>meorum</strong></span> <span class='ocrx_word' id='word_1_124' title='bbox 836 1965 936 2020; x_wconf 87' lang='lat' dir='ltr'><strong>testes</strong></span> <span class='ocrx_word' id='word_1_125' title='bbox 967 1955 1171 2020; x_wconf 87' lang='lat' dir='ltr'><strong>confessores</strong></span> <span class='ocrx_word' id='word_1_126' title='bbox 1202 1978 1302 2037; x_wconf 89' lang='lat' dir='ltr'><strong>meos,</strong></span> <span class='ocrx_word' id='word_1_127' title='bbox 1332 1954 1501 2020; x_wconf 83' lang='lat' dir='ltr'><strong>Aiulfum²</strong></span> <span class='ocrx_word' id='word_1_128' title='bbox 1527 1954 1683 2020; x_wconf 88' lang='lat' dir='ltr'><strong>videlicet</strong></span> <span class='ocrx_word' id='word_1_129' title='bbox 1712 1955 1994 2043; x_wconf 89' lang='lat' dir='ltr'><strong>archiepiscopum</strong></span> <span class='ocrx_word' id='word_1_130' title='bbox 2018 1966 2051 2020; x_wconf 90' lang='lat' dir='ltr'><strong>et</strong></span> <span class='ocrx_word' id='word_1_131' title='bbox 2073 1955 2180 2020; x_wconf 90' lang='lat' dir='ltr'><strong>Bada·</strong></span> 
     </span>
     <span class='ocr_line' id='line_1_13' title="bbox 524 2061 2180 2150; baseline -0.001 -23"><span class='ocrx_word' id='word_1_132' title='bbox 524 2062 664 2128; x_wconf 79' lang='lat' dir='ltr'><strong>radum³</strong></span> <span class='ocrx_word' id='word_1_133' title='bbox 686 2063 876 2150; x_wconf 89' lang='lat' dir='ltr'><strong>episcopum</strong></span> <span class='ocrx_word' id='word_1_134' title='bbox 899 2083 1027 2126; x_wconf 89' lang='lat' dir='ltr'><strong>necnon</strong></span> <span class='ocrx_word' id='word_1_135' title='bbox 1051 2073 1083 2126; x_wconf 91' lang='lat' dir='ltr'><strong>et</strong></span> <span class='ocrx_word' id='word_1_136' title='bbox 1106 2061 1319 2126; x_wconf 82' lang='lat' dir='ltr'><strong>Modoinum⁴</strong></span> <span class='ocrx_word' id='word_1_137' title='bbox 1343 2062 1542 2148; x_wconf 90' lang='lat' dir='ltr'><strong>episcopum,</strong></span> <span class='ocrx_word' id='word_1_138' title='bbox 1568 2062 1719 2127; x_wconf 89' lang='lat' dir='ltr'><strong>constitui</strong></span> <span class='ocrx_word' id='word_1_139' title='bbox 1743 2062 1822 2127; x_wconf 91' lang='lat' dir='ltr'><strong>mibi</strong></span> <span class='ocrx_word' id='word_1_140' title='bbox 1845 2061 1971 2126; x_wconf 91' lang='lat' dir='ltr'><strong>iudices</strong></span> <span class='ocrx_word' id='word_1_141' title='bbox 1986 2061 2180 2127; x_wconf 87' lang='lat' dir='ltr'><strong>delictorum</strong></span> 
     </span>
     <span class='ocr_line' id='line_1_14' title="bbox 525 2167 2179 2255; baseline -0.001 -22"><span class='ocrx_word' id='word_1_142' title='bbox 525 2191 671 2234; x_wconf 89' lang='lat' dir='ltr'><strong>meorum</strong></span> <span class='ocrx_word' id='word_1_143' title='bbox 694 2179 727 2233; x_wconf 92' lang='lat' dir='ltr'><strong>ct</strong></span> <span class='ocrx_word' id='word_1_144' title='bbox 749 2191 865 2255; x_wconf 86' lang='lat' dir='ltr'><strong>puram</strong></span> <span class='ocrx_word' id='word_1_145' title='bbox 888 2169 967 2255; x_wconf 92' lang='lat' dir='ltr'><strong>ipsis</strong></span> <span class='ocrx_word' id='word_1_146' title='bbox 992 2168 1229 2233; x_wconf 85' lang='lat' dir='ltr'><strong>confessionem</strong></span> <span class='ocrx_word' id='word_1_147' title='bbox 1261 2167 1347 2249; x_wconf 90' lang='lat' dir='ltr'><strong>dedi,</strong></span> <span class='ocrx_word' id='word_1_148' title='bbox 1379 2190 1540 2255; x_wconf 90' lang='lat' dir='ltr'><strong>quaerens</strong></span> <span class='ocrx_word' id='word_1_149' title='bbox 1570 2168 1752 2234; x_wconf 90' lang='lat' dir='ltr'><strong>remedium</strong></span> <span class='ocrx_word' id='word_1_150' title='bbox 1775 2168 1964 2255; x_wconf 89' lang='lat' dir='ltr'><strong>paenitendi</strong></span> <span class='ocrx_word' id='word_1_151' title='bbox 1987 2179 2020 2232; x_wconf 90' lang='lat' dir='ltr'><strong>et</strong></span> <span class='ocrx_word' id='word_1_152' title='bbox 2043 2168 2179 2234; x_wconf 89' lang='lat' dir='ltr'><strong>salutem</strong></span> 
     </span>
     <span class='ocr_line' id='line_1_15' title="bbox 525 2273 2180 2362; baseline 0 -23"><span class='ocrx_word' id='word_1_153' title='bbox 525 2277 653 2340; x_wconf 89' lang='lat' dir='ltr'><strong>animae</strong></span> <span class='ocrx_word' id='word_1_154' title='bbox 677 2297 780 2356; x_wconf 89' lang='lat' dir='ltr'><strong>meae,</strong></span> <span class='ocrx_word' id='word_1_155' title='bbox 808 2285 845 2340; x_wconf 90' lang='lat' dir='ltr'><strong>ut</strong></span> <span class='ocrx_word' id='word_1_156' title='bbox 866 2273 1056 2339; x_wconf 86' lang='lat' dir='ltr'><strong>recederem</strong></span> <span class='ocrx_word' id='word_1_157' title='bbox 1079 2273 1121 2339; x_wconf 91' lang='lat' dir='ltr'><strong>ab</strong></span> <span class='ocrx_word' id='word_1_158' title='bbox 1145 2274 1253 2338; x_wconf 91' lang='lat' dir='ltr'><strong>officio</strong></span> <span class='ocrx_word' id='word_1_159' title='bbox 1277 2285 1309 2339; x_wconf 90' lang='lat' dir='ltr'><strong>et</strong></span> <span class='ocrx_word' id='word_1_160' title='bbox 1332 2275 1509 2339; x_wconf 87' lang='lat' dir='ltr'><strong>ministerio</strong></span> <span class='ocrx_word' id='word_1_161' title='bbox 1534 2275 1721 2362; x_wconf 90' lang='lat' dir='ltr'><strong>episcopali,</strong></span> <span class='ocrx_word' id='word_1_162' title='bbox 1746 2299 1810 2362; x_wconf 94' lang='lat' dir='ltr'><strong>quo</strong></span> <span class='ocrx_word' id='word_1_163' title='bbox 1826 2298 1877 2340; x_wconf 91' lang='lat' dir='ltr'><strong>me</strong></span> <span class='ocrx_word' id='word_1_164' title='bbox 1893 2298 2092 2362; x_wconf 87' lang='lat' dir='ltr'><strong>recognosco</strong></span> <span class='ocrx_word' id='word_1_165' title='bbox 2108 2296 2180 2340; x_wconf 90' lang='lat' dir='ltr'><strong>esse</strong></span> 
     </span>
     <span class='ocr_line' id='line_1_16' title="bbox 524 2380 2226 2469; baseline -0.001 -24"><span class='ocrx_word' id='word_1_166' title='bbox 524 2381 705 2468; x_wconf 87' lang='lat' dir='ltr'><strong>indignum,</strong></span> <span class='ocrx_word' id='word_1_167' title='bbox 738 2393 770 2446; x_wconf 95' lang='lat' dir='ltr'><strong>et</strong></span> <span class='ocrx_word' id='word_1_168' title='bbox 793 2380 935 2445; x_wconf 88' lang='lat' dir='ltr'><strong>alienum</strong></span> <span class='ocrx_word' id='word_1_169' title='bbox 958 2404 1011 2445; x_wconf 91' lang='lat' dir='ltr'><strong>me</strong></span> <span class='ocrx_word' id='word_1_170' title='bbox 1035 2381 1176 2446; x_wconf 89' lang='lat' dir='ltr'><strong>reddens</strong></span> <span class='ocrx_word' id='word_1_171' title='bbox 1200 2404 1259 2469; x_wconf 89' lang='lat' dir='ltr'><strong>pro</strong></span> <span class='ocrx_word' id='word_1_172' title='bbox 1282 2381 1428 2446; x_wconf 89' lang='lat' dir='ltr'><strong>reatibus</strong></span> <span class='ocrx_word' id='word_1_173' title='bbox 1451 2382 1542 2462; x_wconf 92' lang='lat' dir='ltr'><strong>meis,</strong></span> <span class='ocrx_word' id='word_1_174' title='bbox 1574 2382 1608 2446; x_wconf 93' lang='lat' dir='ltr'><strong>in</strong></span> <span class='ocrx_word' id='word_1_175' title='bbox 1631 2380 1749 2469; x_wconf 91' lang='lat' dir='ltr'><strong>quibus</strong></span> <span class='ocrx_word' id='word_1_176' title='bbox 1773 2405 1927 2469; x_wconf 86' lang='lat' dir='ltr'><strong>peccasse</strong></span> <span class='ocrx_word' id='word_1_177' title='bbox 1951 2393 2076 2447; x_wconf 88' lang='lat' dir='ltr'><strong>secreto</strong></span> <span class='ocrx_word' id='word_1_178' title='bbox 2100 2382 2179 2468; x_wconf 91' lang='lat' dir='ltr'><strong>ipsis</strong></span> <span class='ocrx_word' id='word_1_179' title='bbox 2198 2402 2226 2444; x_wconf 81' lang='lat' dir='ltr'><strong>rs</strong></span> 
     </span>
     <span class='ocr_line' id='line_1_17' title="bbox 526 2487 2179 2576; baseline 0 -23"><span class='ocrx_word' id='word_1_180' title='bbox 526 2488 694 2553; x_wconf 81' lang='lat' dir='ltr'><strong>confessus</strong></span> <span class='ocrx_word' id='word_1_181' title='bbox 724 2512 806 2571; x_wconf 89' lang='lat' dir='ltr'><strong>sum,</strong></span> <span class='ocrx_word' id='word_1_182' title='bbox 839 2510 878 2553; x_wconf 90' lang='lat' dir='ltr'><strong>eo</strong></span> <span class='ocrx_word' id='word_1_183' title='bbox 909 2488 1034 2553; x_wconf 89' lang='lat' dir='ltr'><strong>scilieet</strong></span> <span class='ocrx_word' id='word_1_184' title='bbox 1063 2488 1169 2570; x_wconf 89' lang='lat' dir='ltr'><strong>modo,</strong></span> <span class='ocrx_word' id='word_1_185' title='bbox 1205 2501 1242 2553; x_wconf 92' lang='lat' dir='ltr'><strong>ut</strong></span> <span class='ocrx_word' id='word_1_186' title='bbox 1270 2490 1335 2576; x_wconf 90' lang='lat' dir='ltr'><strong>ipsi</strong></span> <span class='ocrx_word' id='word_1_187' title='bbox 1365 2487 1429 2552; x_wconf 89' lang='lat' dir='ltr'><strong>sint</strong></span> <span class='ocrx_word' id='word_1_188' title='bbox 1458 2498 1558 2553; x_wconf 89' lang='lat' dir='ltr'><strong>testes</strong></span> <span class='ocrx_word' id='word_1_189' title='bbox 1588 2487 1651 2552; x_wconf 88' lang='lat' dir='ltr'><strong>alio</strong></span> <span class='ocrx_word' id='word_1_190' title='bbox 1682 2488 1881 2554; x_wconf 88' lang='lat' dir='ltr'><strong>succedendi</strong></span> <span class='ocrx_word' id='word_1_191' title='bbox 1911 2500 1943 2554; x_wconf 89' lang='lat' dir='ltr'><strong>et</strong></span> <span class='ocrx_word' id='word_1_192' title='bbox 1966 2487 2179 2554; x_wconf 90' lang='lat' dir='ltr'><strong>consecrandi</strong></span> 
     </span>
     <span class='ocr_line' id='line_1_18' title="bbox 526 2593 2179 2682; baseline 0 -23"><span class='ocrx_word' id='word_1_193' title='bbox 526 2593 790 2682; x_wconf 82' lang='lat' dir='ltr'><strong>subrogandique</strong></span> <span class='ocrx_word' id='word_1_194' title='bbox 814 2597 846 2658; x_wconf 90' lang='lat' dir='ltr'><strong>in</strong></span> <span class='ocrx_word' id='word_1_195' title='bbox 871 2593 943 2660; x_wconf 93' lang='lat' dir='ltr'><strong>loco</strong></span> <span class='ocrx_word' id='word_1_196' title='bbox 966 2617 1049 2675; x_wconf 90' lang='lat' dir='ltr'><strong>meo,</strong></span> <span class='ocrx_word' id='word_1_197' title='bbox 1075 2596 1130 2681; x_wconf 91' lang='lat' dir='ltr'><strong>qui</strong></span> <span class='ocrx_word' id='word_1_198' title='bbox 1155 2595 1254 2681; x_wconf 85' lang='lat' dir='ltr'><strong>digne</strong></span> <span class='ocrx_word' id='word_1_199' title='bbox 1277 2616 1430 2682; x_wconf 88' lang='lat' dir='ltr'><strong>praeesse</strong></span> <span class='ocrx_word' id='word_1_200' title='bbox 1454 2604 1487 2658; x_wconf 93' lang='lat' dir='ltr'><strong>et</strong></span> <span class='ocrx_word' id='word_1_201' title='bbox 1509 2593 1664 2681; x_wconf 89' lang='lat' dir='ltr'><strong>prodesse</strong></span> <span class='ocrx_word' id='word_1_202' title='bbox 1694 2596 1797 2682; x_wconf 86' lang='lat' dir='ltr'><strong>possit</strong></span> <span class='ocrx_word' id='word_1_203' title='bbox 1820 2594 1989 2676; x_wconf 88' lang='lat' dir='ltr'><strong>eeclesiae,</strong></span> <span class='ocrx_word' id='word_1_204' title='bbox 2022 2596 2074 2659; x_wconf 89' lang='lat' dir='ltr'><strong>cui</strong></span> <span class='ocrx_word' id='word_1_205' title='bbox 2103 2595 2179 2660; x_wconf 90' lang='lat' dir='ltr'><strong>hac·</strong></span> 
     </span>
     <span class='ocr_line' id='line_1_19' title="bbox 525 2700 2180 2789; baseline 0 -23"><span class='ocrx_word' id='word_1_206' title='bbox 525 2712 619 2767; x_wconf 88' lang='lat' dir='ltr'><strong>tenus</strong></span> <span class='ocrx_word' id='word_1_207' title='bbox 654 2701 807 2787; x_wconf 88' lang='lat' dir='ltr'><strong>indignus</strong></span> <span class='ocrx_word' id='word_1_208' title='bbox 841 2701 979 2788; x_wconf 87' lang='lat' dir='ltr'><strong>praefui.</strong></span> <span class='ocrx_word' id='word_1_209' title='bbox 1025 2701 1070 2766; x_wconf 81' lang='lat' dir='ltr'><strong>Et</strong></span> <span class='ocrx_word' id='word_1_210' title='bbox 1099 2712 1135 2765; x_wconf 91' lang='lat' dir='ltr'><strong>ut</strong></span> <span class='ocrx_word' id='word_1_211' title='bbox 1163 2701 1241 2766; x_wconf 91' lang='lat' dir='ltr'><strong>inde</strong></span> <span class='ocrx_word' id='word_1_212' title='bbox 1276 2700 1361 2766; x_wconf 90' lang='lat' dir='ltr'><strong>ultra</strong></span> <span class='ocrx_word' id='word_1_213' title='bbox 1391 2700 1513 2766; x_wconf 89' lang='lat' dir='ltr'><strong>nullam</strong></span> <span class='ocrx_word' id='word_1_214' title='bbox 1544 2701 1770 2788; x_wconf 88' lang='lat' dir='ltr'><strong>repetitionem</strong></span> <span class='ocrx_word' id='word_1_215' title='bbox 1800 2713 1856 2767; x_wconf 90' lang='lat' dir='ltr'><strong>aut</strong></span> <span class='ocrx_word' id='word_1_216' title='bbox 1886 2700 2180 2789; x_wconf 88' lang='lat' dir='ltr'><strong>interpellationem</strong></span> 
     </span>
     <span class='ocr_line' id='line_1_20' title="bbox 526 2807 2178 2894; baseline 0.001 -22"><span class='ocrx_word' id='word_1_217' title='bbox 526 2810 717 2874; x_wconf 85' lang='lat' dir='ltr'><strong>auctoritate</strong></span> <span class='ocrx_word' id='word_1_218' title='bbox 748 2809 907 2872; x_wconf 88' lang='lat' dir='ltr'><strong>canonica</strong></span> <span class='ocrx_word' id='word_1_219' title='bbox 937 2808 1045 2872; x_wconf 84' lang='lat' dir='ltr'><strong>iacere</strong></span> <span class='ocrx_word' id='word_1_220' title='bbox 1076 2807 1215 2891; x_wconf 88' lang='lat' dir='ltr'><strong>valeam,</strong></span> <span class='ocrx_word' id='word_1_221' title='bbox 1251 2831 1350 2872; x_wconf 90' lang='lat' dir='ltr'><strong>manu</strong></span> <span class='ocrx_word' id='word_1_222' title='bbox 1379 2808 1512 2894; x_wconf 89' lang='lat' dir='ltr'><strong>propria</strong></span> <span class='ocrx_word' id='word_1_223' title='bbox 1541 2829 1614 2872; x_wconf 87' lang='lat' dir='ltr'><strong>mea</strong></span> <span class='ocrx_word' id='word_1_224' title='bbox 1645 2807 1855 2873; x_wconf 89' lang='lat' dir='ltr'><strong>subscribens</strong></span> <span class='ocrx_word' id='word_1_225' title='bbox 1878 2809 2015 2874; x_wconf 86' lang='lat' dir='ltr'><strong>firmavi.</strong></span> <span class='ocrx_word' id='word_1_226' title='bbox 2061 2807 2178 2890; x_wconf 84' lang='lat' dir='ltr'><strong>†Ebo</strong></span> 
     </span>
     <span class='ocr_line' id='line_1_21' title="bbox 526 2913 2226 3002; baseline -0.002 -23"><span class='ocrx_word' id='word_1_227' title='bbox 526 2914 691 3000; x_wconf 90' lang='lat' dir='ltr'><strong>quondam</strong></span> <span class='ocrx_word' id='word_1_228' title='bbox 714 2916 887 3002; x_wconf 91' lang='lat' dir='ltr'><strong>episcopus</strong></span> <span class='ocrx_word' id='word_1_229' title='bbox 911 2913 1100 3001; x_wconf 89' lang='lat' dir='ltr'><strong>subscripsi.</strong></span> <span class='ocrx_word' id='word_1_230' title='bbox 2197 2935 2226 2976; x_wconf 79' lang='lat' dir='ltr'><strong>ro</strong></span> 
     </span>
    </p>
   </div>
   <div class='ocr_carea' id='block_1_6' title="bbox 525 3037 2180 3445">
    <p class='ocr_par' dir='ltr' id='par_1_6' title="bbox 525 3037 2180 3445">
     <span class='ocr_line' id='line_1_22' title="bbox 632 3037 2180 3130; baseline -0.001 -26"><span class='ocrx_word' id='word_1_231' title='bbox 632 3040 718 3104; x_wconf 87' lang='lat' dir='ltr'><strong>Acta</strong></span> <span class='ocrx_word' id='word_1_232' title='bbox 741 3049 791 3103; x_wconf 91' lang='lat' dir='ltr'><strong>est</strong></span> <span class='ocrx_word' id='word_1_233' title='bbox 818 3038 900 3103; x_wconf 88' lang='lat' dir='ltr'><strong>haec</strong></span> <span class='ocrx_word' id='word_1_234' title='bbox 923 3037 1050 3103; x_wconf 88' lang='lat' dir='ltr'><strong>Ebonis</strong></span> <span class='ocrx_word' id='word_1_235' title='bbox 1081 3039 1239 3126; x_wconf 88' lang='lat' dir='ltr'><strong>professio</strong></span> <span class='ocrx_word' id='word_1_236' title='bbox 1272 3040 1407 3124; x_wconf 88' lang='lat' dir='ltr'><strong>eiusque</strong></span> <span class='ocrx_word' id='word_1_237' title='bbox 1438 3040 1589 3125; x_wconf 90' lang='lat' dir='ltr'><strong>propriae</strong></span> <span class='ocrx_word' id='word_1_238' title='bbox 1620 3062 1736 3104; x_wconf 89' lang='lat' dir='ltr'><strong>manus</strong></span> <span class='ocrx_word' id='word_1_239' title='bbox 1765 3038 2003 3130; x_wconf 83' lang='lat' dir='ltr'><strong>subscriptione</strong></span> <span class='ocrx_word' id='word_1_240' title='bbox 2026 3038 2180 3104; x_wconf 86' lang='lat' dir='ltr'><strong>roborata</strong></span> 
     </span>
     <span class='ocr_line' id='line_1_23' title="bbox 525 3144 2179 3232; baseline 0.001 -23"><span class='ocrx_word' id='word_1_241' title='bbox 525 3147 560 3209; x_wconf 93' lang='lat' dir='ltr'><strong>in</strong></span> <span class='ocrx_word' id='word_1_242' title='bbox 584 3156 747 3210; x_wconf 86' lang='lat' dir='ltr'><strong>conventu</strong></span> <span class='ocrx_word' id='word_1_243' title='bbox 770 3144 919 3232; x_wconf 85' lang='lat' dir='ltr'><strong>synodali</strong></span> <span class='ocrx_word' id='word_1_244' title='bbox 949 3145 1147 3231; x_wconf 83' lang='lat' dir='ltr'><strong>generaliter</strong></span> <span class='ocrx_word' id='word_1_245' title='bbox 1176 3144 1288 3210; x_wconf 89' lang='lat' dir='ltr'><strong>habito</strong></span> <span class='ocrx_word' id='word_1_246' title='bbox 1319 3145 1406 3230; x_wconf 88' lang='lat' dir='ltr'><strong>apud</strong></span> <span class='ocrx_word' id='word_1_247' title='bbox 1431 3144 1595 3210; x_wconf 88' lang='lat' dir='ltr'><strong>Teodonis</strong></span> <span class='ocrx_word' id='word_1_248' title='bbox 1618 3145 1731 3211; x_wconf 88' lang='lat' dir='ltr'><strong>villam</strong></span> <span class='ocrx_word' id='word_1_249' title='bbox 1758 3169 1843 3211; x_wconf 88' lang='lat' dir='ltr'><strong>anno</strong></span> <span class='ocrx_word' id='word_1_250' title='bbox 1866 3147 2099 3211; x_wconf 80' lang='lat' dir='ltr'><strong>incarnationis</strong></span> <span class='ocrx_word' id='word_1_251' title='bbox 2123 3145 2179 3211; x_wconf 93' lang='lat' dir='ltr'><strong>do·</strong></span> 
     </span>
     <span class='ocr_line' id='line_1_24' title="bbox 525 3250 2179 3339; baseline 0.002 -23"><span class='ocrx_word' id='word_1_252' title='bbox 525 3253 606 3317; x_wconf 90' lang='lat' dir='ltr'><strong>mini</strong></span> <span class='ocrx_word' id='word_1_253' title='bbox 635 3253 736 3317; x_wconf 88' lang='lat' dir='ltr'><strong>nostri</strong></span> <span class='ocrx_word' id='word_1_254' title='bbox 760 3252 836 3316; x_wconf 90' lang='lat' dir='ltr'><strong>Iesu</strong></span> <span class='ocrx_word' id='word_1_255' title='bbox 860 3250 980 3316; x_wconf 83' lang='lat' dir='ltr'><strong>Christi</strong></span> <span class='ocrx_word' id='word_1_256' title='bbox 1004 3250 1286 3334; x_wconf 76' lang='lat' dir='ltr'>MCCCXXXV,</span> <span class='ocrx_word' id='word_1_257' title='bbox 1317 3275 1402 3317; x_wconf 90' lang='lat' dir='ltr'><strong>anno</strong></span> <span class='ocrx_word' id='word_1_258' title='bbox 1434 3253 1533 3317; x_wconf 88' lang='lat' dir='ltr'><strong>etiam</strong></span> <span class='ocrx_word' id='word_1_259' title='bbox 1562 3253 1692 3339; x_wconf 84' lang='lat' dir='ltr'><strong>imperii</strong></span> <span class='ocrx_word' id='word_1_260' title='bbox 1721 3252 1855 3339; x_wconf 90' lang='lat' dir='ltr'><strong>gloriosi</strong></span> <span class='ocrx_word' id='word_1_261' title='bbox 1880 3252 2031 3319; x_wconf 76' lang='lat' dir='ltr'><strong>Caesaris</strong></span> <span class='ocrx_word' id='word_1_262' title='bbox 2054 3254 2179 3319; x_wconf 88' lang='lat' dir='ltr'><strong>Hludo·</strong></span> 
     </span>
     <span class='ocr_line' id='line_1_25' title="bbox 525 3357 1949 3445; baseline 0.001 -23"><span class='ocrx_word' id='word_1_263' title='bbox 525 3359 599 3424; x_wconf 86' lang='lat' dir='ltr'><strong>wici</strong></span> <span class='ocrx_word' id='word_1_264' title='bbox 623 3359 764 3440; x_wconf 77' lang='lat' dir='ltr'><strong>XXIII,</strong></span> <span class='ocrx_word' id='word_1_265' title='bbox 788 3357 966 3423; x_wconf 90' lang='lat' dir='ltr'><strong>indictione</strong></span> <span class='ocrx_word' id='word_1_266' title='bbox 991 3358 1098 3440; x_wconf 79' lang='lat' dir='ltr'><strong>xlll,</strong></span> <span class='ocrx_word' id='word_1_267' title='bbox 1123 3357 1182 3423; x_wconf 89' lang='lat' dir='ltr'><strong>sub</strong></span> <span class='ocrx_word' id='word_1_268' title='bbox 1207 3358 1260 3422; x_wconf 92' lang='lat' dir='ltr'><strong>die</strong></span> <span class='ocrx_word' id='word_1_269' title='bbox 1284 3357 1508 3424; x_wconf 84' lang='lat' dir='ltr'><strong>Kalendarum</strong></span> <span class='ocrx_word' id='word_1_270' title='bbox 1532 3370 1648 3445; x_wconf 90' lang='lat' dir='ltr'><strong>quarto</strong></span> <span class='ocrx_word' id='word_1_271' title='bbox 1672 3359 1784 3425; x_wconf 87' lang='lat' dir='ltr'><strong>Nonas</strong></span> <span class='ocrx_word' id='word_1_272' title='bbox 1807 3360 1917 3424; x_wconf 88' lang='lat' dir='ltr'><strong>Martii</strong></span> <span class='ocrx_word' id='word_1_273' title='bbox 1928 3366 1949 3424; x_wconf 76' lang='lat'><strong>⁶.</strong></span> 
     </span>
    </p>
   </div>
   <div class='ocr_carea' id='block_1_7' title="bbox 525 3483 2225 4423">
    <p class='ocr_par' dir='ltr' id='par_1_7' title="bbox 525 3483 2225 4423">
     <span class='ocr_line' id='line_1_26' title="bbox 632 3483 2225 3572; baseline -0.003 -24"><span class='ocrx_word' id='word_1_274' title='bbox 632 3484 677 3548; x_wconf 91' lang='lat' dir='ltr'><strong>Hi</strong></span> <span class='ocrx_word' id='word_1_275' title='bbox 700 3494 775 3548; x_wconf 91' lang='lat' dir='ltr'><strong>sunt</strong></span> <span class='ocrx_word' id='word_1_276' title='bbox 798 3484 955 3570; x_wconf 87' lang='lat' dir='ltr'><strong>episcopi,</strong></span> <span class='ocrx_word' id='word_1_277' title='bbox 979 3484 1036 3569; x_wconf 89' lang='lat' dir='ltr'><strong>qui</strong></span> <span class='ocrx_word' id='word_1_278' title='bbox 1059 3483 1297 3547; x_wconf 88' lang='lat' dir='ltr'><strong>confessionem</strong></span> <span class='ocrx_word' id='word_1_279' title='bbox 1320 3506 1419 3547; x_wconf 89' lang='lat' dir='ltr'><strong>manu</strong></span> <span class='ocrx_word' id='word_1_280' title='bbox 1443 3505 1503 3547; x_wconf 91' lang='lat' dir='ltr'><strong>sua</strong></span> <span class='ocrx_word' id='word_1_281' title='bbox 1525 3485 1658 3571; x_wconf 88' lang='lat' dir='ltr'><strong>propria</strong></span> <span class='ocrx_word' id='word_1_282' title='bbox 1672 3483 1833 3549; x_wconf 87' lang='lat' dir='ltr'><strong>firmatam</strong></span> <span class='ocrx_word' id='word_1_283' title='bbox 1850 3485 2032 3566; x_wconf 86' lang='lat' dir='ltr'><strong>audierunt,</strong></span> <span class='ocrx_word' id='word_1_284' title='bbox 2056 3487 2089 3549; x_wconf 93' lang='lat' dir='ltr'><strong>in</strong></span> <span class='ocrx_word' id='word_1_285' title='bbox 2114 3508 2180 3572; x_wconf 90' lang='lat' dir='ltr'><strong>qua</strong></span> <span class='ocrx_word' id='word_1_286' title='bbox 2197 3503 2225 3544; x_wconf 78' lang='lat' dir='ltr'><strong>ss</strong></span> 
     </span>
     <span class='ocr_line' id='line_1_27' title="bbox 527 3587 2178 3677; baseline -0.001 -22"><span class='ocrx_word' id='word_1_287' title='bbox 527 3589 767 3673; x_wconf 86' lang='lat' dir='ltr'><strong>continebatur,</strong></span> <span class='ocrx_word' id='word_1_288' title='bbox 803 3589 892 3676; x_wconf 93' lang='lat' dir='ltr'><strong>quod</strong></span> <span class='ocrx_word' id='word_1_289' title='bbox 925 3590 995 3676; x_wconf 90' lang='lat' dir='ltr'><strong>ipse</strong></span> <span class='ocrx_word' id='word_1_290' title='bbox 1030 3588 1103 3654; x_wconf 85' lang='lat' dir='ltr'><strong>Ebo</strong></span> <span class='ocrx_word' id='word_1_291' title='bbox 1137 3612 1196 3676; x_wconf 92' lang='lat' dir='ltr'><strong>pro</strong></span> <span class='ocrx_word' id='word_1_292' title='bbox 1232 3587 1428 3676; x_wconf 89' lang='lat' dir='ltr'><strong>quibusdam</strong></span> <span class='ocrx_word' id='word_1_293' title='bbox 1464 3589 1671 3673; x_wconf 89' lang='lat' dir='ltr'><strong>criminibus,</strong></span> <span class='ocrx_word' id='word_1_294' title='bbox 1706 3613 1790 3677; x_wconf 87' lang='lat' dir='ltr'><strong>quae</strong></span> <span class='ocrx_word' id='word_1_295' title='bbox 1825 3590 2065 3656; x_wconf 86' lang='lat' dir='ltr'><strong>confessoribus</strong></span> <span class='ocrx_word' id='word_1_296' title='bbox 2100 3592 2178 3671; x_wconf 90' lang='lat' dir='ltr'><strong>suis,</strong></span> 
     </span>
     <span class='ocr_line' id='line_1_28' title="bbox 525 3695 2178 3785; baseline 0.001 -24"><span class='ocrx_word' id='word_1_297' title='bbox 525 3696 658 3761; x_wconf 86' lang='lat' dir='ltr'><strong>Aiulfo²</strong></span> <span class='ocrx_word' id='word_1_298' title='bbox 688 3696 945 3783; x_wconf 89' lang='lat' dir='ltr'><strong>archiepiscopo,</strong></span> <span class='ocrx_word' id='word_1_299' title='bbox 976 3695 1174 3761; x_wconf 78' lang='lat' dir='ltr'><strong>Badarado³</strong></span> <span class='ocrx_word' id='word_1_300' title='bbox 1206 3697 1371 3783; x_wconf 86' lang='lat' dir='ltr'><strong>episcopo,</strong></span> <span class='ocrx_word' id='word_1_301' title='bbox 1401 3695 1578 3761; x_wconf 80' lang='lat' dir='ltr'><strong>Modoino⁴</strong></span> <span class='ocrx_word' id='word_1_302' title='bbox 1608 3699 1773 3784; x_wconf 89' lang='lat' dir='ltr'><strong>episcopo,</strong></span> <span class='ocrx_word' id='word_1_303' title='bbox 1808 3697 1960 3763; x_wconf 84' lang='lat' dir='ltr'><strong>Achardo</strong></span> <span class='ocrx_word' id='word_1_304' title='bbox 1991 3698 2178 3785; x_wconf 65' lang='lat' dir='ltr'><strong>episcoposs,</strong></span> 
     </span>
     <span class='ocr_line' id='line_1_29' title="bbox 526 3802 2179 3890; baseline 0.002 -24"><span class='ocrx_word' id='word_1_305' title='bbox 526 3802 730 3867; x_wconf 88' lang='lat' dir='ltr'><strong>Theoderico</strong></span> <span class='ocrx_word' id='word_1_306' title='bbox 766 3805 942 3890; x_wconf 64' lang='lat' dir='ltr'><strong>episcopol</strong></span> <span class='ocrx_word' id='word_1_307' title='bbox 976 3814 1009 3867; x_wconf 92' lang='lat' dir='ltr'><strong>et</strong></span> <span class='ocrx_word' id='word_1_308' title='bbox 1043 3802 1163 3867; x_wconf 88' lang='lat' dir='ltr'><strong>Notoni</strong></span> <span class='ocrx_word' id='word_1_309' title='bbox 1198 3802 1469 3890; x_wconf 82' lang='lat' dir='ltr'><strong>archiepiscopo⁸</strong></span> <span class='ocrx_word' id='word_1_310' title='bbox 1502 3802 1670 3868; x_wconf 88' lang='lat' dir='ltr'><strong>confessus</strong></span> <span class='ocrx_word' id='word_1_311' title='bbox 1709 3815 1773 3884; x_wconf 92' lang='lat' dir='ltr'><strong>est,</strong></span> <span class='ocrx_word' id='word_1_312' title='bbox 1812 3804 1994 3869; x_wconf 89' lang='lat' dir='ltr'><strong>nullatenus</strong></span> <span class='ocrx_word' id='word_1_313' title='bbox 2034 3804 2179 3869; x_wconf 87' lang='lat' dir='ltr'><strong>officium</strong></span> 
     </span>
     <span class='ocr_line' id='line_1_30' title="bbox 525 3908 2178 3997; baseline 0.002 -24"><span class='ocrx_word' id='word_1_314' title='bbox 525 3908 710 3996; x_wconf 88' lang='lat' dir='ltr'><strong>pontificale</strong></span> <span class='ocrx_word' id='word_1_315' title='bbox 741 3932 840 3994; x_wconf 89' lang='lat' dir='ltr'><strong>agere</strong></span> <span class='ocrx_word' id='word_1_316' title='bbox 869 3908 1013 3973; x_wconf 87' lang='lat' dir='ltr'><strong>deberet.</strong></span> <span class='ocrx_word' id='word_1_317' title='bbox 1060 3909 1145 3974; x_wconf 89' lang='lat' dir='ltr'><strong>Nam</strong></span> <span class='ocrx_word' id='word_1_318' title='bbox 1169 3921 1201 3974; x_wconf 93' lang='lat' dir='ltr'><strong>et</strong></span> <span class='ocrx_word' id='word_1_319' title='bbox 1228 3910 1290 3995; x_wconf 91' lang='lat' dir='ltr'><strong>ipsi</strong></span> <span class='ocrx_word' id='word_1_320' title='bbox 1314 3920 1424 3992; x_wconf 89' lang='lat' dir='ltr'><strong>testes,</strong></span> <span class='ocrx_word' id='word_1_321' title='bbox 1456 3909 1570 3975; x_wconf 87' lang='lat' dir='ltr'><strong>codem</strong></span> <span class='ocrx_word' id='word_1_322' title='bbox 1594 3909 1711 3974; x_wconf 76' lang='lat' dir='ltr'><strong>libone</strong></span> <span class='ocrx_word' id='word_1_323' title='bbox 1742 3923 1895 3997; x_wconf 89' lang='lat' dir='ltr'><strong>poscente</strong></span> <span class='ocrx_word' id='word_1_324' title='bbox 1926 3922 1959 3976; x_wconf 91' lang='lat' dir='ltr'><strong>et</strong></span> <span class='ocrx_word' id='word_1_325' title='bbox 1988 3934 2097 3975; x_wconf 92' lang='lat' dir='ltr'><strong>coram</strong></span> <span class='ocrx_word' id='word_1_326' title='bbox 2122 3911 2178 3976; x_wconf 91' lang='lat' dir='ltr'><strong>ad·</strong></span> 
     </span>
     <span class='ocr_line' id='line_1_31' title="bbox 526 4016 2224 4105; baseline 0.001 -25"><span class='ocrx_word' id='word_1_327' title='bbox 526 4026 641 4098; x_wconf 90' lang='lat' dir='ltr'><strong>stante,</strong></span> <span class='ocrx_word' id='word_1_328' title='bbox 672 4017 706 4080; x_wconf 93' lang='lat' dir='ltr'><strong>in</strong></span> <span class='ocrx_word' id='word_1_329' title='bbox 738 4028 915 4103; x_wconf 90' lang='lat' dir='ltr'><strong>conspectu</strong></span> <span class='ocrx_word' id='word_1_330' title='bbox 945 4018 1099 4098; x_wconf 90' lang='lat' dir='ltr'><strong>omnium,</strong></span> <span class='ocrx_word' id='word_1_331' title='bbox 1131 4017 1187 4103; x_wconf 91' lang='lat' dir='ltr'><strong>qui</strong></span> <span class='ocrx_word' id='word_1_332' title='bbox 1217 4016 1402 4098; x_wconf 86' lang='lat' dir='ltr'><strong>adfuerunt,</strong></span> <span class='ocrx_word' id='word_1_333' title='bbox 1433 4027 1499 4080; x_wconf 89' lang='lat' dir='ltr'><strong>tam</strong></span> <span class='ocrx_word' id='word_1_334' title='bbox 1531 4018 1758 4104; x_wconf 86' lang='lat' dir='ltr'><strong>episcoporum</strong></span> <span class='ocrx_word' id='word_1_335' title='bbox 1789 4041 1885 4105; x_wconf 91' lang='lat' dir='ltr'><strong>quam</strong></span> <span class='ocrx_word' id='word_1_336' title='bbox 1916 4030 1949 4082; x_wconf 91' lang='lat' dir='ltr'><strong>et</strong></span> <span class='ocrx_word' id='word_1_337' title='bbox 1975 4027 2178 4083; x_wconf 89' lang='lat' dir='ltr'><strong>caeterorum</strong></span> <span class='ocrx_word' id='word_1_338' title='bbox 2196 4036 2224 4076; x_wconf 71' lang='grc' dir='ltr'><strong><em>ω</em></strong></span> 
     </span>
     <span class='ocr_line' id='line_1_32' title="bbox 525 4121 2177 4212; baseline 0.002 -26"><span class='ocrx_word' id='word_1_339' title='bbox 525 4121 742 4205; x_wconf 89' lang='lat' dir='ltr'><strong>sacerdotum,</strong></span> <span class='ocrx_word' id='word_1_340' title='bbox 773 4123 852 4187; x_wconf 82' lang='lat' dir='ltr'><strong>viva</strong></span> <span class='ocrx_word' id='word_1_341' title='bbox 874 4145 955 4188; x_wconf 88' lang='lat' dir='ltr'><strong>voce</strong></span> <span class='ocrx_word' id='word_1_342' title='bbox 987 4123 1150 4188; x_wconf 89' lang='lat' dir='ltr'><strong>testificati</strong></span> <span class='ocrx_word' id='word_1_343' title='bbox 1175 4133 1259 4203; x_wconf 89' lang='lat' dir='ltr'><strong>sunt,</strong></span> <span class='ocrx_word' id='word_1_344' title='bbox 1292 4124 1368 4210; x_wconf 88' lang='lat' dir='ltr'><strong>quia</strong></span> <span class='ocrx_word' id='word_1_345' title='bbox 1397 4122 1462 4187; x_wconf 88' lang='lat' dir='ltr'><strong>tale</strong></span> <span class='ocrx_word' id='word_1_346' title='bbox 1492 4135 1664 4210; x_wconf 89' lang='lat' dir='ltr'><strong>peceatum</strong></span> <span class='ocrx_word' id='word_1_347' title='bbox 1694 4125 1741 4188; x_wconf 88' lang='lat' dir='ltr'><strong>eis</strong></span> <span class='ocrx_word' id='word_1_348' title='bbox 1772 4125 1941 4189; x_wconf 88' lang='lat' dir='ltr'><strong>confessus</strong></span> <span class='ocrx_word' id='word_1_349' title='bbox 1970 4124 2087 4206; x_wconf 77' lang='lat' dir='ltr'><strong>iuerat,</strong></span> <span class='ocrx_word' id='word_1_350' title='bbox 2118 4147 2177 4212; x_wconf 90' lang='lat' dir='ltr'><strong>pro</strong></span> 
     </span>
     <span class='ocr_line' id='line_1_33' title="bbox 526 4228 2178 4319; baseline 0.001 -26"><span class='ocrx_word' id='word_1_351' title='bbox 526 4252 590 4315; x_wconf 90' lang='lat' dir='ltr'><strong>quo</strong></span> <span class='ocrx_word' id='word_1_352' title='bbox 614 4228 733 4315; x_wconf 89' lang='lat' dir='ltr'><strong>dignus</strong></span> <span class='ocrx_word' id='word_1_353' title='bbox 757 4252 822 4294; x_wconf 91' lang='lat' dir='ltr'><strong>non</strong></span> <span class='ocrx_word' id='word_1_354' title='bbox 846 4240 917 4294; x_wconf 90' lang='lat' dir='ltr'><strong>erat</strong></span> <span class='ocrx_word' id='word_1_355' title='bbox 941 4229 1126 4317; x_wconf 89' lang='lat' dir='ltr'><strong>episcopale</strong></span> <span class='ocrx_word' id='word_1_356' title='bbox 1151 4231 1365 4295; x_wconf 88' lang='lat' dir='ltr'><strong>ministerium</strong></span> <span class='ocrx_word' id='word_1_357' title='bbox 1396 4229 1481 4295; x_wconf 89' lang='lat' dir='ltr'><strong>ultra</strong></span> <span class='ocrx_word' id='word_1_358' title='bbox 1511 4231 1574 4293; x_wconf 88' lang='lat' dir='ltr'><strong>iam</strong></span> <span class='ocrx_word' id='word_1_359' title='bbox 1605 4253 1714 4316; x_wconf 86' lang='lat' dir='ltr'><strong>agere.</strong></span> <span class='ocrx_word' id='word_1_360' title='bbox 1762 4230 1828 4296; x_wconf 90' lang='lat' dir='ltr'><strong>Sed</strong></span> <span class='ocrx_word' id='word_1_361' title='bbox 1852 4242 1885 4296; x_wconf 94' lang='lat' dir='ltr'><strong>et</strong></span> <span class='ocrx_word' id='word_1_362' title='bbox 1907 4231 1968 4295; x_wconf 91' lang='lat' dir='ltr'><strong>hoc</strong></span> <span class='ocrx_word' id='word_1_363' title='bbox 1992 4232 2055 4319; x_wconf 92' lang='lat' dir='ltr'><strong>ipsi</strong></span> <span class='ocrx_word' id='word_1_364' title='bbox 2078 4242 2178 4296; x_wconf 91' lang='lat' dir='ltr'><strong>testes</strong></span> 
     </span>
     <span class='ocr_line' id='line_1_34' title="bbox 525 4335 2178 4423; baseline 0.001 -23"><span class='ocrx_word' id='word_1_365' title='bbox 525 4346 558 4400; x_wconf 92' lang='lat' dir='ltr'><strong>et</strong></span> <span class='ocrx_word' id='word_1_366' title='bbox 585 4336 788 4401; x_wconf 81' lang='lat' dir='ltr'><strong>confessores</strong></span> <span class='ocrx_word' id='word_1_367' title='bbox 818 4336 869 4400; x_wconf 90' lang='lat' dir='ltr'><strong>sui</strong></span> <span class='ocrx_word' id='word_1_368' title='bbox 897 4335 1085 4419; x_wconf 91' lang='lat' dir='ltr'><strong>intulerunt,</strong></span> <span class='ocrx_word' id='word_1_369' title='bbox 1116 4337 1203 4422; x_wconf 91' lang='lat' dir='ltr'><strong>quia,</strong></span> <span class='ocrx_word' id='word_1_370' title='bbox 1234 4338 1261 4400; x_wconf 92' lang='lat' dir='ltr'><strong>si</strong></span> <span class='ocrx_word' id='word_1_371' title='bbox 1292 4335 1379 4401; x_wconf 90' lang='lat' dir='ltr'><strong>idem</strong></span> <span class='ocrx_word' id='word_1_372' title='bbox 1410 4347 1582 4423; x_wconf 87' lang='lat' dir='ltr'><strong>peccatum</strong></span> <span class='ocrx_word' id='word_1_373' title='bbox 1612 4348 1687 4401; x_wconf 87' lang='lat' dir='ltr'><strong>ante</strong></span> <span class='ocrx_word' id='word_1_374' title='bbox 1717 4337 1952 4402; x_wconf 88' lang='lat' dir='ltr'><strong>ordinationem</strong></span> <span class='ocrx_word' id='word_1_375' title='bbox 1983 4337 2178 4418; x_wconf 87' lang='lat' dir='ltr'><strong>admisisset,</strong></span> 
     </span>
    </p>
   </div>
   <div class='ocr_carea' id='block_1_8' title="bbox 524 4620 2226 5123">
    <p class='ocr_par' dir='ltr' id='par_1_8' title="bbox 524 4620 2226 5123">
     <span class='ocr_line' id='line_1_35' title="bbox 632 4620 2178 4691; baseline 0 -14"><span class='ocrx_word' id='word_1_376' title='bbox 632 4620 1002 4691; x_wconf 83' lang='lat' dir='ltr'><strong>9Libcllus-porreetus]</strong></span> <span class='ocrx_word' id='word_1_377' title='bbox 1022 4624 1168 4690; x_wconf 82' lang='lat' dir='ltr'><strong>Exemplar</strong></span> <span class='ocrx_word' id='word_1_378' title='bbox 1188 4623 1282 4684; x_wconf 89' lang='lat' dir='ltr'><strong>libelli,</strong></span> <span class='ocrx_word' id='word_1_379' title='bbox 1309 4641 1363 4690; x_wconf 88' lang='lat' dir='ltr'><strong>quo</strong></span> <span class='ocrx_word' id='word_1_380' title='bbox 1389 4627 1465 4677; x_wconf 81' lang='lat' dir='ltr'><strong>quta</strong></span> <span class='ocrx_word' id='word_1_381' title='bbox 1491 4626 1602 4678; x_wconf 87' lang='lat' dir='ltr'><strong>decreta</strong></span> <span class='ocrx_word' id='word_1_382' title='bbox 1625 4633 1738 4677; x_wconf 86' lang='lat' dir='ltr'><strong>sanetae</strong></span> <span class='ocrx_word' id='word_1_383' title='bbox 1758 4628 1897 4678; x_wconf 83' lang='lat' dir='ltr'><strong>Romanae</strong></span> <span class='ocrx_word' id='word_1_384' title='bbox 1917 4625 2051 4678; x_wconf 84' lang='lat' dir='ltr'><strong>ecelesiae</strong></span> <span class='ocrx_word' id='word_1_385' title='bbox 2070 4627 2130 4677; x_wconf 83' lang='lat' dir='ltr'><strong>Ebo</strong></span> <span class='ocrx_word' id='word_1_386' title='bbox 2150 4629 2178 4678; x_wconf 87' lang='lat' dir='ltr'><strong>in</strong></span> 
     </span>
     <span class='ocr_line' id='line_1_36' title="bbox 525 4715 2226 4782; baseline 0.001 -16"><span class='ocrx_word' id='word_1_387' title='bbox 525 4716 630 4782; x_wconf 81' lang='lat' dir='ltr'><strong>synodo</strong></span> <span class='ocrx_word' id='word_1_388' title='bbox 650 4732 680 4766; x_wconf 91' lang='lat' dir='ltr'><strong>se</strong></span> <span class='ocrx_word' id='word_1_389' title='bbox 699 4716 826 4780; x_wconf 87' lang='lat' dir='ltr'><strong>deposuit</strong></span> <span class='ocrx_word' id='word_1_390' title='bbox 849 4721 876 4765; x_wconf 90' lang='lat' dir='ltr'><strong>et</strong></span> <span class='ocrx_word' id='word_1_391' title='bbox 901 4732 918 4765; x_wconf 89' lang='lat' dir='ltr'><strong>a</strong></span> <span class='ocrx_word' id='word_1_392' title='bbox 936 4715 1119 4780; x_wconf 81' lang='lat' dir='ltr'><strong>quadraginta</strong></span> <span class='ocrx_word' id='word_1_393' title='bbox 1144 4716 1230 4765; x_wconf 83' lang='lat' dir='ltr'><strong>tribus</strong></span> <span class='ocrx_word' id='word_1_394' title='bbox 1257 4716 1392 4781; x_wconf 89' lang='lat' dir='ltr'><strong>episcopis</strong></span> <span class='ocrx_word' id='word_1_395' title='bbox 1417 4716 1567 4766; x_wconf 85' lang='lat' dir='ltr'><strong>secundum</strong></span> <span class='ocrx_word' id='word_1_396' title='bbox 1590 4732 1668 4766; x_wconf 88' lang='lat' dir='ltr'><strong>suam</strong></span> <span class='ocrx_word' id='word_1_397' title='bbox 1688 4717 1886 4766; x_wconf 84' lang='lat' dir='ltr'><strong>confessionem</strong></span> <span class='ocrx_word' id='word_1_398' title='bbox 1906 4723 1933 4766; x_wconf 88' lang='lat' dir='ltr'><strong>et</strong></span> <span class='ocrx_word' id='word_1_399' title='bbox 1951 4717 2178 4781; x_wconf 86' lang='lat' dir='ltr'><strong>subscriptionem</strong></span> <span class='ocrx_word' id='word_1_400' title='bbox 2197 4727 2226 4768; x_wconf 70' lang='lat' dir='ltr'><strong>tc</strong></span> 
     </span>
     <span class='ocr_line' id='line_1_37' title="bbox 525 4798 2179 4870; baseline -0.001 -15"><span class='ocrx_word' id='word_1_401' title='bbox 525 4805 698 4856; x_wconf 86' lang='lat' dir='ltr'><strong>adiudicatus</strong></span> <span class='ocrx_word' id='word_1_402' title='bbox 717 4810 758 4855; x_wconf 88' lang='lat' dir='ltr'><strong>est</strong></span> <span class='ocrx_word' id='word_1_403' title='bbox 773 4798 845 4868; x_wconf 80' lang='lat' dir='ltr'><strong>(tuit)</strong></span> <span class='ocrx_word' id='word_1_404' title='bbox 865 4804 898 4855; x_wconf 91' lang='lat' dir='ltr'><strong>B.</strong></span> <span class='ocrx_word' id='word_1_405' title='bbox 916 4803 947 4854; x_wconf 88' lang='lat' dir='ltr'><strong>P.</strong></span> <span class='ocrx_word' id='word_1_406' title='bbox 1013 4805 1044 4854; x_wconf 79' lang='grc' dir='ltr'>Π</span> <span class='ocrx_word' id='word_1_407' title='bbox 1064 4804 1289 4868; x_wconf 83' lang='lat' dir='ltr'><strong>subrogandique</strong></span> <span class='ocrx_word' id='word_1_408' title='bbox 1307 4803 1374 4853; x_wconf 76' lang='lat' dir='ltr'><strong>deest</strong></span> <span class='ocrx_word' id='word_1_409' title='bbox 1389 4803 1421 4854; x_wconf 89' lang='lat' dir='ltr'><strong>L.</strong></span> <span class='ocrx_word' id='word_1_410' title='bbox 1487 4805 1519 4853; x_wconf 81' lang='lat'><strong>19</strong></span> <span class='ocrx_word' id='word_1_411' title='bbox 1539 4805 1649 4870; x_wconf 86' lang='lat' dir='ltr'><strong>propria</strong></span> <span class='ocrx_word' id='word_1_412' title='bbox 1668 4798 1738 4867; x_wconf 89' lang='lat' dir='ltr'><strong>mea]</strong></span> <span class='ocrx_word' id='word_1_413' title='bbox 1757 4821 1818 4855; x_wconf 90' lang='lat' dir='ltr'><strong>mea</strong></span> <span class='ocrx_word' id='word_1_414' title='bbox 1836 4805 1947 4870; x_wconf 89' lang='lat' dir='ltr'><strong>propria</strong></span> <span class='ocrx_word' id='word_1_415' title='bbox 1966 4804 1999 4854; x_wconf 94' lang='lat' dir='ltr'><strong>B.</strong></span> <span class='ocrx_word' id='word_1_416' title='bbox 2063 4807 2098 4855; x_wconf 88' lang='grc'><strong>20</strong></span> <span class='ocrx_word' id='word_1_417' title='bbox 2116 4805 2179 4854; x_wconf 88' lang='lat' dir='ltr'><strong>sub-</strong></span> 
     </span>
     <span class='ocr_line' id='line_1_38' title="bbox 524 4888 2179 4961; baseline -0.002 -16"><span class='ocrx_word' id='word_1_418' title='bbox 524 4888 633 4961; x_wconf 82' lang='lat' dir='ltr'><strong>scripsi]</strong></span> <span class='ocrx_word' id='word_1_419' title='bbox 653 4895 763 4961; x_wconf 86' lang='lat' dir='ltr'><strong>scripsit</strong></span> <span class='ocrx_word' id='word_1_420' title='bbox 782 4893 813 4944; x_wconf 88' lang='lat' dir='ltr'><strong>P.</strong></span> <span class='ocrx_word' id='word_1_421' title='bbox 868 4896 900 4944; x_wconf 87' lang='grc'><strong>21</strong></span> <span class='ocrx_word' id='word_1_422' title='bbox 922 4894 1048 4943; x_wconf 87' lang='lat' dir='ltr'><strong>Haec-</strong></span> <span class='ocrx_word' id='word_1_423' title='bbox 1061 4891 1214 4944; x_wconf 80' lang='lat' dir='ltr'><strong>Hludowiei</strong></span> <span class='ocrx_word' id='word_1_424' title='bbox 1229 4893 1333 4943; x_wconf 87' lang='lat' dir='ltr'>XXIII.</span> <span class='ocrx_word' id='word_1_425' title='bbox 1352 4893 1470 4957; x_wconf 56' lang='lat' dir='ltr'><strong>&amp;matur</strong></span> <span class='ocrx_word' id='word_1_426' title='bbox 1487 4892 1563 4942; x_wconf 81' lang='lat' dir='ltr'><strong>etiam</strong></span> <span class='ocrx_word' id='word_1_427' title='bbox 1580 4893 1651 4958; x_wconf 74' lang='lat' dir='ltr'><strong>apsad</strong></span> <span class='ocrx_word' id='word_1_428' title='bbox 1664 4892 1846 4954; x_wconf 84' lang='lat' dir='ltr'><strong>Flodoerdum,</strong></span> <span class='ocrx_word' id='word_1_429' title='bbox 1865 4911 1943 4959; x_wconf 75' lang='lat' dir='ltr'><strong>supra</strong></span> <span class='ocrx_word' id='word_1_430' title='bbox 1957 4911 1986 4959; x_wconf 83' lang='lat' dir='ltr'><strong>p.</strong></span> <span class='ocrx_word' id='word_1_431' title='bbox 2003 4897 2054 4944; x_wconf 79' lang='lat'><strong>700</strong></span> <span class='ocrx_word' id='word_1_432' title='bbox 2069 4893 2087 4944; x_wconf 82' lang='lat' dir='ltr'><strong>l.</strong></span> <span class='ocrx_word' id='word_1_433' title='bbox 2100 4897 2179 4942; x_wconf 82' lang='lat'><strong><em>4—7.</em></strong></span> 
     </span>
     <span class='ocr_line' id='line_1_39' title="bbox 526 4980 2179 5044; baseline -0.001 -10"><span class='ocrx_word' id='word_1_434' title='bbox 526 4985 559 5034; x_wconf 91' lang='grc'><strong>22</strong></span> <span class='ocrx_word' id='word_1_435' title='bbox 584 4983 722 5034; x_wconf 79' lang='lat' dir='ltr'><strong>&#39;leudonis</strong></span> <span class='ocrx_word' id='word_1_436' title='bbox 748 4982 782 5037; x_wconf 88' lang='lat' dir='ltr'><strong>B.</strong></span> <span class='ocrx_word' id='word_1_437' title='bbox 806 4982 895 5044; x_wconf 65' lang='lat' dir='ltr'><strong>aaa,</strong></span> <span class='ocrx_word' id='word_1_438' title='bbox 923 4982 1081 5033; x_wconf 84' lang='lat' dir='ltr'><strong>Theodonis</strong></span> <span class='ocrx_word' id='word_1_439' title='bbox 1105 4981 1135 5032; x_wconf 88' lang='lat' dir='ltr'><strong>P.</strong></span> <span class='ocrx_word' id='word_1_440' title='bbox 1227 4983 1261 5033; x_wconf 87' lang='grc'><strong>23</strong></span> <span class='ocrx_word' id='word_1_441' title='bbox 1287 4981 1429 5033; x_wconf 81' lang='lat' dir='ltr'><strong>Ludowici</strong></span> <span class='ocrx_word' id='word_1_442' title='bbox 1455 4980 1530 5032; x_wconf 71' lang='lat' dir='ltr'><strong>mos.</strong></span> <span class='ocrx_word' id='word_1_443' title='bbox 1626 4984 1660 5033; x_wconf 80' lang='grc'><strong>24</strong></span> <span class='ocrx_word' id='word_1_444' title='bbox 1686 4983 1824 5032; x_wconf 84' lang='lat' dir='ltr'><strong>Nonarum</strong></span> <span class='ocrx_word' id='word_1_445' title='bbox 1851 4981 1882 5032; x_wconf 92' lang='lat' dir='ltr'><strong>P.</strong></span> <span class='ocrx_word' id='word_1_446' title='bbox 1972 4982 2069 5032; x_wconf 87' lang='lat' dir='ltr'><strong>Marcii</strong></span> <span class='ocrx_word' id='word_1_447' title='bbox 2095 4982 2128 5032; x_wconf 94' lang='lat' dir='ltr'><strong>B.</strong></span> <span class='ocrx_word' id='word_1_448' title='bbox 2147 4981 2179 5032; x_wconf 89' lang='lat' dir='ltr'><strong>P.</strong></span> 
     </span>
     <span class='ocr_line' id='line_1_40' title="bbox 525 5070 1029 5123; baseline -0.004 0"><span class='ocrx_word' id='word_1_449' title='bbox 525 5074 559 5123; x_wconf 84' lang='grc'><strong>28</strong></span> <span class='ocrx_word' id='word_1_450' title='bbox 579 5073 731 5123; x_wconf 86' lang='lat' dir='ltr'><strong>Teoderico</strong></span> <span class='ocrx_word' id='word_1_451' title='bbox 752 5071 782 5122; x_wconf 93' lang='lat' dir='ltr'><strong>P.</strong></span> <span class='ocrx_word' id='word_1_452' title='bbox 855 5072 977 5122; x_wconf 83' lang='lat' dir='ltr'><strong>Nothoni</strong></span> <span class='ocrx_word' id='word_1_453' title='bbox 997 5070 1029 5122; x_wconf 89' lang='lat' dir='ltr'><strong>P.</strong></span> 
     </span>
    </p>
   </div>
   <div class='ocr_carea' id='block_1_9' title="bbox 636 5331 2226 5420">
    <p class='ocr_par' dir='ltr' id='par_1_9' title="bbox 636 5331 2226 5420">
     <span class='ocr_line' id='line_1_41' title="bbox 636 5331 2226 5420; baseline 0 -24"><span class='ocrx_word' id='word_1_454' title='bbox 636 5334 664 5420; x_wconf 89' lang='lat' dir='ltr'><strong>l)</strong></span> <span class='ocrx_word' id='word_1_455' title='bbox 691 5341 872 5398; x_wconf 78' lang='lat' dir='ltr'><strong>Flodoardae</strong></span> <span class='ocrx_word' id='word_1_456' title='bbox 895 5331 1002 5415; x_wconf 70' lang='lat' dir='ltr'><strong>(aspra</strong></span> <span class='ocrx_word' id='word_1_457' title='bbox 1023 5361 1055 5416; x_wconf 84' lang='lat' dir='ltr'><strong>p.</strong></span> <span class='ocrx_word' id='word_1_458' title='bbox 1073 5345 1133 5398; x_wconf 77' lang='lat'><strong>699</strong></span> <span class='ocrx_word' id='word_1_459' title='bbox 1156 5342 1174 5396; x_wconf 87' lang='lat' dir='ltr'><strong>l.</strong></span> <span class='ocrx_word' id='word_1_460' title='bbox 1193 5333 1306 5415; x_wconf 80' lang='lat' dir='ltr'><strong>38sq.)</strong></span> <span class='ocrx_word' id='word_1_461' title='bbox 1325 5339 1461 5415; x_wconf 84' lang='lat' dir='ltr'><strong>praebet:</strong></span> <span class='ocrx_word' id='word_1_462' title='bbox 1485 5340 1646 5396; x_wconf 88' lang='lat' dir='ltr'><strong>Secundum</strong></span> <span class='ocrx_word' id='word_1_463' title='bbox 1666 5349 1744 5396; x_wconf 82' lang='lat' dir='ltr'><strong>tuam</strong></span> <span class='ocrx_word' id='word_1_464' title='bbox 1766 5341 1970 5412; x_wconf 85' lang='lat' dir='ltr'><strong>professionem</strong></span> <span class='ocrx_word' id='word_1_465' title='bbox 1989 5350 2019 5398; x_wconf 89' lang='lat' dir='ltr'><strong>et</strong></span> <span class='ocrx_word' id='word_1_466' title='bbox 2035 5341 2178 5413; x_wconf 87' lang='lat' dir='ltr'><strong>subscrip·</strong></span> <span class='ocrx_word' id='word_1_467' title='bbox 2197 5356 2226 5396; x_wconf 80' lang='lat' dir='ltr'><strong>to</strong></span> 
     </span>
    </p>
   </div>
   <div class='ocr_carea' id='block_1_10' title="bbox 526 5437 2179 5525">
    <p class='ocr_par' dir='ltr' id='par_1_10' title="bbox 526 5437 2179 5525">
     <span class='ocr_line' id='line_1_42' title="bbox 526 5437 2179 5525; baseline -0.002 -21"><span class='ocrx_word' id='word_1_468' title='bbox 526 5451 631 5505; x_wconf 86' lang='lat' dir='ltr'><strong>tionem</strong></span> <span class='ocrx_word' id='word_1_469' title='bbox 655 5468 737 5505; x_wconf 82' lang='lat' dir='ltr'><strong>cossa</strong></span> <span class='ocrx_word' id='word_1_470' title='bbox 760 5467 777 5503; x_wconf 90' lang='lat' dir='ltr'><strong>a</strong></span> <span class='ocrx_word' id='word_1_471' title='bbox 799 5448 963 5503; x_wconf 89' lang='lat' dir='ltr'><strong>ministerio.</strong></span> <span class='ocrx_word' id='word_1_472' title='bbox 1056 5441 1086 5522; x_wconf 86' lang='lat'><strong>2)</strong></span> <span class='ocrx_word' id='word_1_473' title='bbox 1111 5445 1326 5503; x_wconf 81' lang='lat' dir='ltr'><strong>Bituricensem.</strong></span> <span class='ocrx_word' id='word_1_474' title='bbox 1419 5437 1451 5525; x_wconf 88' lang='lat'><strong>3)</strong></span> <span class='ocrx_word' id='word_1_475' title='bbox 1474 5446 1746 5505; x_wconf 79' lang='lat' dir='ltr'><strong>Pederbornensem.</strong></span> <span class='ocrx_word' id='word_1_476' title='bbox 1838 5438 1869 5525; x_wconf 84' lang='lat'><strong>4)</strong></span> <span class='ocrx_word' id='word_1_477' title='bbox 1893 5448 2179 5525; x_wconf 72' lang='lat' dir='ltr'><strong>dupustodaoeneem.</strong></span> 
     </span>
    </p>
   </div>
   <div class='ocr_carea' id='block_1_11' title="bbox 527 5547 2181 5729">
    <p class='ocr_par' dir='ltr' id='par_1_11' title="bbox 527 5547 2181 5729">
     <span class='ocr_line' id='line_1_43' title="bbox 528 5547 2179 5633; baseline -0.002 -20"><span class='ocrx_word' id='word_1_478' title='bbox 528 5550 558 5633; x_wconf 87' lang='lat'><strong>5)</strong></span> <span class='ocrx_word' id='word_1_479' title='bbox 584 5554 633 5626; x_wconf 80' lang='lat' dir='ltr'><strong>Cf.</strong></span> <span class='ocrx_word' id='word_1_480' title='bbox 657 5555 834 5611; x_wconf 74' lang='lat' dir='ltr'><strong>ffincmarus</strong></span> <span class='ocrx_word' id='word_1_481' title='bbox 856 5555 898 5610; x_wconf 83' lang='lat' dir='ltr'><strong>ad</strong></span> <span class='ocrx_word' id='word_1_482' title='bbox 918 5555 1056 5627; x_wconf 78' lang='lat' dir='ltr'><strong>synodum</strong></span> <span class='ocrx_word' id='word_1_483' title='bbox 1080 5553 1305 5610; x_wconf 72' lang='lat' dir='ltr'><strong>Saces-lonensem</strong></span> <span class='ocrx_word' id='word_1_484' title='bbox 1330 5556 1392 5612; x_wconf 83' lang='lat'><strong>853</strong></span> <span class='ocrx_word' id='word_1_485' title='bbox 1416 5573 1439 5610; x_wconf 86' lang='lat' dir='ltr'><strong>c.</strong></span> <span class='ocrx_word' id='word_1_486' title='bbox 1457 5557 1474 5612; x_wconf 87' lang='lat'><em>1</em></span> <span class='ocrx_word' id='word_1_487' title='bbox 1498 5547 1592 5629; x_wconf 81' lang='lat' dir='ltr'><strong>(Opp</strong></span> <span class='ocrx_word' id='word_1_488' title='bbox 1617 5555 1660 5611; x_wconf 81' lang='lat' dir='ltr'><strong>ed.</strong></span> <span class='ocrx_word' id='word_1_489' title='bbox 1683 5553 1820 5611; x_wconf 76' lang='lat' dir='ltr'><strong>Simrond</strong></span> <span class='ocrx_word' id='word_1_490' title='bbox 1836 5553 1861 5624; x_wconf 84' lang='lat' dir='ltr'><strong>I,</strong></span> <span class='ocrx_word' id='word_1_491' title='bbox 1877 5549 1977 5629; x_wconf 78' lang='lat'><strong><em>271).·</em></strong></span> <span class='ocrx_word' id='word_1_492' title='bbox 2002 5547 2179 5629; x_wconf 78' lang='grc' dir='ltr'><strong>...(Εὸο)</strong></span> 
     </span>
     <span class='ocr_line' id='line_1_44' title="bbox 527 5658 2181 5729; baseline -0.001 -12"><span class='ocrx_word' id='word_1_493' title='bbox 527 5665 675 5718; x_wconf 88' lang='lat' dir='ltr'><strong>damnatus</strong></span> <span class='ocrx_word' id='word_1_494' title='bbox 698 5663 753 5716; x_wconf 85' lang='lat' dir='ltr'><strong>fuit</strong></span> <span class='ocrx_word' id='word_1_495' title='bbox 776 5680 850 5717; x_wconf 89' lang='lat' dir='ltr'><strong>anno</strong></span> <span class='ocrx_word' id='word_1_496' title='bbox 874 5662 1073 5716; x_wconf 86' lang='lat' dir='ltr'><strong>incarnationis</strong></span> <span class='ocrx_word' id='word_1_497' title='bbox 1097 5660 1252 5715; x_wconf 88' lang='lat' dir='ltr'><strong>dominicae</strong></span> <span class='ocrx_word' id='word_1_498' title='bbox 1277 5658 1517 5728; x_wconf 72' lang='lat' dir='ltr'><strong>Deccmv,</strong></span> <span class='ocrx_word' id='word_1_499' title='bbox 1542 5661 1696 5717; x_wconf 87' lang='lat' dir='ltr'><strong>indictione</strong></span> <span class='ocrx_word' id='word_1_500' title='bbox 1720 5661 1813 5729; x_wconf 76' lang='lat' dir='ltr'><strong>xm,</strong></span> <span class='ocrx_word' id='word_1_501' title='bbox 1840 5662 1893 5717; x_wconf 91' lang='lat' dir='ltr'><strong>sub</strong></span> <span class='ocrx_word' id='word_1_502' title='bbox 1916 5661 1962 5717; x_wconf 93' lang='lat' dir='ltr'><strong>die</strong></span> <span class='ocrx_word' id='word_1_503' title='bbox 1985 5661 2181 5717; x_wconf 84' lang='lat' dir='ltr'><strong>Kalendarum</strong></span> 
     </span>
    </p>
   </div>
   <div class='ocr_carea' id='block_1_12' title="bbox 527 5756 2227 5951">
    <p class='ocr_par' dir='ltr' id='par_1_12' title="bbox 527 5756 2227 5951">
     <span class='ocr_line' id='line_1_45' title="bbox 527 5756 2186 5844; baseline -0.001 -20"><span class='ocrx_word' id='word_1_504' title='bbox 527 5770 593 5824; x_wconf 86' lang='lat'>1111.</span> <span class='ocrx_word' id='word_1_505' title='bbox 618 5770 714 5825; x_wconf 78' lang='lat' dir='ltr'><strong>Nonas</strong></span> <span class='ocrx_word' id='word_1_506' title='bbox 737 5769 843 5824; x_wconf 86' lang='lat' dir='ltr'><strong>Martii.</strong></span> <span class='ocrx_word' id='word_1_507' title='bbox 947 5757 978 5844; x_wconf 82' lang='lat'><strong>6)</strong></span> <span class='ocrx_word' id='word_1_508' title='bbox 1002 5766 1226 5824; x_wconf 79' lang='lat' dir='ltr'><strong>Novimaacener‘.</strong></span> <span class='ocrx_word' id='word_1_509' title='bbox 1330 5756 1361 5842; x_wconf 83' lang='lat' dir='ltr'><strong>l)</strong></span> <span class='ocrx_word' id='word_1_510' title='bbox 1386 5763 1603 5835; x_wconf 67' lang='grc' dir='ltr'><strong>Οαεηεναοεηείῑ</strong></span> <span class='ocrx_word' id='word_1_511' title='bbox 1627 5767 1669 5838; x_wconf 79' lang='lat' dir='ltr'><strong>cs.</strong></span> <span class='ocrx_word' id='word_1_512' title='bbox 1695 5765 1783 5824; x_wconf 80' lang='lat' dir='ltr'><strong>Gesta</strong></span> <span class='ocrx_word' id='word_1_513' title='bbox 1806 5786 1869 5842; x_wconf 81' lang='lat' dir='ltr'><strong>epp.</strong></span> <span class='ocrx_word' id='word_1_514' title='bbox 1897 5764 2140 5824; x_wconf 80' lang='lat' dir='ltr'><strong>Cameraceneiam</strong></span> <span class='ocrx_word' id='word_1_515' title='bbox 2165 5765 2186 5822; x_wconf 91' lang='grc' dir='ltr'><em>Ι</em></span> 
     </span>
     <span class='ocr_line' id='line_1_46' title="bbox 527 5864 2227 5951; baseline -0.002 -18"><span class='ocrx_word' id='word_1_516' title='bbox 527 5896 550 5933; x_wconf 89' lang='lat' dir='ltr'><strong>c.</strong></span> <span class='ocrx_word' id='word_1_517' title='bbox 568 5880 626 5945; x_wconf 72' lang='lat'><strong>43;</strong></span> <span class='ocrx_word' id='word_1_518' title='bbox 653 5873 725 5934; x_wconf 81' lang='lat' dir='ltr'><strong>MG.</strong></span> <span class='ocrx_word' id='word_1_519' title='bbox 751 5875 806 5932; x_wconf 80' lang='lat' dir='ltr'><strong>SS.</strong></span> <span class='ocrx_word' id='word_1_520' title='bbox 829 5874 892 5945; x_wconf 88' lang='lat' dir='ltr'><strong>VII,</strong></span> <span class='ocrx_word' id='word_1_521' title='bbox 910 5876 979 5934; x_wconf 67' lang='lat'><strong><em>417.</em></strong></span> <span class='ocrx_word' id='word_1_522' title='bbox 1072 5864 1103 5951; x_wconf 83' lang='lat'><strong>8)</strong></span> <span class='ocrx_word' id='word_1_523' title='bbox 1127 5872 1296 5930; x_wconf 79' lang='lat' dir='ltr'><strong>Arelatensi.</strong></span> <span class='ocrx_word' id='word_1_524' title='bbox 2198 5888 2227 5929; x_wconf 73' lang='lat' dir='ltr'><strong>se</strong></span> 
     </span>
    </p>
   </div>
   <div class='ocr_carea' id='block_1_13' title="bbox 0 0 2448 6708">
    <p class='ocr_par' dir='ltr' id='par_1_13' title="bbox 0 0 2448 6708">
     <span class='ocr_line' id='line_1_47' title="bbox 0 0 2448 6708; baseline 0 0"><span class='ocrx_word' id='word_1_525' title='bbox 0 0 2448 6708; x_wconf 95' lang='lat' dir='ltr'><strong> </strong></span> 
     </span>
    </p>
   </div>
  </div>
 </body>
</html>
