4884 6717
390 536 430 591 44
449 545 479 592 et
496 535 548 591 45.
584 534 772 592 CONCILIA
795 537 1022 593 PARlSIENSE
1047 539 1083 591 Α.
1104 536 1179 592 825.
1203 540 1255 593 ΕΤ
1277 539 1598 595 INGELHEIMENSE
1622 540 1659 595 Α.
1680 539 1755 596 826.
1834 535 1897 598 551

243 735 418 788 tennerunt
441 734 474 787 et
497 724 622 788 eunetis
646 721 797 787 fidelibus
821 734 954 788 sanetae
978 723 1044 787 Dei
1068 724 1227 788 ecelesiae
1252 724 1428 790 tenendum
1451 725 1662 813 reliquerunt.
1709 726 1761 791 De
1785 728 1899 813 imagi·

244 828 339 894 nibus
362 852 441 894 vero
465 830 545 895 nihil
569 829 632 894 tale
658 843 856 894 sancxerunt
879 842 935 894 aut
958 831 1071 894 sentiri
1101 829 1233 912 debere,
1264 832 1348 895 sieut
1372 853 1483 896 eornm
1507 831 1703 897 documenta
1726 844 1897 915 testentur,

243 947 449 1022 putaverunt.
496 936 593 1002 Unde
625 959 722 1023 qnam
753 936 849 1001 stulte
880 949 912 1001 et
941 937 1133 1023 insipienter
1156 938 1283 1023 egerint
1313 939 1368 1025 qui
1397 937 1439 1002 eb
1463 938 1611 1003 ecelesiis
1635 962 1749 1005 eruces
1779 939 1899 1005 Christi

244 1042 439 1129 expulerunt
462 1054 495 1107 et
516 1045 550 1107 in
574 1044 646 1108 loco
671 1066 783 1108 earum
807 1044 965 1130 imagines
989 1055 1175 1129 posuerunt,
1200 1046 1389 1130 praemissis
1409 1043 1553 1110 breviter
1569 1059 1754 1111 sanctorum
1770 1057 1899 1133 patrum

211 1183 225 1222 a
245 1150 422 1232 sententiis,
447 1149 566 1237 quibus
590 1151 694 1215 omnis
718 1163 920 1214 caeterorum
944 1161 1130 1215 sanctorum
1155 1151 1272 1216 ehorns
1296 1150 1522 1238 adstipulatur,
1553 1152 1677 1239 liquido
1702 1151 1897 1218 declaratur.

1004 1274 1138 1339 FINIT.

350 1469 474 1539 Squam]
495 1482 625 1540 qnantum
645 1475 673 1525 Γ.
764 1478 780 1524 4
805 1470 971 1541 praemissis]
999 1477 1197 1541 praetermissis
1217 1476 1244 1525 Γ.
1336 1478 1351 1525 6
1377 1471 1489 1540 FINIT]
1511 1485 1650 1543 mqrtnntnr
1675 1477 1702 1528 in
1728 1478 1810 1529 codiee
1833 1478 1900 1529 duae

243 1566 358 1630 epistolae
378 1564 493 1631 Greporii
511 1565 548 1615 Jl.
568 1562 690 1630 (Jaffe-E.
710 1582 736 1614 n.
751 1570 820 1614 1490
838 1573 862 1614 et
881 1563 961 1627 1524)
979 1582 1035 1614 cnm
1054 1564 1116 1615 libro
1134 1565 1206 1615 modo
1224 1564 1289 1615 edito
1308 1564 1409 1615 minime
1427 1565 1588 1617 cohaererem.

243 2382 384 2510 ¹⁶45.
432 2376 628 2513 OON
640 2376 1005 2510 CILIUM
1046 2376 1760 2511 INGELHEIMEN
1771 2379 1897 2514 SE.

199 2668 224 2706 ιο
867 2621 962 2707 826.
989 2656 1121 2705 mense
1149 2630 1270 2704 Innio.

359 2888 443 2984 Una
474 2938 543 2978 cnm
572 2927 721 2977 com-enm
748 2912 895 2998 penerali
921 2910 1129 2976 Hlndmricas
1164 2920 1334 2998 imperator
1365 2937 1467 2978 mense
1497 2912 1592 2978 banio
1622 2916 1704 2978 anni
1724 2919 1801 2982 826.
1835 2913 1895 3002 (ef.

242 3024 471 3088 Milllbacder²
494 3046 523 3084 n.
542 3023 665 3104 829α),
695 3034 729 3083 at
751 3021 896 3105 referant
921 3020 1053 3083 eternales
1075 3019 1261 3098 Xantensee,
1291 3017 1405 3083 habuit
1428 3017 1578 3083 sinodum
1602 3020 1829 3106 episcoporum
1854 3018 1897 3082 ad

242 3128 469 3216 Ingulunheir'n
495 3127 588 3204 (MG.
615 3126 673 3190 SS.
699 3125 747 3206 H,
764 3127 866 3211 225),
889 3128 934 3213 cf.
961 3125 1098 3204 Simeon,
1121 3126 1333 3190 ‘Jalerba'telrer
1357 3125 1411 3190 des
1427 3126 1645 3213 frankieclten
1667 3125 1785 3190 Reicies
1807 3140 1898 3190 anter·

243 3237 379 3324 Ladrm'p
403 3236 472 3300 dem
498 3233 676 3298 Fronnnen'
700 3232 729 3312 I,
752 3238 819 3300 251
843 3259 916 3296 ann.
935 3241 964 3296 o'.
1006 3232 1046 3295 In
1070 3258 1130 3318 qno
1154 3234 1311 3298 conciliol
1333 3233 1487 3298 nonnulla
1511 3233 1653 3319 capitulo
1676 3234 1716 3297 ab
1740 3235 1898 3320 episcopia

199 3346 404 3431 reproperata
428 3367 492 3406 esse
516 3342 622 3406 com'ei
642 3341 723 3420 licet,
747 3364 827 3425 qaae
846 3354 975 3425 praeter
998 3339 1060 3403 elao
1079 3342 1190 3426 priano
1215 3354 1356 3426 repetant
1379 3342 1465 3426 ipsos
1488 3363 1621 3404 canones
1637 3339 1790 3426 quosdam
1805 3364 1896 3428 syno-

243 3452 353 3516 dorum
384 3473 467 3514 amm
492 3457 565 3516 813.
591 3448 769 3511 habitarum
800 3447 858 3533 (cf.
883 3471 983 3533 supra
1007 3471 1045 3532 p.
1067 3449 1243 3533 248899),
1274 3446 1390 3510 deinde
1419 3460 1542 3532 recepta
1571 3460 1644 3510 artat
1672 3448 1711 3511 ab
1741 3446 1896 3535 [inceptio

242 3560 350 3623 abbate
367 3556 606 3621 Fontanellemi
621 3557 651 3618 ia
669 3555 847 3617 collectione
862 3554 1088 3639 capitularium
1108 3553 1175 3632 (lib.
1191 3552 1234 3616 II
1244 3577 1286 3616 ec.
1299 3559 1464 3632 29-43,
1480 3552 1559 3617 MG.
1578 3552 1681 3639 Capit.
1695 3551 1724 3633 Ι,
1737 3555 1895 3639 420399.)

242 3681 270 3730 et
289 3665 473 3752 sinpnlatim
497 3663 641 3749 lepaatar
663 3663 697 3724 in
721 3659 827 3724 codice
850 3659 1038 3724 illormeenei
1059 3661 1157 3725 latino
1179 3666 1294 3726 29085
1316 3684 1398 3723 saec.
1414 3658 1476 3723 IX.
1493 3658 1535 3723 X.
1553 3660 1621 3747 fol.
1640 3668 1677 3740 1,·
1700 3661 1745 3745 cf.
1765 3658 1804 3724 G.
1823 3659 1894 3724 See·

243 3774 332 3861 liper,
356 3771 472 3834 ‘Neues
493 3768 626 3834 Archiv'
650 3765 746 3846 XIX,
771 3775 918 3852 GTOeqq.

196 3907 224 3948 ιο
351 3879 437 3956 Quae
468 3901 536 3941 cnm
569 3876 709 3954 iterim,
739 3875 866 3961 suffieit
886 3897 950 3958 per
980 3874 1118 3936 tabellam
1150 3871 1295 3936 indicare
1318 3873 1430 3957 fontes
1452 3872 1649 3959 einpnlornm
1673 3873 1893 3958 capitulorum.

243 3989 322 4050 Staret
343 4000 445 4049 antem
469 3984 524 4048 lei:
1219 3983 1224 3992 '

344 4094 428 4172 Can.
454 4090 482 4154 Ι.
508 4089 563 4174 (=
580 4089 717 4176 Anaepie
740 4087 783 4150 H
808 4112 833 4151 c.
858 4093 905 4154 28
931 4111 1000 4150 cnm
1026 4088 1246 4171 inscriptione:
1279 4083 1331 4148 De
1355 4082 1453 4148 rebus
1477 4082 1519 4147 ad
1543 4082 1763 4148 venerabilem
1787 4083 1894 4149 locum
1913 4111 2077 4152 mmmmm

241 4195 477 4286 pertinentibus
512 4218 577 4260 non
611 4192 792 4258 alienandis
804 4195 828 4278 ²)
861 4223 902 4248 =
934 4192 1112 4256 Imtim‘aai
1144 4192 1338 4256 nocellaram
1373 4194 1505 4278 epitome
1540 4191 1668 4256 Iuliani
1698 4206 1791 4256 const.
1831 4191 1900 4256 VII
1945 4167 2047 4209 ”mm

242 4309 413 4390 c.1(32);
443 4304 491 4368 ed.
517 4303 641 4368 Ilaenel
663 4301 793 4384 (1873),
810 4325 847 4386 p.
865 4305 921 4367 32.

196 4441 223 4481 rs
351 4415 428 4477 Con.
454 4412 501 4475 Π.
527 4411 583 4494 (=
601 4411 679 4473 Ans.
697 4408 741 4471 II
758 4417 864 4474 c.30:
895 4405 947 4470 De
970 4405 1043 4487 hoe,
1075 4404 1237 4491 quomodo
1267 4402 1365 4469 licent
1391 4402 1434 4469 ad
1457 4405 1689 4490 imperatorem
1712 4426 1764 4468 res
1789 4406 1894 4469 saneti

241 4519 303 4584 loci
326 4517 515 4602 transferre)
541 4547 582 4573 =
608 4516 687 4580 ibid.
713 4514 781 4578 VII
799 4540 824 4578 e.
841 4520 866 4582 2
883 4513 973 4597 (33);
997 4514 1018 4576 l.
1044 4514 1064 4576 l.
1083 4538 1121 4599 p.
1137 4519 1192 4579 32.

351 4627 452 4690 Gon.⁸
476 4624 542 4688 III.
577 4621 630 4685 De
647 4621 801 4709 orphanis
818 4630 851 4684 et
867 4618 1099 4684 exhereditatis
1116 4616 1339 4683 subveniendo
1365 4619 1459 4701 (Ans.
1475 4617 1520 4682 ΙΙ
1537 4643 1563 4683 c.
1580 4621 1636 4703 31)
1654 4647 1696 4675 =
1717 4619 1894 4684 Concilium
1918 4645 2091 4696 mansam.

239 4733 477 4822 illopnntinense
500 4739 565 4797 813
588 4755 614 4793 c.
631 4739 670 4812 6,·
699 4753 799 4815 snpra
818 4753 853 4814 p.
870 4732 950 4795 232.

351 4839 429 4904 Can.
454 4837 540 4902 IIII.
579 4836 625 4901 Ut
654 4859 706 4900 res
730 4857 911 4921 pauperum
935 4831 988 4896 vel
1017 4835 1124 4896 minus
1153 4841 1322 4917 potentum
1351 4829 1438 4895 mala
1461 4831 1633 4896 occasione
1657 4854 1722 4896 non
1747 4843 1896 4897 emantur

196 4974 223 5014 eo
241 4949 297 5028 (=
314 4947 393 5011 Ans.
410 4945 454 5009 II
471 4970 497 5009 c.
513 4947 573 5029 32)
599 4973 640 5000 =
665 4943 744 5008 ibid.
769 4967 795 5007 c.
816 4950 852 5023 7,·
875 4965 974 5026 snpra
990 4964 1028 5025 p.
1045 4945 1126 5007 232.

350 5149 380 5220 1)
410 5148 457 5204 Dc
486 5146 641 5223 capitelam
668 5145 765 5222 spurio
789 5144 852 5201 lmie
874 5143 982 5218 synodo
1004 5142 1149 5218 adscripto
1172 5137 1230 5216 (ex.
1256 5161 1302 5218 pr.
1327 5141 1504 5210 Ilartzlteim,
1538 5140 1622 5199 Cone.
1649 5141 1747 5200 Germ.
1772 5142 1813 5213 Π,
1831 5137 1894 5219 36),

239 5258 316 5335 quood
348 5277 384 5314 er
418 5253 585 5312 collectionis
618 5251 766 5310 Benedicti
795 5251 911 5309 Levitae
944 5250 989 5306 lib.
1021 5249 1059 5305 II
1088 5269 1126 5305 ce.
1152 5251 1306 5308 97-103.
1332 5253 1394 5306 383
1429 5248 1622 5323 depromptam
1657 5257 1709 5319 eat,
1745 5251 1786 5320 cf.
1819 5249 1893 5308 ΜΟ.

242 5365 304 5422 LL.
328 5363 370 5432 ΙΙ,
386 5367 416 5432 2,
433 5365 485 5421 22.
563 5358 593 5430 2)
616 5360 663 5417 De
684 5358 766 5415 rebus
789 5356 981 5415 ecclesiasticis
1003 5355 1059 5412 iam
1084 5363 1234 5412 tractamm
1258 5354 1372 5413 eratin
1396 5353 1513 5412 concilio
1529 5353 1714 5412 Attiniacenai
1736 5357 1808 5414 anni
1822 5360 1893 5417 821.

242 5481 267 5528 et
295 5472 324 5527 in
355 5477 490 5528 conventa
515 5465 731 5543 Compendienei
759 5465 831 5522 anni
853 5468 924 5523 823.
932 5484 942 5532 ,·
977 5482 1003 5519 e.
1026 5481 1117 5537 supra
1135 5481 1169 5537 p.
1185 5465 1248 5521 470
1271 5470 1297 5518 et
1319 5482 1388 5520 ann.
1406 5464 1434 5520 1.
1543 5461 1573 5530 3)
1606 5461 1641 5518 Ia
1672 5461 1765 5519 codice
1789 5463 1893 5521 Mona·

196 5595 222 5637 se
240 5576 316 5635 ceraei
333 5575 469 5653 capitibus
488 5577 507 5634 3
526 5584 552 5632 et
569 5578 590 5633 8
607 5572 845 5649 prennittnamr:
869 5569 1004 5641 Capitale
1026 5569 1137 5624 concilii
1161 5570 1325 5641 Mogentiae
1348 5569 1449 5636 habiti,
1474 5567 1607 5639 Capitale
1634 5569 1743 5624 concilii
1768 5568 1892 5626 Cabillo-

240 5686 345 5752 nensis,
369 5702 442 5759 qnae
464 5682 592 5739 indicant
608 5681 732 5752 sontem,
757 5678 872 5753 increper
890 5676 1007 5752 sinpnlia
1028 5674 1158 5750 capitulis
1181 5674 1292 5732 numeri
1307 5695 1445 5732 canonum
1460 5674 1648 5749 synodallmn,
1684 5675 1894 5733 Derideraatnr

239 5790 310 5848 talla
332 5799 399 5847 ante
422 5809 461 5846 ec.
479 5792 518 5848 13
540 5796 566 5844 et
589 5791 637 5858 16,
669 5805 742 5862 qnae
772 5783 878 5841 initiam
903 5781 1025 5854 faciant
1054 5800 1191 5839 cationum
1224 5801 1260 5838 ex
1283 5780 1406 5838 conciliis
1436 5781 1593 5838 anorrensi
1615 5790 1642 5838 et
1663 5781 1825 5839 Arelatensi
1847 5783 1894 5840 de·

234 5906 441 5973 praeoptarem.
