4884 6717
740 547 791 603 50.
828 546 1047 606 concinunt
1071 548 1298 605 PARISIENSE
1322 550 1358 605 A.
1380 548 1455 604 829.
1855 543 1919 605 655

259 752 395 826 propter
416 739 693 824 mapnijicentiam,
718 761 811 822 quum
836 737 967 801 dederat
989 739 1028 815 ei,
1054 738 1198 801 universi
1214 737 1340 823 populi,
1370 738 1470 801 tribus
1502 751 1531 801 et
1560 737 1666 823 linque
1695 738 1865 801 tremebant
1893 751 1922 800 et

265 845 440 908 moerebant
472 869 558 924 eum,
588 868 665 929 quos
697 845 817 907 uolebat
848 845 1052 930 interficiebat
1086 856 1115 907 et
1147 868 1225 929 quos
1260 844 1381 908 uolebat
1411 845 1621 930 percuciedat.
1682 842 1766 921 Qum
1803 844 1922 907 rolebat

266 951 576 1036 maiestatemne
600 951 720 1015 uolebat
748 951 946 1015 krrmiliubot.
997 949 1130 1028 Quando
1161 965 1263 1014 etitem
1293 951 1445 1015 elevatum
1476 965 1519 1016 est
1548 974 1602 1014 cor
1632 952 1700 1014 eires
1730 964 1758 1014 et
1786 952 1921 1036 spiritus

267 1058 358 1122 illius
381 1057 564 1144 obfirmatus
587 1072 631 1122 est
655 1060 687 1121 iu
710 1060 903 1143 superbiam,
928 1058 1087 1143 depositus
1110 1072 1154 1121 est
1177 1058 1214 1120 de
1237 1058 1318 1121 solio
1342 1061 1436 1145 requi
1455 1060 1511 1121 sui
1530 1072 1558 1121 et
1577 1058 1685 1144 pluria
1716 1060 1783 1121 eius
1814 1058 1920 1122 ablata

234 1182 311 1232 sest
332 1182 361 1230 et
383 1193 404 1230 u
419 1167 509 1252 filiis
531 1165 689 1228 laurinum
714 1168 827 1229 eiectus
851 1179 911 1246 est,·
940 1165 998 1229 sed
1020 1179 1048 1228 et
1076 1189 1130 1228 cor
1160 1167 1228 1228 eius
1258 1190 1325 1229 cum
1358 1167 1465 1230 bestiis
1489 1167 1630 1251 positum
1661 1180 1712 1229 est.
1767 1163 1807 1227 In
1836 1162 1919 1227 libro

267 1272 464 1357 sapientiae:
490 1270 587 1334 Sedes
611 1270 723 1335 discum
747 1273 953 1358 superborum
977 1272 1115 1335 detraxit
1129 1270 1217 1334 Deus
1241 1285 1269 1335 et
1290 1272 1398 1336 sedere
1413 1274 1501 1360 fecit
1522 1274 1612 1336 orites
1631 1295 1693 1359 pro
1717 1274 1771 1336 eis.
1819 1270 1918 1334 Item:
1939 1290 2010 1333 aser.
2018 1290 2094 1340 ro,1r.

267 1379 410 1465 Repnum
434 1404 454 1442 a
475 1392 563 1464 pente
588 1379 758 1464 importem
789 1380 984 1466 transfertur
1009 1392 1142 1464 propter
1173 1380 1347 1442 im'ustitius
1376 1393 1405 1442 et
1434 1380 1573 1443 iniurius
1603 1393 1632 1442 et
1660 1379 1863 1443 contumelias
1893 1392 1922 1442 et
1938 1397 2039 1447 mma.

267 1485 410 1550 dirersos
444 1484 542 1548 dolos.
597 1481 724 1562 Quibus
753 1482 864 1547 verbis
899 1483 1022 1568 liquido
1053 1482 1163 1563 claret,
1199 1483 1286 1569 quod
1322 1485 1437 1570 pistae,
1473 1485 1595 1548 iustitia
1630 1494 1662 1548 et
1695 1482 1920 1547 misericordia

268 1589 434 1655 stabiliant
457 1612 593 1676 regnum
617 1599 649 1652 et
671 1588 811 1653 lesiones
827 1589 1001 1660 viduarum
1026 1599 1058 1653 et
1080 1589 1276 1676 pupillorum
1292 1590 1539 1677 calumniaeque
1555 1591 1746 1654 miserorum
1762 1589 1919 1654 violenta·

223 1726 251 1766 ro
269 1721 331 1786 que
354 1697 477 1763 iudicia
500 1707 532 1761 et
554 1697 722 1782 perversio
745 1698 866 1760 iustitie
892 1696 1061 1761 evidenter
1083 1695 1162 1760 illud
1186 1707 1351 1778 evertant3
1383 1697 1471 1761 unde
1495 1709 1527 1760 et
1550 1696 1722 1761 multorum
1746 1718 1920 1782 regnorum

268 1804 446 1891 conlapsio‚
470 1805 548 1891 quia
569 1804 710 1888 pietatis,
737 1805 878 1867 iustitiae
903 1815 935 1868 et
958 1802 1179 1867 misericordie
1196 1826 1261 1866 non
1278 1802 1462 1868 habuerunt
1478 1802 1742 1884 stabilimentum,
1759 1803 1819 1884 his,
1837 1824 1920 1889 quae

267 1912 449 1998 praemissa
472 1922 556 1992 sunt,
581 1921 729 1996 patenter
751 1910 849 1973 fidem
874 1908 1039 1974 adtribuit.

376 2071 459 2156 (59).
496 2069 597 2157 Cap.
619 2070 660 2133 V.
708 2070 838 2151 Quod
861 2093 1053 2156 regnum
1076 2093 1163 2133 non
1188 2068 1240 2133 ab
1264 2068 1560 2152 hominibus,
1584 2069 1664 2134 sed
1689 2093 1708 2133 a
1731 2070 1848 2151 Deo,
1877 2070 1922 2133 in

269 2178 406 2241 euius
437 2199 566 2241 manu
598 2178 751 2241 omnia
786 2199 932 2262 regna
962 2177 1262 2258 consistunt,
1297 2176 1445 2241 detur.
1498 2176 1624 2241 Nemo¹
1655 2199 1769 2263 regum
1799 2199 1820 2240 a
1849 2199 1921 2262 pro-

224 2312 251 2352 ιο
269 2283 471 2370 genitoribus
501 2306 637 2368 regnum
668 2282 731 2347 sibi
759 2282 988 2364 administrari,
1024 2282 1081 2346 scd
1112 2306 1132 2346 a
1161 2283 1235 2347 Deo
1265 2285 1427 2348 veraciter
1456 2297 1554 2370 atque
1590 2282 1753 2347 humiliter
1788 2281 1922 2347 credere

271 2390 370 2455 debet
394 2390 474 2470 dari,
500 2391 554 2475 qui
580 2389 674 2454 dicit:
700 2390 804 2454 ,licum
830 2406 874 2455 est
896 2391 1062 2454 consilium
1086 2404 1114 2454 et
1135 2392 1289 2475 nequitus,
1314 2416 1381 2454 ozee
1405 2406 1449 2455 est
1463 2392 1652 2478 prudentia,
1676 2416 1745 2454 mea
1761 2405 1805 2454 ret
1819 2391 1922 2478 forti·
1942 2410 2104 2458 renuentis.

268 2499 352 2563 tudo.
399 2497 462 2561 Per
485 2524 532 2562 me
555 2523 641 2585 repes
664 2511 796 2582 repitent
818 2512 846 2561 et
868 2499 967 2584 lepum
993 2497 1168 2560 conditurae
1193 2500 1274 2561 iuste
1299 2498 1484 2580 decernunt,
1509 2522 1570 2584 per
1593 2523 1640 2562 me
1668 2499 1834 2584 principes
1866 2500 1922 2561 im·

263 2618 432 2691 parentet
457 2619 594 2690 potentes
626 2607 777 2668 iustitium
808 2604 983 2668 decernunt.
1044 2602 1141 2683 Quod
1171 2615 1279 2667 autem
1311 2627 1375 2667 non
1406 2602 1448 2667 ab
1479 2602 1674 2680 hominibus
1711 2602 1769 2667 sed
1799 2626 1820 2667 a
1848 2603 1923 2667 Deo

269 2732 406 2795 regnum
429 2721 593 2774 terrenum
617 2709 788 2791 tribuatur,
813 2709 955 2773 Danihel
980 2710 1138 2796 propheta
1161 2721 1299 2775 testatur
1322 2708 1451 2774 dicens:
1477 2711 1516 2775 In
1538 2714 1690 2776 sententio
1714 2712 1846 2799 ripilum
1871 2711 1923 2777 de·
1943 2731 2069 2779 nisan.

223 2833 384 2885 socratium
409 2833 452 2882 est
474 2833 503 2882 et
524 2842 625 2882 sermo
647 2832 824 2882 serratorum
849 2832 877 2882 et
895 2819 1017 2903 petitio,
1042 2817 1138 2881 donec
1161 2833 1346 2905 coynosoeut
1375 2820 1520 2898 eirenem,
1550 2818 1637 2904 quod
1666 2817 1842 2882 dominetur
1872 2843 1923 2882 er·

269 2926 370 2989 rebus
393 2928 426 2988 in
452 2950 544 3012 repro
568 2925 727 2988 lentinum
751 2939 780 2988 et
802 2927 984 3009 cuicumque
1010 2925 1141 2988 soluerit
1164 2924 1254 2988 debit
1275 2925 1362 2989 illud
1384 2940 1412 2989 et
1434 2926 1646 2989 humillimum
1670 2925 1825 2989 hominem
1853 2949 1923 2988 cou-

269 3033 373 3095 stituet
403 3057 499 3117 super
535 3031 627 3096 illud.
686 3029 769 3094 Item
805 3029 891 3094 idem
926 3029 1061 3116 loquens
1095 3029 1135 3094 de
1171 3028 1473 3095 Nabuchodonosor
1511 3030 1552 3094 ed
1585 3031 1775 3096 Balthasar:
1815 3032 1923 3097 Donec
1941 3048 2045 3100 men.

270 3153 472 3225 coynosceret,
496 3138 610 3222 inquit,
635 3138 721 3223 quod
736 3152 917 3224 potestatem
943 3138 1067 3202 liaberet
1089 3139 1264 3202 altissimus
1290 3142 1321 3202 in
1348 3164 1440 3225 repno
1464 3139 1624 3203 bominum
1647 3153 1675 3203 et
1702 3162 1923 3225 quemcumque

270 3245 405 3308 voluerit
434 3248 598 3310 sciscitabit
626 3271 721 3332 super
754 3245 844 3309 illml.
899 3244 942 3307 Et
973 3266 1031 3330 per
1061 3244 1278 3308 Hieremiam:
1312 3245 1402 3310 Haec
1437 3245 1516 3309 dicit
1545 3245 1702 3310 Dominus
1733 3247 1923 3310 exercituum
1942 3267 2103 3315 namnam.

225 3378 253 3417 ss
272 3349 359 3414 Deus
374 3350 517 3415 Israhel:
541 3353 635 3422 Ilurco
653 3353 765 3416 ‹licetis
788 3351 834 3414 ad
856 3351 999 3415 dominos
1025 3365 1156 3414 rastros:
1179 3351 1249 3438 Epo
1266 3353 1343 3439 feci
1364 3366 1480 3416 terram
1504 3367 1532 3416 et
1554 3352 1707 3416 hommem
1732 3366 1761 3416 ct
1777 3353 1923 3431 iumenta,

270 3480 351 3543 quae
373 3472 446 3522 suut
466 3460 703 3546 superjacient
728 3473 840 3538 terroe,
866 3460 898 3521 in
915 3458 1112 3545 fortitudine
1136 3482 1203 3521 meu
1228 3483 1343 3545 utapro
1368 3473 1395 3522 et
1418 3461 1451 3522 iu
1476 3459 1604 3522 bruolio
1634 3483 1700 3523 uteo
1732 3472 1867 3540 extento,
1897 3473 1925 3523 et

271 3563 351 3628 dedi
371 3589 437 3628 eurr
463 3567 502 3643 ei,
527 3568 586 3650 qui
602 3566 727 3651 placuit
751 3568 782 3627 iu
808 3566 907 3628 riculis
931 3566 1016 3628 oreis.
1065 3563 1108 3625 Hi
1132 3586 1221 3644 vero,
1247 3565 1302 3649 qui
1325 3587 1346 3628 a
1368 3562 1632 3650 progenitoribus
1656 3562 1719 3627 sibi
1747 3563 1924 3629 succedere

271 3692 407 3755 regnum
431 3681 594 3735 terrenum
619 3683 652 3734 et
673 3694 738 3735 non
763 3671 869 3756 potius
893 3694 913 3733 a
936 3669 1008 3733 Deo
1033 3669 1103 3733 dari
1127 3681 1252 3755 putant,
1283 3669 1346 3733 illis
1377 3681 1539 3756 aptantur,
1570 3693 1651 3756 quos
1675 3670 1837 3734 Dominus
1866 3694 1926 3757 per

271 3776 462 3862 prophetam
486 3775 638 3864 inprobat
661 3776 789 3841 dicens:
815 3777 889 3863 ipsi
909 3793 1116 3862 repnareruut
1138 3792 1166 3841 et
1189 3803 1250 3841 non
1274 3803 1313 3841 eu
1336 3803 1399 3858 me:
1416 3780 1586 3864 principes
1611 3780 1786 3858 extiterunt,
1814 3793 1842 3843 et
1865 3801 2072 3850 nomenensi.

226 3910 254 3951 so
270 3886 409 3972 cepnooi.
449 3882 605 3968 Ignorare
626 3884 746 3970 quippe
767 3883 832 3945 Dei
854 3881 1085 3968 proculdubio
1109 3882 1285 3968 reprobare
1310 3895 1369 3948 est.
1409 3884 1618 3970 Quapropter
1640 3885 1787 3970 quisquis
1807 3887 1925 3949 ceteris

271 3988 461 4053 mortalibus
484 3990 705 4076 temporaliter
728 3990 866 4075 imperat
888 4011 953 4052 non
977 3987 1019 4052 ab
1043 3987 1237 4070 hominibus,
1262 3988 1320 4053 sed
1343 3990 1452 4054 aDeo
1477 3988 1540 4053 sibi
1563 4012 1699 4076 regnum
1716 3992 1926 4056 commissum

272 4095 394 4160 credat.
441 4096 535 4160 stulti
559 4119 699 4181 namque
723 4118 856 4159 urunere
881 4095 1002 4175 divino,
1026 4094 1117 4158 multi
1142 4096 1240 4159 etiam
1264 4095 1328 4159 Dei
1353 4096 1514 4182 permissu
1537 4108 1684 4182 regnant
1727 4096 1792 4177 Qui
1815 4099 1868 4185 pie
1893 4110 1926 4162 et

271 4205 355 4267 iuste
375 4217 407 4267 et
425 4202 678 4267 misericorditer
698 4213 837 4287 regnant
859 4202 928 4265 sine
953 4199 1051 4265 dubio
1076 4224 1134 4287 per
1150 4201 1258 4265 Deum
1283 4213 1437 4287 regnant3
1463 4203 1518 4289 qui
1543 4225 1621 4266 vero
1645 4226 1749 4286 secus,
1773 4227 1839 4269 non
1855 4206 1925 4269 eius

272 4332 416 4390 munere,
448 4309 506 4373 sed
537 4311 699 4396 permissu
729 4321 853 4373 tantum
884 4319 1032 4394 regnant.
1085 4307 1137 4371 De
1168 4307 1287 4372 talibus
1311 4308 1472 4373 Dominus
1502 4332 1562 4396 per
1593 4310 1800 4397 prophetam:
1833 4312 1925 4376 Dabo
1944 4335 2057 4381 rursm.

227 4445 254 4484 aa
271 4419 340 4492 tibi,
363 4417 478 4501 inquit,
503 4443 604 4504 repom
628 4420 659 4480 iu
677 4419 797 4504 furore
820 4440 896 4480 meo.
936 4414 978 4479 Et
994 4414 1070 4478 Iob:
1099 4415 1165 4492 Oui
1186 4441 1317 4502 repsere
1338 4417 1424 4502 feeit
1439 4418 1635 4504 hypocritam
1651 4433 1783 4504 propter
1796 4433 1926 4505 peccato
1944 4441 2069 4484 musam.

268 4525 392 4610 populi.
433 4522 478 4588 Ut
501 4525 586 4587 enim
610 4523 755 4587 Isidorus
780 4522 923 4608 exponit,
949 4527 1112 4586 irascents²
1136 4532 1198 4586 Deo
1221 4531 1309 4587 talem
1332 4541 1472 4588 rectorem
1498 4533 1597 4605 populi
1620 4533 1787 4605 suscipiunt,
1812 4534 1926 4606 qualem

272 4656 323 4710 pro
346 4647 466 4710 peccato
489 4647 644 4694 merentur.
691 4629 827 4694 Constat
850 4652 938 4714 ergo,
964 4629 1041 4714 quia
1063 4651 1128 4691 non
1153 4638 1235 4710 astu,
1259 4651 1324 4692 non
1341 4641 1416 4693 voto
1440 4652 1546 4716 neque
1571 4629 1703 4694 brachio
1728 4629 1925 4695 fortitudinis

271 4735 443 4817 humanae,
479 4735 537 4800 sed
566 4737 695 4817 virtute,
728 4738 825 4800 immo
857 4735 983 4799 occulto
1014 4733 1134 4798 iudicio
1168 4734 1419 4821 dispensationis
1449 4736 1559 4800 divine
1591 4761 1728 4823 regnum
1761 4737 1926 4801 confertur

271 4853 444 4908 terrenum.
491 4843 535 4907 Et
558 4842 680 4907 idcirco
704 4845 898 4928 cuicumque
929 4841 970 4906 ab
995 4865 1033 4905 co
1065 4842 1283 4923 committitur,
1315 4843 1359 4906 ite
1390 4841 1470 4907 illud
1500 4844 1679 4907 secundum
1711 4844 1780 4907 eius
1812 4842 1924 4908 volun-

226 4979 255 5016 ω
271 4960 370 5013 tatem
394 4948 566 5035 disponere
591 4962 623 5013 et
646 4948 829 5034 gubernare
853 4960 1014 5035 procuret,
1039 4962 1198 5034 imotenus
1224 4971 1296 5013 cum
1322 4971 1371 5028 eo,
1396 4971 1416 5013 a
1440 4973 1504 5036 quo
1521 4949 1600 5015 illud
1617 4950 1769 5036 suscepit,
1787 4950 1926 5015 feliciter

271 5056 304 5119 in
327 5066 520 5143 perpetuum
544 5079 682 5142 regnare
706 5055 829 5134 valeat,
855 5056 1007 5141 quomam
1031 5053 1109 5118 nihil
1134 5054 1267 5140 prodest
1290 5057 1431 5142 cuipiam
1456 5068 1584 5120 terreno
1608 5079 1708 5142 regno
1737 5058 1924 5144 principari,

272 5163 309 5244 si,
334 5164 422 5250 quod
445 5161 539 5244 absit,
564 5163 737 5248 contigerit
760 5184 834 5226 eum
858 5174 989 5225 aeterno
1014 5173 1175 5225 extorrem
1201 5161 1282 5225 fieri.

379 5416 718 5484 111L2metu9bant1'.
791 5415 1051 5481 Scalnmpniaeqne
1072 5415 1099 5464 Γ.
1174 5418 1203 5465 ll
1227 5417 1337 5484 pietatis
1357 5417 1385 5466 Γ.

377 5506 410 5555 V.
439 5508 472 5557 35
493 5502 593 5571 regem]
613 5523 726 5573 regnum
749 5503 777 5556 P.
851 5508 884 5555 38
904 5519 1016 5569 regnum
1037 5500 1185 5567 confertur]
1205 5505 1322 5555 retertur
1341 5505 1372 5555 P.

225 5760 253 5799 to
381 5739 410 5808 l)
437 5739 485 5812 Cf,
510 5741 598 5799 Ionos
620 5743 727 5808 Aurei,
753 5740 798 5795 De
821 5738 990 5795 institutione
1014 5739 1093 5814 repis
1118 5759 1140 5794 c.
1159 5742 1187 5796 7.
1290 5739 1320 5794 2»
1345 5739 1481 5810 Isidorus,
1508 5741 1631 5798 Sentent.
1657 5741 1711 5798 III
1729 5762 1752 5798 c.
1768 5743 1809 5801 48
1831 5733 1856 5820 §
1871 5745 1926 5808 11;

273 5844 349 5922 Opp.
372 5847 420 5916 Vl,
439 5851 507 5907 340.
549 5849 580 5904 V.
604 5867 694 5922 supro
713 5867 746 5921 p.
766 5849 823 5905 651
848 5847 867 5900 Ι.
884 5849 979 5920 resq.
