4884 6717
698 548 750 604 44.
786 546 1006 604 CONCHJUM
1028 548 1257 606 PARISIENSE
1281 551 1318 606 A.
1339 549 1414 612 825.
1818 543 1882 607 499

223 753 332 814 umen,
367 747 389 801 si
424 745 533 802 licitum
563 753 619 813 est,
654 762 710 800 nou
743 763 806 801 esse
837 750 996 816 peecatum,
1033 745 1170 816 quamvis,
1205 747 1337 817 quoniam
1371 763 1427 801 non
1463 747 1591 818 expedit,
1627 764 1683 802 non
1713 747 1750 802 sit
1780 747 1881 818 utique

224 853 396 909 laciendum.

332 951 376 1015 Et
399 961 471 1036 pout
493 972 616 1036 pauca:
641 955 704 1015 Ut¹
727 959 825 1031 igitur,
856 959 878 1013 si
902 976 1059 1030 possumus,
1091 959 1233 1014 enitamur
1262 959 1338 1014 inter
1359 961 1399 1026 id,
1427 961 1503 1031 quod
1526 960 1596 1015 licet
1620 968 1729 1015 utnon
1754 960 1881 1032 expedit,

226 1073 256 1123 ot
278 1068 319 1136 id,
350 1067 426 1138 quod
456 1083 511 1121 non
541 1066 611 1121 licet
640 1073 727 1137 atque
750 1066 816 1121 ideo
839 1084 893 1121 nec
918 1065 1043 1136 expedit,
1076 1065 1172 1136 aliquo
1195 1073 1275 1121 certo
1299 1065 1355 1122 fine
1380 1066 1567 1138 distinguere,
1599 1085 1634 1122 ea
1660 1067 1726 1121 mihi
1749 1068 1884 1122 videntur

193 1174 312 1236 nlicere
344 1180 374 1229 et
404 1190 460 1227 non
491 1172 638 1244 expedire,
670 1190 743 1243 quae
775 1191 827 1243 per
855 1172 993 1226 iustitiam
1025 1172 1152 1242 quidem,
1184 1189 1258 1243 quae
1289 1190 1382 1228 eoram
1406 1172 1470 1228 Deo
1500 1181 1556 1242 est,
1586 1174 1801 1244 permittuntur,
1831 1174 1883 1229 sed
1902 1189 2051 1238 columma.

224 1290 344 1353 propter
365 1279 549 1334 offensionem
573 1278 725 1346 hominum,
748 1297 785 1333 ne
810 1278 1001 1349 impediantur
1024 1297 1042 1332 a
1063 1283 1167 1347 salute,
1192 1279 1310 1335 vitanda
1324 1287 1406 1347 sunt3
1432 1298 1467 1335 ea
1483 1298 1549 1336 vero
1572 1298 1629 1334 non
1652 1280 1739 1336 licere
1764 1289 1794 1335 et
1817 1280 1883 1335 ideo

225 1406 281 1442 non
305 1387 454 1458 expedire,
484 1404 558 1457 quae
588 1386 628 1440 sic
658 1385 722 1456 ipsa
752 1385 859 1439 iustitia
882 1392 1027 1452 vetantur,
1058 1392 1090 1439 ut
1113 1386 1247 1441 facienda
1270 1403 1326 1441 non
1349 1387 1416 1452 siut,
1448 1387 1559 1442 etiamsi
1583 1387 1619 1442 ab
1644 1387 1696 1454 eis,
1728 1387 1830 1458 quibus
1854 1387 1883 1441 in

225 1495 355 1549 notitiam
379 1493 486 1548 suerint
509 1492 631 1564 perlata,
656 1510 711 1547 non
734 1491 897 1547 laudentur.

333 1591 413 1655 Item
439 1600 658 1676 postpauca:
682 1594 830 1670 Erpedit²
853 1606 931 1665 tunc,
957 1600 1070 1669 quando
1093 1617 1149 1654 nou
1173 1599 1263 1653 solum
1286 1618 1339 1671 per
1361 1600 1507 1667 iustitiam,
1532 1618 1605 1670 quae
1629 1619 1722 1655 coram
1739 1601 1802 1656 Deo
1826 1608 1882 1667 est,
1901 1616 2054 1666 carnemt.

181 1729 208 1769 ro
226 1708 412 1780 permittitur,
437 1708 489 1762 sed
514 1706 600 1761 etiam
623 1706 780 1761 bominibus
804 1705 911 1760 nullum
936 1723 970 1760 ex
993 1705 1045 1760 hoc
1069 1706 1303 1776 impedimentum
1322 1706 1421 1761 salutis
1436 1705 1567 1762 infertur.
1602 1707 1684 1762 Tunc
1707 1715 1803 1762 autem
1826 1724 1882 1761 non

227 1815 345 1886 expedit
368 1814 408 1880 id,
432 1814 509 1883 quod
532 1813 639 1867 licitum
664 1820 718 1881 est,
743 1813 857 1883 quando
879 1812 1057 1882 permittitur
1080 1813 1204 1883 quidem,
1230 1813 1282 1868 sed
1306 1831 1373 1867 usus
1389 1813 1477 1885 ipsius
1493 1814 1646 1885 potestatis
1662 1813 1746 1868 affert
1761 1814 1881 1885 impedi·

225 1928 352 1976 mentum
374 1920 484 1974 salutis.

333 2017 427 2082 Haec
450 2016 525 2081 ideo
550 2018 745 2098 inseruntur,
776 2027 812 2080 ut
841 2015 885 2095 hi,
917 2017 973 2102 qui
1003 2016 1163 2102 imagines
1193 2017 1324 2102 erigunt
1352 2017 1529 2081 memoriae
1559 2038 1659 2081 causa
1689 2028 1722 2080 et
1751 2018 1881 2099 amoris,

226 2123 306 2189 illud
330 2134 480 2204 caveant,
510 2146 552 2187 ne
581 2122 668 2210 quod
692 2122 734 2187 ab
758 2122 821 2186 illis
845 2123 926 2187 forte
951 2120 1068 2186 devote
1093 2133 1126 2186 et
1148 2122 1236 2187 licite
1260 2123 1297 2187 lit
1318 2123 1454 2187 infirmis
1478 2124 1512 2187 in
1536 2122 1725 2188 scandalum
1749 2124 1882 2188 evenire

180 2261 207 2300 re
226 2231 404 2316 contingat,
428 2241 464 2295 ut
487 2231 534 2295 sic
558 2252 636 2294 suae
660 2228 825 2294 devotioni
849 2229 1061 2308 satisfaciant,
1094 2239 1254 2316 quatenus
1286 2229 1423 2294 salutem
1454 2229 1654 2295 infirmorum
1677 2253 1743 2294 non
1767 2229 1881 2294 oblivi-

225 2349 359 2402 scantur
387 2349 420 2401 et
443 2337 602 2401 infirmam
631 2336 866 2400 conscientiam
889 2336 1025 2400 fratrum
1050 2336 1222 2400 occasione
1247 2338 1485 2423 superstitionis
1509 2335 1718 2423 praebendae
1742 2358 1882 2401 comma·

224 2444 343 2510 aulem.

331 2586 471 2672 Propter
494 2609 549 2650 eos
573 2595 691 2664 autem,
716 2586 772 2672 qui
796 2583 859 2648 sibi
883 2583 925 2649 ob
942 2584 1003 2649 hoe
1019 2585 1194 2670 suffragari
1209 2583 1432 2649 adorationem
1449 2586 1627 2670 imaginum
1644 2596 1769 2670 putant,
1794 2583 1882 2671 quod

225 2693 339 2759 dicunt
369 2692 523 2758 adorasse
554 2690 654 2756 Iacob
685 2691 804 2777 Ioseph
835 2691 936 2756 tilium
965 2715 1057 2756 suum
1088 2690 1141 2755 vel
1172 2701 1260 2755 certe
1291 2691 1445 2755 adorasse
1473 2691 1638 2776 fastigium
1663 2693 1777 2778 virgae
1801 2694 1881 2773 eius,

179 2830 207 2871 ,ο
225 2800 447 2865 necessarium
471 2798 634 2880 duximus,
666 2798 806 2884 qualiter
835 2797 869 2862 id
899 2821 920 2863 a
946 2797 1043 2862 beato
1067 2791 1259 2862 Hieronimo
1290 2809 1323 2861 et
1353 2796 1449 2862 beato
1473 2796 1657 2884 Augustino
1688 2809 1881 2885 exponatur,

225 2905 494 2971 subnectendum.

333 3029 455 3095 LVIII.
495 3028 616 3095 Scribit
647 3031 757 3116 itaque
787 3027 903 3093 beatus
934 3029 1143 3094 Hieronimus
1178 3030 1211 3093 in
1247 3028 1330 3093 libro
1362 3028 1601 3095 Hebraicarum
1636 3031 1881 3117 quaestionum:

226 3147 380 3218 Postquam
390 3142 413 3214 ³,
444 3138 557 3224 inquit,
588 3146 731 3202 iuraverat
763 3146 789 3202 ei
813 3145 896 3212 filius,
928 3163 1044 3201 securus
1074 3146 1110 3200 de
1141 3146 1292 3217 petitione,
1324 3165 1408 3218 quam
1438 3155 1599 3219 rogaverat,
1634 3148 1762 3202 adoravit
1786 3147 1881 3202 Deum

227 3261 328 3308 contra
350 3263 436 3325 eaput
461 3253 558 3308 lectuli
582 3253 642 3320 sui;
667 3259 782 3308 sanctus
806 3260 835 3308 et
858 3253 923 3308 Deo
946 3253 1062 3308 deditus
1086 3253 1136 3314 vir,
1161 3270 1314 3324 oppressus
1337 3261 1498 3321 senectute,
1522 3253 1648 3310 habebat
1671 3253 1808 3308 lectulum
1831 3270 1883 3325 po·
1901 3259 2036 3308 closum,

181 3362 320 3430 assitam,
346 3368 377 3415 ut
401 3361 463 3432 ipse
486 3361 605 3415 iacentis
628 3360 741 3416 habitus
764 3361 873 3431 absque
898 3359 1069 3415 difficultate
1094 3359 1152 3414 ulla
1174 3362 1210 3415 ad
1234 3361 1390 3415 orationem
1416 3369 1493 3416 esset
1515 3368 1643 3431 paratus.
1927 3317 2013 3357 ’Μ’

334 3474 474 3539 LVIIII.
516 3475 717 3560 Augustinus
741 3476 775 3538 in
806 3474 888 3539 libro
913 3475 1140 3562 quaestionum
1164 3472 1332 3538 Geneseos
1356 3497 1429 3560 cap.
1453 3473 1607 3539 CLXH.:
1640 3480 1746 3547 Quod⁴
1775 3485 1883 3540 habent

227 3592 321 3648 Latini
339 3593 469 3646 codices:
496 3585 557 3645 Ed
579 3590 713 3647 adoravit
726 3609 813 3665 super
828 3599 914 3666 caput
928 3590 1027 3666 virque
1050 3589 1116 3659 eiua,
1141 3590 1269 3645 nonnulli
1285 3591 1472 3646 emendantes
1488 3590 1612 3645 babent:
1638 3590 1779 3647 Adoravit
1798 3610 1885 3666 erepet·

228 3707 314 3774 caput
343 3698 442 3774 virque
470 3717 539 3753 suae
568 3696 614 3752 vel
644 3697 673 3753 in
705 3696 797 3772 cupite
819 3696 918 3773 virque
939 3715 1009 3753 auae
1031 3698 1090 3753 sive
1119 3696 1148 3752 in
1172 3714 1304 3752 cacumen
1328 3697 1375 3752 vel
1397 3715 1484 3771 super
1507 3715 1649 3752 cacumen.
1697 3697 1784 3752 Fallit
1809 3700 1883 3752 enim

229 3824 277 3862 eos
301 3805 442 3861 Graecum
466 3805 593 3872 verbum,
617 3805 692 3876 quod
717 3805 825 3860 eisdem
848 3803 951 3859 litteris
975 3803 1108 3858 scribitur
1131 3803 1189 3858 sive
1215 3801 1296 3858 ‘eius’
1321 3803 1380 3858 sire
1404 3802 1511 3870 ‘suae’3
1536 3804 1587 3857 sed
1604 3812 1740 3858 accentus
1756 3804 1884 3876 dispares

183 3931 211 3972 ro
228 3921 294 3968 sunt
325 3921 355 3968 et
386 3913 423 3967 ab
454 3914 505 3979 eis,
537 3913 584 3983 qui
615 3913 669 3966 ista
698 3919 838 3967 noverunt
869 3911 897 3965 in
928 3911 1082 3976 codicibus,
1114 3928 1170 3964 non
1200 3916 1437 3976 contemnuntur,
1468 3909 1567 3964 valent
1598 3910 1671 3964 enim
1695 3911 1732 3965 sd
1755 3929 1884 3983 magnam

228 4020 440 4087 discretionem,
471 4018 597 4090 quamvis
628 4028 656 4074 et
689 4037 773 4074 sinam
803 4018 867 4090 plus
895 4017 1021 4072 litteram
1051 4017 1156 4072 habere
1187 4023 1295 4088 posset,
1328 4025 1358 4070 et
1381 4016 1404 4070 si
1429 4024 1506 4071 esset
1530 4015 1631 4084 ‘suae',
1661 4024 1692 4071 ut
1722 4036 1777 4072 non
1807 4025 1885 4074 esset

229 4133 309 4192 autu,
340 4127 392 4182 sed
423 4133 521 4181 eautu.
568 4126 611 4180 Ae
641 4143 694 4197 per
724 4125 777 4180 hoc
800 4126 900 4180 merito
925 4123 1081 4195 quaeritur,
1113 4124 1182 4196 quid
1211 4123 1334 4190 sithoc,
1366 4124 1441 4195 quod
1472 4124 1579 4177 dietum
1604 4132 1658 4178 est.
1705 4124 1776 4180 Nam
1800 4124 1884 4180 facile

230 4233 441 4306 intelligeretur
463 4250 570 4298 senem,
596 4232 644 4303 qui
668 4232 774 4305 virgam
798 4231 911 4286 ferebat
936 4249 970 4285 eo
993 4248 1081 4297 more,
1105 4249 1161 4302 quo
1185 4230 1234 4285 illa
1257 4237 1338 4284 actas
1362 4229 1493 4284 baculum
1517 4230 1601 4298 solet,
1628 4241 1660 4285 ut
1684 4249 1715 4287 se
1738 4232 1884 4287 inclinavit

230 4340 266 4394 ad
282 4339 432 4394 Dominum
449 4340 632 4405 adorandum,
657 4340 686 4394 id
709 4340 808 4409 utiquc
832 4338 935 4394 fecisse
959 4354 1045 4409 super
1061 4354 1195 4391 cacumen
1212 4338 1308 4409 virgae
1332 4355 1411 4402 suae,
1436 4356 1520 4409 quam
1544 4339 1584 4392 sic
1600 4338 1723 4405 ferebat,
1747 4346 1779 4394 ut
1799 4357 1886 4410 super

185 4464 213 4505 aa
232 4463 293 4501 eam
317 4453 404 4517 caput
427 4445 588 4501 inclinando
612 4446 744 4501 adoraret
768 4446 871 4500 Deum.
919 4442 995 4507 Quid
1020 4451 1064 4499 cst
1088 4461 1172 4514 ergo:
1204 4443 1344 4499 Adsrruvit
1369 4463 1456 4518 super
1479 4463 1610 4500 cueuroen
1635 4443 1734 4520 virque
1757 4445 1824 4512 eiua,
1856 4447 1884 4500 id

232 4559 276 4608 est
305 4551 354 4608 filii
378 4553 421 4607 sui
445 4552 571 4625 Ioseph?
617 4552 663 4607 An
692 4552 766 4606 forte
791 4552 896 4607 tulerat
920 4551 957 4606 ab
988 4568 1021 4606 eo
1049 4551 1166 4622 virgam,
1199 4551 1313 4621 quando
1345 4551 1371 4605 ei
1395 4551 1507 4606 iurabat
1530 4551 1604 4606 idem
1629 4550 1713 4618 filius,
1747 4559 1787 4618 et,
1818 4553 1884 4607 dum

232 4677 294 4715 eam
316 4665 410 4724 tenet,
440 4667 505 4730 post
534 4659 623 4715 verba
652 4660 769 4714 iurantis
799 4659 922 4714 nondum
953 4657 1003 4713 illu
1032 4658 1145 4713 reddita
1171 4674 1233 4712 mox
1256 4658 1385 4712 adoravit
1409 4658 1524 4712 Deum?
1572 4658 1634 4713 Nou
1659 4659 1733 4714 enim
1756 4660 1885 4732 pudebat

231 4784 295 4822 sum
324 4765 400 4821 ferre
431 4767 574 4838 tantisper
602 4766 711 4837 insigne
740 4766 894 4837 potestatis
924 4764 974 4819 filii
1003 4765 1056 4833 sui,
1089 4765 1135 4819 ubi
1166 4762 1258 4836 figura
1287 4782 1405 4834 magnae
1436 4765 1477 4820 rei
1501 4764 1614 4820 futurae
1638 4766 1885 4838 praesignabatur,

231 4873 357 4945 quamvis
380 4874 408 4928 in
432 4872 568 4928 Hebraeo
597 4872 730 4927 facillima
758 4872 840 4927 huius
865 4872 1039 4945 quaestionis
1062 4872 1202 4926 absolutio
1232 4890 1296 4927 csse
1320 4873 1441 4938 dicatur,
1472 4873 1519 4927 ubi
1550 4874 1685 4945 scriptum
1714 4873 1884 4945 perhibent:

184 5105 213 5145 to
339 5099 427 5149 LVII.
457 5102 489 5149 18
509 5093 633 5164 Propter]
654 5099 742 5164 Caput
754 5099 833 5149 VIII.
849 5099 1018 5164 praeniteant
1035 5097 1092 5148 edd.

339 5188 441 5239 LVlll.
469 5191 503 5239 23
523 5182 680 5252 Postquam]
699 5189 775 5238 Hier.
794 5187 822 5237 in
839 5205 918 5254 marg.
938 5187 969 5238 P.

339 5278 455 5328 nvuu.
484 5279 517 5328 as
538 5271 652 5341 curu]
671 5277 749 5326 uxu
771 5277 801 5327 r.
857 5271 948 5340 Quos]
968 5278 1038 5342 sug.
1056 5276 1085 5325 os
1103 5293 1182 5340 marg.
1203 5275 1233 5325 r.
1296 5279 1329 5326 32
1349 5271 1425 5341 autu]
1444 5271 1574 5324 ΑΥΤΟΥ
1587 5277 1783 5342 ‚spesspes
1801 5285 1837 5326 a:
1855 5275 1886 5327 Ρ.

232 5362 326 5430 sautu]
345 5361 501 5415 EAYTOY
513 5366 709 5432 superscriptum
727 5373 762 5416 est
781 5365 811 5416 P.
883 5368 917 5416 ³4
936 5359 1046 5428 fecisse]
1067 5365 1164 5415 fecerit
1183 5364 1214 5414 P.
1288 5367 1320 5415 et
1341 5364 1415 5415 illam
1436 5365 1568 5415 redditam
1588 5364 1620 5415 Ι).

342 5575 370 5662 1)
394 5583 575 5660 Aupaatinae,
607 5583 654 5640 De
677 5581 812 5660 corriupiir
834 5582 1002 5640 adulterinis
1025 5603 1049 5639 c.
1066 5585 1104 5641 15
1128 5581 1152 5652 ἕ
1168 5583 1225 5648 18,·
1257 5581 1330 5657 Opp.
1362 5581 1495 5650 Viaca.
1589 5575 1620 5652 2)
1644 5581 1753 5638 ibidem
1784 5576 1890 5656 3⁹22,-

185 5709 213 5749 ω
232 5693 251 5748 l.
276 5692 294 5748 l.
317 5689 366 5760 VI,
384 5694 455 5750 398.
553 5681 584 5766 3)
614 5690 814 5763 Hieronymus,
847 5687 963 5752 Quaeso.
989 5688 1122 5745 Hebruie.
1154 5688 1184 5744 in
1209 5688 1340 5744 (ienmim
1365 5690 1445 5746 cle
1469 5708 1494 5745 u.
1512 5691 1549 5748 31
1559 5709 1568 5756 ,·
1601 5688 1675 5763 Opp.
1702 5687 1759 5758 111,
1776 5690 1834 5748 371
1846 5708 1888 5763 sq.

234 5789 265 5875 4)
288 5797 470 5875 Augustinus,
495 5796 612 5862 thest.
629 5796 658 5853 in
676 5794 808 5855 Genesim
823 5794 892 5852 liber
908 5795 1046 5870 lquaest.
1063 5797 1139 5862 162;
1165 5791 1240 5868 Opp.
1257 5794 1314 5862 111,
1332 5797 1358 5862 l,
1375 5797 1444 5853 418.
1482 5793 1532 5866 Cf.
1550 5794 1631 5851 utor.
1650 5793 1748 5853 Carol.
1766 5794 1786 5851 1
1800 5815 1823 5851 c.
1841 5798 1888 5854 13.

234 5895 265 5982 b)
290 5901 364 5962 Gen.
385 5907 436 5974 47,
453 5907 491 5963 31
515 5898 645 5980 (th9):
671 5944 678 5959 .
704 5944 712 5959 .
738 5945 744 5958 .
770 5901 904 5959 adorauit
926 5901 1020 5957 Israel
1042 5900 1133 5957 Deum
1157 5919 1308 5957 convenis
1330 5902 1372 5956 ud
1393 5901 1485 5957 lectuli
1507 5910 1601 5976 caput.

1622 6016 1674 6072 63*
