4884 6717
735 525 787 580 50.
824 524 1042 582 CONCILIUM
1066 524 1292 581 PARISIENSE
1316 525 1353 580 A.
1374 524 1449 581 829.
1853 517 1914 581 661

266 723 377 778 notum
409 722 467 777 est.
521 712 605 776 Nam
636 711 769 776 Dathan
800 721 832 775 et
861 709 987 775 Abiron
1019 723 1116 798 atquc
1147 710 1232 775 Core
1269 735 1342 776 cum
1373 712 1470 776 sociis
1508 733 1637 780 eorum.
1673 713 1728 798 qui
1763 735 1837 776 cum
1872 712 1919 776 eis
1938 713 2067 817 ‘faugas-

267 821 443 906 perierunt,
468 842 566 905 quam
581 816 729 883 horribili
745 829 851 882 terrae
868 819 936 882 iatu
952 828 1085 904 propter
1100 828 1321 904 contemptum
1344 829 1376 883 ct
1392 816 1666 883 inoboedientiam
1683 829 1796 883 contra
1810 818 1919 883 Deum

268 928 450 1013 consumpti
474 937 559 1008 sunt,
583 925 791 990 manifestum
815 936 872 988 est.
914 923 1084 1005 Quomodo
1109 927 1207 988 etiam
1233 924 1402 989 multitudo
1426 911 1537 1011 populi
1561 924 1627 988 Dei
1650 925 1785 1011 perierit
1808 926 1841 988 in
1864 924 1919 988 dc·
1938 927 2090 1021 “qq-22²⁴·

268 1044 354 1096 serto
378 1043 511 1119 propter
534 1033 834 1119 concupiscentiam
865 1043 897 1096 et
928 1042 1148 1117 contemptum
1179 1043 1211 1095 et
1242 1053 1412 1117 perversas
1441 1030 1693 1095 consuetudines
1717 1053 1737 1094 e
1759 1030 1833 1095 Deo
1856 1030 1920 1095 illis
1939 1006 2061 1136 ¹325&ss

236 1137 458 1225 sprohibitas,
483 1138 588 1203 donee
612 1138 751 1204 diversis
776 1138 924 1203 cladibus
948 1148 1225 1215 consumerentur,
1251 1139 1295 1201 ita
1318 1148 1353 1202 ut
1376 1137 1483 1202 nullus
1508 1161 1619 1202 eorum
1643 1136 1686 1202 ad
1709 1149 1828 1202 terram
1847 1161 1920 1224 per·
1973 1117 1979 1138 ’

268 1246 397 1310 venerit
420 1247 679 1332 repromissionis
703 1257 835 1332 praeter
861 1244 942 1309 duos
972 1255 1097 1308 tantum
1121 1242 1332 1308 oboedientes
1358 1246 1433 1308 voci
1455 1244 1600 1327 Domini,
1625 1243 1773 1308 omnibus
1796 1245 1919 1332 perspi·

270 1375 366 1416 enum
391 1363 450 1416 est.
497 1351 633 1432 Quoties
664 1363 773 1416 autem
804 1351 962 1416 acciderit
992 1349 1147 1437 populum
1176 1352 1335 1415 corruisse
1366 1351 1418 1414 vel
1449 1373 1586 1436 regnum
1618 1352 1765 1415 interisse
1789 1362 1921 1438 propter

269 1460 364 1523 unius
387 1468 558 1545 peceatum
582 1458 635 1522 vel
659 1457 945 1540 inoboedientiam,
970 1459 1038 1521 sive
1063 1456 1199 1543 praelati
1224 1457 1293 1520 sive
1317 1455 1466 1537 subiecti,
1490 1457 1622 1543 lengum
1646 1467 1696 1521 est
1719 1479 1919 1540 enumerare,

270 1567 365 1631 sicuti
382 1567 518 1650 contigit
534 1567 567 1629 in
585 1565 696 1646 Sahul,
720 1588 779 1651 pro
796 1567 887 1629 cuius
904 1563 1146 1628 inoboedientia
1171 1585 1306 1648 regnum
1331 1562 1373 1627 ab
1398 1586 1437 1627 eo
1461 1563 1604 1628 ablatum
1628 1563 1785 1650 alterique
1810 1564 1921 1630 datum
1939 1577 2061 1670 etl-gu·

225 1695 252 1734 ro
269 1672 415 1756 legimus.
463 1672 547 1737 Nam
577 1682 609 1736 et
638 1671 724 1735 filius
755 1672 824 1736 eius
848 1671 991 1750 Ionatas,
1022 1672 1055 1733 in
1086 1672 1178 1735 cuius
1208 1670 1287 1734 fidei
1316 1670 1505 1734 fortitudine
1535 1672 1674 1735 victoria
1703 1670 1779 1735 data
1807 1681 1857 1735 est
1878 1631 2047 1737 desili-12,

270 1778 476 1858 adversariis,
501 1789 614 1865 postea
637 1779 904 1842 sanctificationis
928 1790 1039 1841 votum
1062 1789 1296 1862 transgressus,
1320 1775 1396 1840 licet
1419 1778 1561 1861 ignarus,
1590 1778 1777 1864 concupivit
1799 1788 1831 1842 et
1853 1779 1920 1842 vic-
1953 1739 2033 1787 m

270 1887 386 1949 teriam
410 1886 506 1950 totius
529 1884 640 1972 populi
664 1883 876 1970 perturbavit.
924 1883 990 1948 Sed
1022 1896 1054 1948 et
1077 1882 1153 1947 Heli
1184 1883 1225 1947 de
1250 1883 1364 1948 ordine
1395 1882 1599 1964 sacerdotali,
1631 1884 1708 1968 quia
1737 1882 1821 1960 filios
1845 1907 1920 1948 suos
1939 1907 2061 1951 asana

271 1993 347 2056 satis
371 2015 436 2055 non
459 1993 611 2072 correxit,
636 1990 769 2070 decidit,
793 1993 891 2055 immo
915 1990 989 2055 filiis
1014 1992 1080 2054 suis
1105 1992 1219 2054 merito
1244 2012 1322 2054 suae
1347 1990 1527 2075 iniquitatis
1546 1988 1771 2054 corruentibus
1788 1993 1919 2074 corruit,

270 2098 555 2184 sacerdotiumque
591 2098 632 2162 de
668 2099 825 2184 progenie
867 2099 936 2161 cius
979 2096 1122 2161 ablatum
1158 2109 1222 2178 est,
1267 2119 1402 2183 quorum
1436 2096 1645 2182 neglegentia
1680 2106 1712 2160 et
1749 2098 1919 2183 iniquitate

226 2225 252 2265 ιε
270 2205 408 2293 populus
432 2206 464 2268 in
488 2203 573 2269 hello
598 2205 728 2291 fugatus
751 2227 790 2269 ae
815 2227 909 2268 cesus
935 2215 983 2267 est
1007 2215 1039 2265 et
1062 2203 1166 2286 gloria
1189 2227 1264 2268 curn
1288 2225 1365 2267 area
1382 2203 1446 2267 Dei
1470 2202 1511 2267 de
1535 2202 1659 2267 Israhel
1682 2204 1837 2269 translata
1861 2216 1919 2284 est,

270 2312 365 2377 simul
389 2323 421 2377 ct
443 2311 533 2376 loeus
557 2311 823 2375 sanctificationis
847 2333 958 2375 eorum
983 2309 1158 2397 dissipatus
1182 2321 1240 2374 est.
1280 2309 1407 2374 Aeham
1430 2332 1508 2373 vero
1531 2321 1665 2396 propter
1688 2312 1919 2397 concupiscen-

270 2421 348 2483 tiam
372 2417 582 2483 inoboediens
607 2419 712 2483 factus
737 2430 837 2482 totum
862 2417 1016 2504 populum
1040 2415 1253 2504 perturbavit
1289 2417 1400 2481 Pauca
1416 2417 1537 2503 quippe
1560 2415 1601 2480 de
1625 2415 1733 2480 multis
1757 2419 1919 2503 prosecuti
1938 2441 2096 2485 carmus.

270 2549 391 2607 sumus,
415 2537 449 2590 nt
472 2524 645 2611 diligenter
668 2523 956 2604 animadvertatur,
982 2526 1010 2588 si
1033 2536 1080 2590 tot
1103 2523 1223 2588 divinis
1247 2522 1423 2587 ultionibus
1443 2535 1554 2611 totque
1571 2523 1735 2610 periculis,
1759 2534 1806 2588 tot
1821 2525 1919 2588 etiam

269 2630 555 2718 dampnationibus
590 2630 822 2696 subiaeuemnt
856 2641 1095 2717 contemptores
1130 2630 1356 2695 rrrandatorum
1390 2629 1472 2712 Dei,
1515 2652 1652 2717 quorum
1691 2630 1836 2695 infinitus
1871 2641 1920 2695 est

223 2763 252 2802 so
269 2760 433 2820 numerus,
458 2748 490 2801 et
508 2760 573 2801 non
589 2737 692 2801 solum
710 2737 764 2817 illi,
790 2740 844 2824 qui
862 2749 1037 2824 praecepta
1054 2749 1276 2823 susceperunt,
1301 2738 1528 2801 verumetiam
1545 2738 1601 2823 qui
1616 2737 1796 2802 naturalem
1812 2737 1920 2822 legem

270 2854 493 2931 corruperunt,
517 2854 637 2930 quanto
661 2855 756 2930 putas
780 2847 882 2908 reatui
907 2843 1125 2909 subiacebunt
1146 2845 1253 2929 gratia
1270 2843 1391 2907 Christi
1414 2843 1573 2930 redempti
1599 2853 1631 2907 et
1654 2842 1696 2907 ab
1721 2845 1834 2909 eodem
1851 2844 1918 2908 Do·

268 2953 357 3016 mino
381 2953 415 3015 in
438 2952 526 3015 viam
550 2951 690 3015 iustitiae
715 2950 821 3015 edocti
845 2964 877 3015 et
900 2954 1059 3029 instructi,
1091 2953 1118 3015 si
1148 2952 1332 3037 praeceptis
1363 2952 1432 3014 eius
1461 2949 1615 3014 oboedire
1640 2951 1918 3037 contempserint?

268 3057 410 3122 Proinde
434 3080 568 3121 neccsse
592 3069 651 3138 est,
682 3070 718 3121 ut
740 3060 963 3144 unusquisque
993 3060 1026 3122 in
1051 3057 1163 3122 ordine
1188 3080 1246 3121 suo
1277 3079 1336 3142 pro
1365 3056 1489 3123 viribus
1519 3057 1657 3136 studeat,
1688 3071 1733 3139 ut,
1762 3068 1918 3144 quantum

269 3165 361 3230 Deus
385 3166 544 3245 annuerit,
569 3187 632 3251 que
657 3166 750 3229 iussit
773 3163 951 3250 adimpleat
974 3175 1006 3228 et
1029 3187 1093 3250 que
1117 3165 1221 3228 vetuit
1244 3175 1369 3236 caveat,
1399 3173 1522 3228 utnon
1546 3187 1618 3229 cum
1643 3163 1918 3251 contemptoribus

223 3300 250 3340 ss
270 3271 451 3358 dampnari,
482 3269 540 3334 sed
570 3272 677 3356 potius
706 3295 779 3335 cum
810 3268 1057 3334 exsecutoribus
1088 3269 1273 3334 divinorum
1296 3281 1544 3356 praeceptorum
1569 3270 1677 3335 valeat
1706 3273 1917 3353 remunerari,

270 3380 423 3464 quoniam
453 3401 517 3440 non
548 3388 597 3442 est
626 3377 771 3456 dubium,
802 3378 881 3462 quin
911 3388 1044 3463 propter
1073 3375 1348 3440 inoboedientiam
1372 3389 1404 3441 et
1428 3387 1648 3463 contemptum
1672 3388 1918 3464 praeceptorum

269 3484 334 3548 Dei
358 3485 450 3570 regni
473 3484 666 3570 periclitatio
691 3495 723 3548 et
746 3486 926 3548 animarum
951 3484 1121 3570 proveniat
1144 3483 1342 3569 dampnatio.

375 3635 452 3704 (64).
500 3636 593 3708 Cap.
623 3637 659 3691 X.
708 3633 851 3701 Quodl
874 3637 1053 3708 gravius
1083 3637 1325 3707 puniantur
1355 3635 1425 3708 qui
1456 3635 1587 3690 fidem
1617 3634 1787 3690 Christi
1817 3654 1916 3707 per·

269 3753 484 3814 ceperunt
508 3751 549 3798 ct
574 3745 612 3799 iu
635 3744 903 3798 malisvitam
928 3744 1153 3798 finierunt
1178 3762 1294 3815 quam
1319 3743 1408 3810 illi,
1435 3744 1622 3814 quisine
1647 3742 1917 3798 fidemortui

224 3859 366 3908 assunt
399 3858 439 3904 et
470 3860 610 3906 tamen
640 3851 748 3906 bona
778 3869 910 3921 opera
940 3858 1138 3922 egerunt.
1185 3850 1249 3904 Dici
1273 3852 1347 3905 solet
1371 3870 1388 3904 a
1410 3850 1551 3906 nonnullis
1575 3848 1751 3918 Christianis,
1779 3851 1854 3921 quod
1877 3850 1915 3916 hi,

269 3958 317 4027 qni
340 3958 368 4010 in
393 3956 505 4013 Christo
532 3959 624 4013 renati
654 3965 731 4022 sunt,
761 3976 929 4029 quamquam
959 3957 1099 4012 scelerate
1130 3958 1226 4011 vivant
1257 3967 1286 4012 ct
1316 3957 1345 4012 in
1379 3956 1458 4012 malis
1489 3958 1622 4030 operibus
1657 3957 1732 4012 diem
1762 3966 1917 4011 extremum

269 4063 413 4131 claudant,
437 4065 569 4119 diuturno
593 4072 680 4136 atquc
704 4066 878 4135 purgatorio,
902 4083 957 4118 non
982 4072 1077 4118 tamen
1100 4069 1242 4134 perpetuo
1272 4064 1328 4118 sint
1358 4064 1423 4134 igne
1454 4065 1601 4134 puniendi.
1655 4062 1726 4117 Cum
1755 4063 1835 4117 multi
1865 4062 1917 4117 hoc

269 4172 401 4225 adserunt
427 4180 456 4226 ct
479 4171 573 4225 nullus
596 4172 624 4225 id
648 4190 744 4226 verum
769 4190 832 4226 csse
858 4191 890 4226 cx
915 4171 1016 4225 divinis
1039 4169 1158 4224 oraculis
1181 4170 1330 4224 adstruere
1354 4170 1460 4236 valcat,
1484 4171 1640 4225 cavendum
1665 4177 1718 4236 cst,
1744 4177 1775 4223 ut
1793 4170 1846 4224 hoc
1861 4187 1917 4224 non

269 4278 357 4331 solum
380 4295 435 4332 non
459 4278 587 4342 credaut,
611 4296 707 4333 verum
732 4279 816 4332 etiam
840 4296 893 4331 nee
918 4297 951 4331 ex
975 4297 1023 4332 ore
1048 4276 1204 4347 proferant,
1229 4295 1264 4330 ne
1289 4278 1362 4332 forte
1386 4279 1438 4332 hoc
1462 4277 1583 4332 dicendo
1608 4283 1637 4330 et
1661 4297 1691 4331 sc
1716 4284 1745 4330 ct
1762 4276 1830 4331 alios
1847 4294 1916 4347 quo·

226 4402 252 4441 so
270 4385 417 4440 dammodo
440 4403 512 4439 vana
542 4385 696 4440 securitate
727 4384 873 4438 deludant.
928 4383 1009 4447 Quod
1041 4401 1108 4455 ergo
1138 4384 1279 4437 neminem
1309 4383 1368 4438 sola
1403 4383 1475 4438 fides
1499 4381 1603 4438 Christi
1634 4385 1694 4438 sinc
1718 4384 1852 4454 operibus
1881 4383 1918 4437 ad

269 4509 386 4560 regnum
410 4491 547 4561 provehat
571 4498 728 4558 aeternum,
759 4483 815 4545 ins
845 4478 1116 4567 praecedentibus
1147 4481 1212 4543 iam
1243 4479 1365 4545 dietum
1395 4492 1453 4544 est.
1508 4489 1590 4553 Quod
1621 4497 1716 4544 autem
1747 4490 1774 4543 in
1804 4489 1918 4561 flagitiis

270 4597 398 4652 viventes
423 4606 451 4652 et
476 4597 546 4652 haec
570 4617 623 4653 nce
647 4599 842 4669 paenitentiae
870 4598 1001 4651 lamentis
1032 4616 1083 4651 nce
1116 4596 1339 4667 elemosynarum
1369 4596 1564 4668 largitionibus
1594 4597 1775 4662 redimentes,
1807 4598 1858 4650 sed
1889 4597 1918 4650 iu

270 4703 310 4756 eis
334 4703 427 4774 potius
451 4711 670 4775 perseverantes
694 4705 768 4760 diem
792 4704 911 4770 obeunt,
935 4704 1073 4757 atrociora
1095 4704 1152 4756 sint
1176 4710 1317 4757 tormenta
1339 4704 1449 4774 passuri
1472 4721 1555 4774 quam
1580 4703 1629 4770 illi,
1648 4704 1707 4774 qui,
1723 4702 1789 4757 licet
1806 4704 1917 4758 lavaero

270 4808 374 4863 Christi
398 4810 426 4863 in
451 4810 572 4865 ecclesia
594 4828 773 4881 nequaquam
796 4817 862 4864 sunt
885 4810 1032 4881 baptizati,
1056 4810 1130 4864 bona
1153 4817 1248 4863 tamen
1271 4828 1359 4881 opera
1382 4809 1523 4876 fecerunt,
1548 4810 1647 4864 subter
1670 4809 1829 4863 testimonia
1859 4808 1916 4863 col-

224 5074 252 5112 ω
376 5052 471 5102 VIIII.
501 5055 513 5102 1
542 5050 622 5116 Cere]
648 5053 753 5103 Chorae
783 5053 812 5102 Ρ.
904 5056 920 5104 ‘2
946 5048 1013 5117 istu]
1036 5054 1129 5103 habitu
1151 5053 1180 5103 P.
1273 5055 1484 5124 inobedientiam
1506 5054 1532 5102 V.
1622 5053 1869 5122 lconsuqtudines
1890 5053 1917 5102 V.

270 5142 466 5192 bobedientcs
486 5141 513 5191 V.
604 5141 705 5192 9Saul
724 5142 755 5192 P.
847 5143 1032 5192 inobedientia
1054 5142 1079 5191 V.
1159 5141 1291 5210 alterique¹
1315 5143 1341 5193 V.
1424 5146 1456 5193 10
1477 5144 1605 5194 Ionathas
1626 5142 1656 5192 P.
1738 5144 1770 5192 14
1789 5141 1916 5192 sacerdo·

269 5233 387 5298 tinmqnq
412 5230 440 5279 1⁷.
540 5233 670 5299 progenie
696 5230 723 5280 V.
817 5233 847 5281 15
874 5248 906 5281 ae
933 5224 1024 5296 cesus]
1052 5247 1180 5281 accessus
1207 5232 1233 5280 V.
1324 5232 1358 5282 de
1385 5232 1452 5282 derat
1482 5231 1509 5280 V·
1600 5233 1630 5282 21
1660 5239 1859 5297 eorrnpuerunt
1885 5228 1917 5280 P.

270 5321 304 5372 22
324 5320 435 5391 obedire
455 5319 483 5367 V.
556 5323 590 5370 26
608 5316 684 5385 quin]
705 5321 799 5385 quiin
819 5321 845 5370 V.

376 5427 409 5476 X.
439 5429 472 5477 33
492 5426 620 5478 adstuerc
641 5426 667 5475 Γ.
741 5429 774 5477 34
794 5444 826 5477 cx
847 5427 912 5477 deest
931 5427 962 5477 P.
1035 5429 1067 5478 st
1090 5429 1255 5492 penitentiae
1275 5427 1302 5478 V.

224 5677 252 5717 so
379 5659 408 5730 l)
438 5660 540 5717 Flavii
568 5661 619 5716 lror
648 5669 735 5736 capnt
763 5681 799 5718 ac
822 5660 911 5718 Ionae
934 5661 1030 5719 Aurei.
1062 5661 1132 5718 libro
1162 5663 1197 5718 de
1226 5659 1395 5718 instinctione
1425 5660 1522 5717 laicali
1544 5659 1562 5717 1
1582 5681 1605 5717 c.
1627 5665 1666 5720 19
1689 5670 1715 5718 et
1744 5660 1919 5720 reconcilio

271 5767 429 5824 Parisiensi
450 5766 565 5824 ῖναπείἱῖ
587 5767 615 5823 in
639 5765 728 5824 Ionae
751 5767 945 5825 iustimtionmr
970 5768 1077 5845 repiam
1102 5789 1126 5825 c.
1144 5773 1192 5828 12.
1266 5767 1297 5837 2)
1324 5765 1372 5838 Cf.
1397 5787 1470 5843 qaue
1491 5787 1582 5842 supro
1599 5788 1632 5843 p.
1651 5771 1713 5828 657
1735 5788 1804 5826 auu.
1821 5773 1842 5827 2
1858 5776 1884 5824 et
1899 5769 1919 5825 3

264 5873 443 5949 promlimus.
