4884 6717
668 526 721 583 44.
757 526 976 584 coucmmu
999 526 1227 586 Paulsmttss:
1252 532 1289 587 A.
1310 530 1385 589 825.
1791 527 1856 590 489

306 713 418 778 XIIII.
453 713 538 778 Item
560 712 648 778 idem
672 713 715 779 ad
739 711 961 779 Secundinum
986 737 1117 780 servum
1133 715 1198 780 Dei
1222 717 1422 782 inclausum:
1445 728 1587 801 Imagines
1598 725 1619 796 ¹,
1644 721 1759 807 inquit,
1784 749 1856 803 quas

198 849 216 886 a
237 831 319 886 nobis
341 831 394 885 tibi
418 830 581 902 dirigendas
604 847 657 902 per
672 829 834 885 Dulcidium
857 830 1005 885 diaconum
1028 838 1108 885 tuum
1131 834 1248 905 rogasti,
1272 834 1355 889 valde
1380 836 1460 890 nobis
1483 843 1535 890 tua
1556 837 1711 908 postulatio
1734 837 1855 909 placuit,

198 938 266 1010 quia
295 936 374 992 illum
403 937 432 991 in
462 937 547 994 corde
571 943 634 992 tota
655 937 815 993 intentione
840 938 964 1009 quaeris,
996 938 1074 992 euius
1104 939 1254 1011 imagInem
1284 958 1353 1012 prae
1384 943 1472 996 oculis
1496 943 1603 999 habere
1634 944 1791 1012 desideras,
1822 952 1856 998 ut

197 1045 266 1100 visio
297 1044 449 1116 corporalis
480 1044 624 1100 cotidiana
652 1044 757 1099 reddat
788 1051 927 1111 eremum,
957 1051 1000 1114 ut,
1031 1045 1098 1100 dum
1121 1046 1260 1117 picturam
1283 1047 1374 1115 vides,
1404 1049 1442 1103 ad
1465 1049 1542 1103 illum
1566 1050 1657 1105 ιιιὶιιιο
1680 1051 1852 1118 inardescas,

162 1152 277 1211 aculus
308 1159 338 1206 te
369 1152 519 1223 imaginem
549 1151 648 1207 videre
680 1152 852 1207 consideras.
899 1150 946 1205 Ab
977 1169 1007 1206 re
1039 1169 1095 1207 uon
1125 1152 1253 1221 facimus,
1285 1154 1307 1208 si
1337 1172 1391 1225 per
1412 1154 1535 1209 visibilia
1563 1156 1713 1212 invisibilia
1735 1159 1853 1213 demon-

197 1266 329 1313 stramus.
375 1256 422 1313 Sic
445 1257 537 1325 homo,
568 1258 617 1328 qui
647 1257 732 1312 alium
755 1258 891 1313 ardenter
913 1258 1011 1314 videre
1036 1260 1181 1314 desiderat
1205 1267 1256 1314 aut
1278 1278 1409 1332 sponsam
1432 1263 1551 1318 amando
1582 1264 1738 1332 desiderat,
1770 1283 1853 1336 quam

197 1365 295 1420 videre
319 1371 447 1432 conatur,
478 1364 502 1418 si
525 1365 664 1437 contingit
688 1383 750 1420 eam
774 1365 810 1420 ad
833 1365 966 1421 balneum
990 1367 1031 1420 ire
1056 1373 1105 1420 sut
1129 1366 1166 1421 ad
1191 1368 1339 1422 ecclesiam
1363 1369 1532 1439 procedere,
1557 1368 1678 1425 festinus
1702 1371 1730 1424 in
1754 1372 1800 1426 via
1822 1389 1853 1427 se

196 1480 359 1544 praeparat,
391 1478 423 1524 ut
453 1472 490 1526 de
515 1471 621 1527 visione
645 1471 741 1526 hilaris
764 1472 893 1528 recedat.
941 1473 1060 1538 Scimus,
1093 1473 1159 1545 quia
1190 1481 1222 1528 tu
1252 1475 1403 1545 imaginem
1426 1475 1572 1531 salvatoris
1596 1477 1685 1533 nostri
1708 1479 1774 1534 ideo
1798 1497 1853 1535 non

195 1580 282 1651 petis,
306 1586 339 1633 ut
362 1579 443 1649 quasi
466 1579 559 1660 Deum
583 1577 669 1646 colas,
701 1579 753 1633 sed
776 1579 813 1634 ob
836 1580 1061 1635 recordationem
1084 1579 1135 1634 filii
1158 1581 1226 1648 Dei,
1257 1583 1340 1636 utin
1364 1582 1425 1637 aius
1449 1600 1542 1639 amore
1570 1583 1740 1652 recalescas,
1773 1587 1854 1642 cuius

152 1706 179 1745 ιο
196 1693 226 1742 te
250 1686 400 1758 imaginem
424 1686 522 1740 videre
546 1685 719 1741 consideras.
766 1686 804 1739 Et
827 1704 878 1741 ιιοι
901 1687 1018 1758 quidem
1041 1704 1097 1741 nou
1120 1688 1201 1758 quasi
1225 1695 1293 1744 aute
1317 1689 1495 1744 divinitatem
1519 1698 1586 1746 aute
1611 1691 1699 1762 ipsam
1726 1700 1851 1764 proster-

196 1794 297 1860 nimur,
320 1793 372 1848 sed
397 1791 473 1846 illum
497 1793 655 1860 adoramus,
687 1812 772 1864 quern
802 1811 855 1864 per
877 1793 1029 1865 imaginem
1052 1801 1102 1848 aut
1125 1802 1222 1848 natum
1245 1802 1295 1849 aut
1318 1813 1432 1866 passum
1456 1801 1501 1850 vel
1525 1797 1554 1851 in
1578 1797 1677 1852 throno
1701 1800 1851 1855 sedentem

195 1900 375 1956 recordamur
399 1905 439 1964 et,
464 1899 530 1953 dum
552 1916 603 1955 nos
626 1900 689 1971 ipsa
710 1901 823 1971 pictura
845 1899 926 1970 quasi
949 1900 1089 1971 scriptura
1111 1901 1147 1954 ad
1172 1902 1333 1956 memoriam
1353 1901 1444 1957 filium
1460 1903 1516 1958 Dei
1533 1905 1704 1972 reducimus,
1728 1907 1850 1961 animum

195 2013 321 2062 nostmm
345 2012 395 2061 aut
418 2007 455 2061 de
480 2007 687 2062 resurrectione
711 2006 847 2062 laetffieat
871 2014 921 2062 aut
945 2008 981 2063 de
1005 1997 1140 2079 passione'
1160 2007 1277 2063 mulcet.
1312 2007 1441 2081 Ideoque
1465 2011 1617 2066 direximus
1642 2012 1692 2066 tibi
1716 2015 1851 2069 surtarias

195 2115 276 2181 duas,
306 2113 457 2184 imaginem
487 2113 634 2168 salvatoris
666 2120 696 2168 et
726 2121 842 2169 sanctae
865 2114 973 2169 Mariae
998 2115 1054 2169 Dei
1084 2115 1250 2185 genetricis,
1282 2116 1361 2170 besti
1384 2116 1464 2171 Petri
1496 2124 1526 2173 et
1550 2117 1631 2172 Pauli
1662 2121 1852 2190 apostolorum

151 2239 177 2278 ιο
194 2238 248 2293 per
270 2220 464 2290 supradictum
486 2219 575 2274 filium
598 2227 723 2275 nostrum
747 2221 893 2275 diaconem
917 2227 947 2276 et
971 2239 1055 2275 unmn
1078 2239 1201 2289 crucem,
1226 2222 1335 2278 elavem
1358 2240 1409 2295 pro
1432 2224 1644 2292 benedictione,
1675 2233 1707 2280 ut
1731 2227 1767 2281 ab
1791 2228 1852 2299 ipso

194 2326 317 2398 maligno
340 2326 477 2382 defensus
500 2327 548 2394 sis,
571 2327 651 2381 cuius
674 2334 773 2381 sancto
795 2327 872 2399 ligno
897 2333 926 2382 te
952 2346 1014 2382 esse
1038 2328 1177 2382 munitum
1200 2330 1304 2384 credis.

303 2460 397 2524 Haec
421 2470 626 2540 contraeas,
657 2460 714 2546 qui
743 2459 903 2545 imagines
927 2471 1112 2525 sanctorum
1136 2459 1379 2526 abhominando
1403 2474 1563 2546 evertunt,
1596 2462 1740 2531 breviter
1763 2466 1852 2532 dicta

195 2567 347 2631 sufficere
379 2565 553 2632 eredimus.
607 2566 704 2632 Nunc
734 2578 848 2632 contra
878 2589 944 2648 eos,
976 2568 1032 2653 qui
1062 2566 1208 2632 indebito
1241 2568 1329 2633 cultu
1359 2592 1415 2633 eas
1447 2569 1557 2635 colunt
1588 2583 1621 2636 et
1651 2571 1789 2639 adorant
1819 2585 1852 2638 et

194 2684 325 2738 sanetas
348 2684 538 2760 nuncupant
561 2686 594 2739 ct
616 2674 864 2738 sanctimoniam
895 2697 930 2739 se
960 2697 1020 2761 per
1049 2696 1106 2739 eas
1137 2674 1275 2761 adsequi
1298 2675 1449 2756 fatentur,
1481 2678 1566 2742 sicut
1589 2679 1622 2742 in
1646 2678 1702 2743 illa
1725 2680 1850 2765 synodo

149 2807 176 2847 ιο
196 2781 376 2848 Grecorum
407 2781 561 2845 insertum
585 2781 779 2859 invenimus,
803 2791 988 2845 sanctorum
1018 2794 1148 2867 patrum
1178 2780 1268 2846 dicta
1297 2781 1503 2848 adnectendo
1526 2783 1735 2850 subiecimus.
1783 2785 1851 2853 Sed

195 2886 281 2952 unde
298 2887 438 2973 prImum
462 2885 701 2952 adorandarum
723 2887 901 2972 imaginum
924 2889 1015 2974 origo
1039 2887 1221 2970 inoleverit,
1244 2911 1366 2975 ponere
1383 2892 1603 2954 necessarium
1619 2890 1848 2958 iudicavimus.

303 3011 378 3076 XV.
414 3010 537 3078 Scribit
559 3013 668 3099 itaque
692 3009 807 3076 beatus
823 3010 1025 3098 Augustinus
1048 3014 1082 3078 in
1105 3010 1188 3077 libro
1212 3012 1254 3077 de
1279 3012 1418 3078 diversis
1441 3013 1649 3079 haeresibus:
1674 3023 1850 3082 Simoniani²

194 3148 212 3185 a
235 3129 347 3185 Simone
371 3146 463 3200 mago,
488 3129 537 3199 qui
559 3129 720 3199 baptizatus
743 3146 760 3183 a
783 3127 915 3200 Philippo
939 3129 1067 3196 diacono,
1091 3131 1164 3185 sicut
1188 3130 1216 3184 in
1241 3129 1351 3184 actibus
1374 3130 1565 3202 apostolorum
1588 3129 1703 3203 legitur,
1728 3135 1850 3205 pecunia
1869 3141 2029 3186 et.Aet.&1⁸·

194 3237 282 3292 voluit
306 3255 323 3290 a
346 3236 452 3290 sanctis
475 3234 611 3307 apostolis
635 3253 742 3304 emere,
772 3243 804 3289 ut
835 3235 921 3290 etiam
951 3254 1004 3307 per
1026 3237 1223 3308 inpositionem
1254 3255 1353 3292 manus
1384 3238 1410 3292 ei
1434 3238 1552 3294 daretur
1574 3238 1697 3309 Spiritus
1724 3248 1848 3296 sanctus.

150 3357 177 3396 ιο
195 3342 250 3398 Hie
279 3343 394 3416 magicis
424 3341 542 3397 fallaciis
573 3342 729 3413 deceperat
759 3342 872 3397 multos.
920 3343 1051 3398 Docebat
1080 3351 1175 3399 autem
1199 3344 1400 3400 detestandam
1423 3345 1629 3416 turpitudinem
1653 3347 1852 3404 indifferenter

195 3451 294 3505 utendi
318 3449 430 3505 leminis
453 3467 506 3504 nec
523 3449 616 3503 Deum
640 3449 775 3503 mundum
798 3450 901 3505 fecisse
925 3449 1057 3516 dicebat,
1082 3451 1207 3522 negabat
1232 3452 1318 3507 etiam
1342 3452 1433 3506 carnis
1456 3453 1694 3508 resurrectionem
1718 3461 1749 3509 et
1771 3473 1849 3510 asse·

195 3556 314 3611 verabst
337 3574 368 3611 se
386 3555 529 3610 Christum
544 3556 677 3627 idemque
693 3555 790 3610 lovem
806 3575 837 3610 se
855 3556 932 3612 credi
949 3556 1073 3623 volebat,
1099 3557 1254 3612 Minervam
1271 3576 1338 3614 vcro
1355 3559 1525 3614 meritricem
1542 3561 1682 3631 quandam
1698 3560 1849 3629 Helenam,

196 3680 279 3734 quam
303 3663 357 3718 sibi
380 3663 482 3719 sociam
505 3661 645 3718 scelerum
669 3662 790 3731 lecerat,
821 3663 1014 3736 imaginesque
1046 3671 1075 3718 ct
1104 3682 1182 3718 suam
1214 3674 1244 3720 et
1269 3664 1399 3722 Helenae
1430 3666 1576 3738 discipulis
1606 3669 1664 3722 suis
1690 3669 1850 3739 praebebat

195 3769 363 3838 adorandas,
394 3787 466 3841 quas
494 3777 524 3824 et
548 3769 655 3825 Rornae
687 3776 828 3842 tamquam
859 3771 974 3826 deorum
1005 3770 1153 3825 slmulacra
1176 3772 1346 3827 auctoritate
1371 3772 1486 3844 publica
1513 3775 1710 3842 constituerat,
1742 3776 1770 3830 in
1793 3793 1852 3847 qua

149 3895 178 3936 aa
194 3878 266 3932 urbe
290 3876 434 3948 apostolus
457 3876 561 3932 Petrus
584 3893 648 3931 eum
672 3894 742 3932 vera
764 3878 869 3932 virtute
894 3877 948 3932 Dei
973 3877 1174 3948 omnipotentis
1199 3878 1329 3932 extinxit.

302 3991 395 4056 XVI.
431 3992 513 4056 Item
537 3991 625 4056 idem
648 4001 722 4078 post
746 4014 867 4078 pauca:
896 3995 1023 4055 Sectae³
1045 4000 1226 4072 carpocratis
1249 4002 1336 4058 luisse
1360 4004 1487 4058 creditur
1510 4007 1649 4076 quaedam
1674 4005 1849 4074 Marcelline,

196 4125 269 4180 quac
301 4108 414 4164 colebat
437 4108 587 4180 imaginem
612 4107 678 4163 lesu
702 4116 732 4162 et
755 4107 836 4163 Pauli
867 4113 898 4164 et
920 4106 1036 4162 Homeri
1061 4116 1091 4162 et
1115 4108 1287 4181 Pithegorac
1310 4111 1454 4165 adorando
1477 4111 1682 4182 incensumque
1706 4113 1849 4184 ponendo.

302 4222 413 4287 XVII.
448 4223 530 4287 Item
559 4223 630 4309 ipse
661 4224 695 4287 in
726 4221 863 4309 epistola
894 4222 935 4286 ad
959 4221 1155 4287 Dioscorum
1186 4224 1271 4288 inter
1301 4235 1410 4289 cetera
1441 4224 1661 4291 demonstrat⁴
1685 4226 1848 4313 quondam

194 4329 374 4417 Epicurum
399 4329 557 4414 imagines
581 4328 691 4416 plures
715 4329 848 4394 linxisse
873 4341 905 4393 ct
928 4330 995 4394 suis
1015 4328 1199 4395 tradidisse.
1234 4330 1444 4396 Democritus
1461 4333 1559 4397 etiarn
1575 4334 1659 4398 inste
1676 4334 1849 4420 reprehen-

148 4463 177 4504 ιι
195 4435 293 4517 ditur,
318 4437 374 4524 qui
396 4458 457 4523 per
479 4437 649 4520 imagines,
674 4437 823 4522 quamvis
847 4435 943 4500 aliter
966 4458 1065 4523 quam
1088 4436 1252 4523 Epicurus
1276 4438 1419 4518 sentiret,
1451 4437 1494 4502 ad
1518 4440 1704 4504 interiorem
1729 4440 1849 4506 cultum

195 4544 368 4630 pervenire
391 4541 566 4607 arbitratus
590 4555 649 4607 eat.

303 4650 385 4714 Item
409 4663 613 4737 postpauca
636 4649 677 4715 de
701 4650 861 4737 Epicuro:
887 4655 992 4724 Quac⁵
1015 4669 1110 4715 tamen
1134 4669 1165 4715 ut
1189 4660 1308 4728 cogitet,
1340 4661 1475 4733 imagines
1505 4663 1574 4718 dicit
1603 4664 1640 4718 ab
1664 4665 1731 4736 ipsis
1754 4664 1850 4728 rebus,

197 4784 267 4838 quas
290 4766 409 4822 athomis
432 4766 544 4821 formari
567 4773 662 4837 putat,
694 4767 821 4822 defluere
846 4774 934 4839 atque
965 4768 994 4822 in
1017 4768 1139 4822 anisnum
1167 4767 1284 4821 introire
1308 4768 1470 4824 subtiliores
1494 4785 1578 4839 quam
1602 4778 1668 4825 sunt
1692 4770 1757 4825 illae
1782 4771 1850 4826 ima·

304 4958 401 5008 xlm.
432 4961 442 5007 1
465 4951 615 5025 Imagines]
633 4957 755 5023 Gregs'n
766 4974 845 5023 marg.
866 4956 897 5011 P.
955 4961 986 5007 13
1006 4959 1135 5023 syrterias
1155 4957 1185 5008 P.
1245 4961 1275 5008 15
1297 4974 1350 5008 una
1364 4975 1445 5010 eruce
1459 4958 1557 5010 clavim
1571 4959 1594 5022 (e
1607 4961 1712 5012 clavem
1725 4963 1801 5018 corr.)
1820 4961 1850 5013 P.

149 5060 179 5100 ιο
198 5048 230 5099 17
250 5041 339 5112 Ηιοο]
359 5046 449 5114 Caput
468 5048 523 5097 111.
538 5046 707 5112 praemittunt
723 5046 779 5096 edd.

303 5135 361 5186 XV.
389 5138 423 5186 22
443 5131 603 5200 Simoniani]
623 5137 695 5202 Aug.
713 5135 741 5185 ia
759 5153 837 5202 musy.
858 5135 888 5185 P.

303 5225 377 5275 XVI.
406 5227 437 5275 31
459 5218 566 5288 Sectas]
585 5227 655 5290 Aug.
673 5224 702 5274 in
720 5242 798 5290 musy.
819 5224 850 5275 P.

303 5314 392 5364 XVII.
420 5316 454 5365 33
473 5308 651 5377 demonstrat}
669 5315 740 5378 Aug.
759 5313 786 5363 in
804 5331 882 5380 usurp.
904 5313 935 5364 P.
1016 5316 1146 5379 quoniam
1165 5315 1194 5365 P.
1278 5319 1312 5366 34
1332 5318 1467 5383 Epicurus
1487 5317 1517 5368 P.
1598 5319 1729 5380 imagines
1749 5314 1848 5384 plures}

195 5419 245 5470 per
262 5405 397 5469 imagInas
416 5401 505 5470 plures
523 5419 554 5453 se
574 5402 604 5453 P.
678 5405 710 5453 31
732 5399 818 5468 Quas]
838 5405 908 5471 Aug.
927 5404 956 5453 s'n
974 5421 1054 5471 usurp.
1073 5404 1103 5454 P.

149 5601 179 5642 ὦ
306 5565 336 5638 1)
360 5565 520 5643 Gregorius
536 5567 590 5637 M..
608 5566 740 5642 Epistola
754 5568 797 5624 ad
810 5567 1000 5625 Secundinum
1016 5567 1196 5643 interpolata,
1216 5569 1288 5626 MG.
1308 5569 1388 5646 Epsp.
1408 5570 1445 5639 II,
1462 5572 1520 5629 147
1535 5565 1689 5644 (Just-E.
1707 5593 1735 5628 n.
1751 5567 1851 5647 1673).

199 5671 249 5746 Os.
273 5673 425 5731 Hadriani
446 5673 537 5750 epist,
563 5671 636 5731 ΜΘ.
655 5673 733 5749 Epp
756 5674 789 5743 V,
812 5677 863 5734 20.
886 5676 934 5734 43.
958 5677 1009 5735 46.
1033 5677 1081 5734 55.
1168 5675 1198 5738 2)
1224 5675 1404 5752 Auqrsstinus,
1431 5676 1515 5733 Liber
1538 5678 1573 5733 de
1596 5677 1756 5736 haeresibus
1777 5671 1852 5755 §1;

198 5778 273 5858 opp.
296 5780 423 5852 171115.
501 5779 531 5850 3)
556 5779 663 5837 Ibidem
679 5772 704 5857 ἕ
718 5781 738 5838 7
744 5801 754 5849 ;
777 5782 796 5836 l.
813 5783 831 5836 1.
856 5779 935 5852 VIII,
953 5783 981 5840 7.
1062 5781 1091 5850 4)
1119 5781 1168 5851 Cf.
1185 5781 1367 5856 Asprmts'nus,
1392 5783 1522 5859 Epistola
1539 5787 1598 5844 118
1621 5786 1663 5840 ud
1684 5785 1852 5843 Diosrcsrsm

195 5879 362 5966 §ausa
394 5885 467 5964 opp.
485 5887 610 5956 maso.
703 5887 733 5956 a)
757 5879 985 5964 ruaa1152a
1016 5890 1035 5944 1.
1052 5889 1070 5944 1.
1096 5887 1135 5957 11,
1152 5889 1220 5948 sse.

251 6004 297 6049 uu.
311 6003 413 6045 οοιιιιιιι
427 6005 457 6045 11.
1604 6015 1638 6063 (32

44 6533 291 6659 ὲ
