4884 6717
672 478 724 537 56.
760 478 980 536 CONCILIUM
1003 477 1332 543 AQUISGRANENSE
1356 479 1393 534 A.
1415 477 1489 534 886.
1847 471 1909 534 tel

254 690 403 734 nummos
426 664 578 748 haberet,
604 665 631 728 si
654 687 814 746 nummos,
844 666 957 751 utique
982 676 1014 730 et
1037 664 1174 752 praedia
1197 676 1230 729 61
1252 665 1418 752 mancipia
1441 675 1474 729 et
1497 664 1701 730 diversarum
1726 665 1909 752 specierum

253 777 425 840 innumera
448 783 654 854 ornamenta3
679 772 805 858 etquis
821 771 979 836 inlicitum
1003 773 1046 835 sit
1065 794 1114 852 ea,
1139 794 1225 858 quae
1242 771 1454 837 conferuntur
1469 772 1640 854 ecclesiae,
1664 771 1796 852 auferri,
1820 770 1910 836 beati

253 881 437 948 Hieronimi
461 878 634 944 scribentis
657 880 692 943 in
715 879 918 965 expositione
942 877 1079 943 Mattbei
1103 878 1326 964 evangelistae
1350 878 1453 944 verba
1476 880 1522 944 ita
1544 889 1721 944 testantur:

361 1024 445 1110 (tl).
469 1021 563 1086 VIII.
600 1030 707 1085 Omnes
718 1027 739 1098 ¹,
764 1020 879 1107 inquil,
904 1031 954 1101 qui
976 1030 1051 1100 stipe
1075 1031 1175 1102 templi
1200 1037 1230 1087 et
1253 1031 1305 1097 bis,
1331 1049 1404 1102 quae
1422 1029 1607 1087 conferuntur
1625 1030 1653 1084 in
1672 1048 1738 1085 usus
1760 1029 1910 1099 ecclcsiae,

220 1142 411 1207 sabutuntur
433 1139 461 1192 in
485 1138 547 1192 aliis
570 1138 666 1205 rebus,
692 1137 794 1209 quibus
817 1155 895 1191 suam
920 1137 1055 1208 expleant
1073 1137 1259 1204 voluntatem,
1283 1138 1387 1193 similes
1410 1145 1478 1192 sunt
1501 1139 1655 1193 scribarum
1679 1144 1709 1192 et
1731 1138 1910 1192 sacerdotum

253 1246 452 1304 redimentium
475 1246 649 1300 mendatium
674 1251 704 1298 et
727 1244 892 1316 sauguinem
916 1243 1072 1299 salvatoris.
1113 1232 1284 1299 Subtiliter
1306 1234 1404 1321 plane
1429 1236 1655 1321 sagaciterque
1679 1234 1910 1322 pertractanda

253 1357 329 1409 sunt
352 1366 391 1408 ac
414 1341 649 1429 perpendenda
671 1340 775 1405 verba
798 1342 877 1405 tanti
903 1340 1044 1406 doctoris
1069 1353 1101 1404 et
1124 1343 1251 1405 cunctis
1274 1341 1426 1406 fidelibus
1446 1341 1629 1406 cavendum
1653 1354 1712 1422 est,
1736 1363 1778 1405 ne
1802 1343 1835 1405 in
1859 1341 1909 1405 bis

253 1450 361 1532 rebus,
387 1473 471 1538 quae
495 1448 653 1514 ecclesiae
679 1446 827 1513 conlatae
852 1459 936 1529 sunt,
961 1447 1147 1512 auferendis
1171 1446 1293 1512 similes
1317 1447 1502 1512 efficiantur
1516 1447 1702 1512 Pharisaeis
1719 1461 1751 1512 et
1770 1447 1908 1535 pseudo·

253 1555 478 1623 sacerdotibus
501 1555 708 1620 mendacium
732 1555 989 1640 sanguinemque
1015 1554 1137 1620 Christi
1161 1553 1405 1619 redimentibus.

209 1702 235 1741 10
361 1662 482 1729 Scribit
506 1664 603 1727 ctiam
626 1661 713 1727 idem
737 1661 853 1726 beatus
878 1661 1088 1725 Hieronimus
1111 1663 1144 1726 in
1169 1663 1374 1748 expositione
1399 1660 1562 1747 evangelii
1587 1660 1723 1725 Matthei
1746 1662 1809 1725 ita:

362 1805 445 1892 (78).
470 1805 580 1869 VIIII.
615 1805 744 1870 Mittens
762 1808 844 1868 eninr
869 1805 944 1869 hoec
968 1819 1154 1891 unquentum
1179 1805 1236 1869 ltoc
1259 1806 1293 1869 in
1317 1828 1432 1891 corpus
1450 1829 1550 1869 areum
1569 1804 1615 1867 od
1629 1804 1843 1890 sepeliendum
1862 1829 1910 1870 rne
1929 1825 2088 1876 6666666.

252 1917 341 2002 fecit.
382 1919 488 1987 Qu0d²
506 1940 555 1976 vos
579 1922 685 1993 putatis
708 1921 899 1993 perditionem
919 1938 982 1974 esse
1006 1920 1145 1992 unguenti
1168 1919 1292 1974 officium
1308 1921 1474 1991 sepulturae
1495 1928 1548 1974 est.
1588 1919 1650 1974 Nec
1669 1920 1778 1986 mirum,
1801 1920 1824 1973 si
1842 1920 1909 1974 mihi

253 2033 357 2088 bonum
376 2031 491 2085 odorem
507 2028 574 2084 fidei
593 2047 661 2083 suae
679 2028 800 2095 dederit,
826 2045 888 2082 cum
908 2044 961 2098 ogo
981 2045 1032 2098 pro
1052 2045 1087 2082 ca
1102 2027 1215 2080 fusurus
1231 2027 1282 2081 sim
1298 2027 1463 2099 sanguinem
1478 2045 1583 2081 meum.
1622 2015 1717 2081 Multi
1737 2039 1815 2081 sane
1835 2029 1910 2081 eunt

255 2128 362 2211 hodie,
394 2127 450 2213 qui
474 2125 659 2192 Christiano
685 2139 859 2189 censentur
885 2125 1027 2204 nomine,
1056 2126 1112 2211 qui
1135 2123 1177 2187 ad
1201 2126 1304 2187 instar
1326 2123 1428 2188 Iudae
1453 2123 1562 2188 dicere
1594 2124 1698 2188 solent
1728 2147 1826 2211 super
1848 2124 1908 2206 his,

210 2268 237 2309 η
256 2258 340 2323 quae
371 2245 427 2298 aut
449 2233 592 2298 Domino
623 2244 815 2298 consecrata
845 2244 918 2296 sunt
946 2242 1002 2295 aut
1033 2243 1265 2295 consecrantur
1295 2242 1351 2295 aut
1380 2231 1565 2295 consecrari
1597 2230 1833 2295 decernuntur:
1872 2232 2030 2304 116666.

256 2345 338 2430 quid
361 2342 504 2430 perditio
534 2341 643 2420 bocci,
681 2349 832 2426 putantes
863 2339 1078 2425 perditionem
1111 2360 1182 2401 esse
1214 2360 1298 2423 quae
1330 2337 1490 2402 ccclesiae
1520 2338 1741 2424 ministrisque
1772 2339 1841 2402 cius
1870 2360 1909 2401 ac

255 2447 455 2536 pauperibus
480 2446 521 2510 ob
546 2469 689 2510 amorem
705 2446 770 2510 Dei
787 2458 862 2509 sunt
886 2445 1099 2509 commodata.
1135 2443 1364 2508 Animadverti
1388 2466 1528 2530 namque
1553 2466 1618 2508 non
1642 2445 1910 2508 inconvenienter

256 2566 372 2643 potest,
403 2553 501 2641 quod,
534 2555 618 2618 sicut
640 2565 841 2639 unguentum
864 2552 989 2616 Mariae
1014 2550 1161 2616 Christus
1191 2551 1234 2615 ad
1265 2550 1408 2616 officium
1439 2573 1517 2615 suae
1545 2551 1689 2637 suscepit
1712 2551 1909 2637 sepulturae,

255 2665 302 2728 ita
323 2664 476 2727 nimirum
500 2672 577 2726 vota
600 2660 744 2724 fidelium
769 2660 926 2745 suscipiat
948 2658 991 2722 ad
1015 2659 1158 2722 officium
1182 2669 1315 2722 sanctae
1340 2679 1419 2722 suae
1444 2657 1639 2722 ecelesiac*.

211 2892 239 2932 ,ο
368 2860 394 2936 *1
418 2872 470 2923 Ba
487 2871 547 2922 haec
564 2870 645 2931 addit,
664 2886 727 2936 quae
744 2869 795 2919 133
813 2869 841 2919 in
855 2869 910 2934 fine
927 2867 1018 2918 6611616
1035 2864 1091 2934 (jot
1107 2865 1169 2930 102)
1186 2866 1296 2918 albet:
1323 2862 1455 2934 Origines
1471 2880 1585 2934 quoque
1601 2863 1629 2917 in
1645 2862 1747 2918 omelia
1762 2863 1912 2918 undecima

418 2966 539 3022 Levitici
562 2965 626 3019 libri
651 2966 687 3020 de
719 2981 763 3031 eo,
795 2965 871 3035 quod
895 2964 999 3018 dicitur
1021 2964 1050 3017 in
1073 2962 1222 3034 praedicto
1247 2961 1334 3015 libro:
1368 2959 1469 3016 Sancti
1497 2967 1589 3028 estote,
1620 2959 1688 3036 quie
1718 2979 1768 3036 epo
1797 2967 1912 3016 senense
1931 2972 2057 3024 166666.

416 3092 486 3141 sum,
511 3071 578 3128 dicit
600 3070 749 3140 Dorninus,
780 3078 906 3126 tractans
936 3071 1011 3125 inter
1034 3077 1133 3125 cetera
1162 3069 1203 3123 ita
1226 3068 1341 3123 scribit:
1373 3063 1528 3123 Salomon³
1550 3084 1665 3138 quoque
1695 3067 1724 3121 in
1754 3067 1911 3144 proverbiis

417 3179 503 3234 dicit:
534 3178 668 3249 Laqueus
697 3185 742 3234 est
770 3178 830 3232 viro
860 3177 941 3232 tortis
972 3177 1026 3231 cito
1057 3175 1165 3246 aliquid
1196 3176 1232 3230 de
1264 3176 1321 3229 suis
1351 3173 1540 3230 sanctificare.
1588 3174 1694 3229 Postea
1724 3174 1797 3228 eninr
1828 3192 1911 3245 quam
1930 3168 2036 3264 θξοἯ·

418 3287 535 3353 voverit,
561 3286 658 3342 evenit
680 3285 830 3357 poenitere
855 3294 885 3340 et
908 3284 961 3338 hoc
986 3290 1030 3338 est
1054 3283 1165 3354 utique,
1195 3282 1272 3352 quod
1296 3282 1375 3348 dicit,
1407 3299 1443 3337 nc
1468 3281 1518 3352 qui
1541 3280 1627 3348 forte,
1658 3299 1721 3335 cum
1744 3280 1852 3335 fructus
1877 3299 1912 3336 ex
1976 3251 1981 3274 I

417 3410 486 3448 area
508 3400 557 3448 aut
581 3393 676 3446 vinum
701 3411 735 3447 ex
758 3391 944 3446 torcularibus
968 3390 1085 3460 colligit,
1118 3395 1146 3442 et
1176 3388 1295 3443 dixerit:
1326 3388 1398 3442 Volo
1428 3395 1537 3443 tantum
1567 3386 1669 3442 offerre
1702 3387 1840 3444 ccclesiae
1865 3388 1911 3443 vel

418 3501 445 3554 in
468 3517 522 3554 usu
545 3517 702 3571 pauperum
726 3505 775 3554 aut
799 3497 1012 3569 peregrinorum
1035 3503 1143 3550 tantum
1167 3495 1318 3566 praebere,
1343 3495 1366 3549 si
1389 3501 1491 3566 postes
1515 3513 1548 3548 ex
1573 3495 1699 3562 comodo,
1723 3512 1809 3566 quem
1824 3495 1910 3561 vovit,

417 3606 523 3677 aliquid
547 3606 584 3660 ad
607 3624 673 3660 usus
696 3606 822 3677 proprios
845 3610 1018 3676 praesumat,
1043 3604 1097 3658 iam
1121 3620 1176 3657 non
1200 3603 1237 3658 de
1261 3603 1317 3656 suis
1340 3601 1480 3656 fructibus
1503 3602 1703 3673 praesumpsit,
1728 3602 1779 3657 sed
1808 3608 1908 3657 sancta

417 3713 474 3768 Dei
498 3714 622 3769 violavit.
669 3713 707 3767 Et
738 3713 803 3767 idco
835 3711 954 3782 laqueus
984 3709 1063 3765 fortis
1087 3716 1130 3764 est
1153 3707 1330 3764 sanctificare
1362 3708 1480 3780 aliquid,
1511 3708 1564 3762 hoc
1596 3717 1639 3763 est
1669 3725 1771 3765 vovere
1795 3709 1859 3764 Deo
1884 3714 1912 3762 et

418 3823 593 3893 postmodum
616 3820 794 3891 poenitentia
817 3821 930 3872 ductum
954 3819 990 3872 ed
1014 3835 1080 3871 usus
1103 3817 1232 3888 proprios
1256 3834 1300 3883 ea,
1325 3833 1381 3887 que
1406 3823 1631 3881 consecraverat,
1662 3833 1806 3871 revocare.
1854 3813 1912 3870 Sed

420 3934 449 3984 et
471 3928 494 3981 si
518 3945 568 3982 nos
592 3927 667 3999 ipsos
691 3944 884 3981 consecramus
909 3931 939 3980 et
961 3923 1103 3979 offerimus
1127 3921 1191 3977 Deo
1215 3929 1263 3977 aut
1291 3923 1385 3988 etiam,
1415 3922 1438 3975 si
1462 3922 1532 3977 alios
1555 3939 1698 3989 vovemus,
1729 3923 1912 3977 observemus

417 4034 491 4089 hunc
515 4038 658 4106 laqueum,
682 4052 718 4088 ne
743 4032 827 4098 torte,
852 4039 1036 4103 posteaquam
1059 4048 1109 4084 nos
1133 4030 1257 4084 vovimus
1280 4029 1354 4097 Deo,
1387 4030 1488 4084 iterum
1518 4029 1645 4083 humanis
1668 4029 1765 4084 usibus
1795 4029 1841 4084 vel
1865 4047 1911 4083 ac-

418 4141 493 4195 tibus
517 4141 711 4213 subiugemur.
758 4137 868 4204 Quibus
891 4138 985 4193 verbis
1008 4144 1087 4208 patet
1110 4136 1248 4207 proiecto,
1277 4137 1363 4207 quod,
1391 4137 1413 4191 si
1438 4137 1476 4203 ei,
1500 4136 1549 4207 qui
1573 4154 1624 4191 sua
1646 4136 1723 4192 vovit
1746 4135 1822 4202 Deo,
1854 4153 1911 4190 non

418 4247 486 4304 licet
509 4249 609 4304 iterum
632 4249 690 4303 suis
719 4266 754 4303 ea
777 4247 874 4302 usibus
896 4253 1073 4317 retorquere,
1099 4243 1185 4299 multo
1208 4244 1300 4298 minus
1323 4243 1407 4298 alicui
1430 4243 1499 4298 licet
1523 4260 1567 4310 es,
1599 4261 1672 4313 quae
1703 4242 1739 4298 ab
1763 4242 1825 4297 aliis
1848 4243 1912 4298 Deo

418 4354 516 4410 oblata
539 4362 567 4410 et
590 4353 765 4410 sanctificata
787 4360 862 4420 sunt,
886 4371 937 4424 pro
960 4369 1010 4406 suo
1033 4351 1115 4406 libitu
1139 4352 1275 4423 diripere.
1322 4349 1429 4414 Quodsi
1454 4350 1536 4405 etiam
1559 4349 1619 4418 ille,
1651 4350 1700 4421 qui
1723 4350 1809 4416 vovit,
1832 4357 1912 4420 post·

418 4463 530 4516 modum
554 4462 730 4533 poenitentia
752 4462 852 4515 ductus
876 4476 944 4514 suae
968 4458 1091 4514 reflectit
1114 4457 1288 4513 sanctificata
1311 4456 1462 4528 cupiditati
1485 4457 1597 4527 iamque
1621 4474 1678 4511 non
1701 4474 1813 4510 suorum
1836 4455 1912 4510 frur-

419 4575 498 4622 tuum
522 4576 729 4640 praesumptor,
752 4568 804 4622 sed
828 4575 987 4621 sanctorum
1011 4565 1068 4620 Dei
1092 4564 1210 4619 violator
1234 4563 1404 4636 appellatur,
1429 4564 1516 4617 multo
1539 4563 1628 4634 magis
1649 4563 1804 4617 alienarum
1820 4581 1913 4619 rerum

420 4683 617 4748 praesumptor
640 4674 759 4731 violator
782 4682 812 4730 et
835 4672 989 4745 sacnlcgus
1012 4680 1137 4727 vocatur.
1176 4676 1207 4726 In
1227 4675 1333 4726 11166
1351 4675 1436 4725 omnia
1454 4675 1484 4752 (1.
1503 4673 1628 4736 20-37)
1646 4674 1744 4724 desunt.

367 4867 430 4917 vn.
459 4869 475 4916 e
495 4861 620 4932 6666]
639 4867 676 4916 sn
697 4866 723 4916 o.
743 4867 803 4926 aa,
824 4865 926 4916 natea
947 4865 1006 4915 ar.
1025 4864 1057 4915 6.
1077 4863 1114 4925 u,
1134 4864 1253 4914 6666
1273 4841 1545 4927 66666661).

367 4975 447 5024 VIII.
482 4969 597 5039 ⁴lquae]
615 4973 711 5038 quill.
768 4975 964 5024 timentstium
982 4971 1147 5037 bitetinsro
1165 4970 1201 5020 a.
1257 4971 1320 5020 'liu
1338 4965 1462 5018 deestM.
1518 4969 1765 5020 8661616166Βῖ.
1820 4967 1913 5018 Phari·

214 5084 242 5123 ω
260 5065 314 5115 6616
333 5064 393 5114 Β1.
413 5063 450 5113 Μ.
523 5063 837 5129 pbseudosscerdotibus
857 5063 916 5114 BL
993 5064 1025 5112 10
1044 5055 1153 5123 Scribit]
1172 5059 1268 5109 VIIII.
1289 5058 1389 5108 Scribit
1408 5058 1506 5108 Β2.3.
1526 5057 1562 5108 ll.

367 5170 462 5220 VIIII.
493 5172 523 5219 ll
544 5175 713 5236 unguentum
732 5164 794 5232 hoc]
815 5169 866 5219 hoc
887 5177 1056 5234 unguentum
1076 5168 1135 5218 Bl.
1154 5166 1224 5222 L,B
1234 5169 1258 5220 2.
1272 5169 1297 5216 3.
1370 5164 1582 5231 unguentumrl!
1599 5161 1790 5229 (hicetinsra).
1863 5164 1914 5214 boc

260 5258 381 5310 deestis.
469 5260 501 5309 12
524 5258 717 5324 ungentiB2.
737 5263 761 5309 3.
781 5258 818 5308 11.
905 5252 1343 5319 136666666116661666611.
1431 5255 1462 5303 14
1482 5253 1551 5303 lude
1571 5253 1607 5303 Μ.
1696 5255 1727 5303 18
1747 5247 1788 5317 66]
1807 5253 1858 5304 buc
1878 5256 1915 5307 11.

263 5349 296 5398 18
315 5355 465 5414 ungentum
484 5347 544 5399 Β3.

369 5447 403 5496 23
422 5445 485 5496 torti
503 5463 516 5496 e
533 5463 598 5497 corr.
617 5446 677 5497 Β3.
732 5447 766 5496 26
786 5462 819 5496 66
833 5440 960 5508 comodo]
981 5445 1018 5494 ito
1036 5445 1096 5505 132,
1117 5461 1149 5494 66
1169 5445 1288 5509 qomodo
1307 5463 1320 5496 c
1337 5466 1402 5500 corr.
1421 5449 1446 5499 B
1456 5452 1481 5509 3,
1501 5465 1535 5500 66
1553 5448 1595 5500 his
1611 5465 1681 5515 quse
1696 5448 1773 5515 Orip,
1791 5449 1842 5499 nisi
1859 5466 1916 5499 eum

216 5545 244 5585 st
263 5532 293 5584 P.
306 5534 337 5620 de
350 5534 499 5601 binterseld
509 5535 531 5585 b.
542 5554 574 5586 m.
587 5535 625 5585 ito
637 5534 767 5601 leyendunr
778 5543 829 5586 est:
849 5552 882 5586 ex
895 5534 1038 5585 commodo
1052 5528 1123 5598 [eius
1135 5535 1216 5585 fuerit
1229 5538 1337 5589 ausone
1351 5555 1384 5588 66
1397 5533 1461 5601 11161,
1475 5555 1546 5603 quae
1559 5540 1642 5590 revit.
1693 5540 1726 5589 28
1739 5538 1846 5590 volavit
1858 5538 1916 5589 112.

372 5725 402 5808 1)
433 5733 632 5808 Hieronymus,
666 5732 817 5792 Commerst.
849 5734 878 5791 in
910 5733 1105 5805 Ilottlroeutn5
1137 5735 1212 5811 epp.
1236 5736 1301 5806 VII,
1324 5739 1397 5796 242.
1502 5735 1532 5806 2)
1564 5737 1659 5804 Itid.;
1683 5740 1700 5794 ἱ.
1724 5737 1916 5806 11711213.

265 5840 296 5911 3)
322 5839 467 5918 Oriqmcs,
492 5840 527 5898 In
552 5840 670 5898 Leuitici
692 5861 756 5917 cop.
773 5845 815 5900 20
838 5841 951 5899 1666116
976 5845 1029 5908 11;
1060 5839 1134 5917 Opp.
1159 5843 1202 5898 ed.
1227 5841 1363 5900 Basileus
1386 5845 1477 5914 1523,
1502 5844 1613 5918 I,181‚

318 5957 362 6000 bl».
376 5956 476 5997 (tonellis
491 5957 521 5998 11.
1669 5966 1703 6014 9ss
