<?xml version="1.0" encoding="UTF-8"?>
<!DOCTYPE html PUBLIC "-//W3C//DTD XHTML 1.0 Transitional//EN"
    "http://www.w3.org/TR/xhtml1/DTD/xhtml1-transitional.dtd">
<html xmlns="http://www.w3.org/1999/xhtml" xml:lang="en" lang="en">
 <head>
  <title>
</title>
<meta http-equiv="Content-Type" content="text/html;charset=utf-8" />
  <meta name='ocr-system' content='tesseract 3.04.00' />
  <meta name='ocr-capabilities' content='ocr_page ocr_carea ocr_par ocr_line ocrx_word'/>
</head>
<body>
  <div class='ocr_page' id='page_1' title='image "./monumentagerman02gescgoog/monumentagerman02gescgoog_0371.png"; bbox 0 0 4884 6717; ppageno 0'>
   <div class='ocr_carea' id='block_1_1' title="bbox 730 503 1904 570">
    <p class='ocr_par' dir='ltr' id='par_1_1' title="bbox 730 503 1904 570">
     <span class='ocr_line' id='line_1_1' title="bbox 730 503 1904 570; baseline -0.003 0"><span class='ocrx_word' id='word_1_1' title='bbox 730 512 782 570; x_wconf 78' lang='lat'>58.</span> <span class='ocrx_word' id='word_1_2' title='bbox 818 512 1037 569; x_wconf 80' lang='lat' dir='ltr'>CONCILIUM</span> <span class='ocrx_word' id='word_1_3' title='bbox 1061 511 1267 568; x_wconf 84' lang='lat' dir='ltr'><strong>TULLENSE</strong></span> <span class='ocrx_word' id='word_1_4' title='bbox 1291 511 1328 567; x_wconf 75' lang='lat' dir='ltr'>A.</span> <span class='ocrx_word' id='word_1_5' title='bbox 1349 510 1424 567; x_wconf 83' lang='lat'>838.</span> <span class='ocrx_word' id='word_1_6' title='bbox 1839 503 1904 566; x_wconf 82' lang='grc'>783</span> 
     </span>
    </p>
   </div>
   <div class='ocr_carea' id='block_1_2' title="bbox 207 706 1907 5164">
    <p class='ocr_par' dir='ltr' id='par_1_2' title="bbox 248 706 1903 895">
     <span class='ocr_line' id='line_1_2' title="bbox 248 706 1903 784; baseline -0.004 -15"><span class='ocrx_word' id='word_1_7' title='bbox 248 715 382 770; x_wconf 85' lang='lat' dir='ltr'>vitalibus</span> <span class='ocrx_word' id='word_1_8' title='bbox 414 730 544 784; x_wconf 86' lang='lat' dir='ltr'>pascere,</span> <span class='ocrx_word' id='word_1_9' title='bbox 578 712 693 782; x_wconf 87' lang='lat' dir='ltr'>perdita</span> <span class='ocrx_word' id='word_1_10' title='bbox 721 709 902 781; x_wconf 86' lang='lat' dir='ltr'>requirendo,</span> <span class='ocrx_word' id='word_1_11' title='bbox 940 708 1055 764; x_wconf 85' lang='lat' dir='ltr'>abiecta</span> <span class='ocrx_word' id='word_1_12' title='bbox 1084 708 1248 762; x_wconf 87' lang='lat' dir='ltr'>reducendo</span> <span class='ocrx_word' id='word_1_13' title='bbox 1279 713 1309 762; x_wconf 92' lang='lat' dir='ltr'>et</span> <span class='ocrx_word' id='word_1_14' title='bbox 1340 724 1413 778; x_wconf 87' lang='lat' dir='ltr'>quae</span> <span class='ocrx_word' id='word_1_15' title='bbox 1438 707 1537 778; x_wconf 83' lang='lat' dir='ltr'>rigent</span> <span class='ocrx_word' id='word_1_16' title='bbox 1561 706 1716 778; x_wconf 77' lang='lat' dir='ltr'><strong>diligenter</strong></span> <span class='ocrx_word' id='word_1_17' title='bbox 1744 708 1903 776; x_wconf 88' lang='lat' dir='ltr'>educando,</span> 
     </span>
     <span class='ocr_line' id='line_1_3' title="bbox 248 821 408 895; baseline -0.025 -17"><span class='ocrx_word' id='word_1_18' title='bbox 248 821 408 895; x_wconf 88' lang='lat' dir='ltr'>praecepit.</span> 
     </span>
    </p>

    <p class='ocr_par' dir='ltr' id='par_1_3' title="bbox 250 908 1904 1109">
     <span class='ocr_line' id='line_1_4' title="bbox 356 908 1902 997; baseline -0.005 -15"><span class='ocrx_word' id='word_1_19' title='bbox 356 916 499 982; x_wconf 83' lang='lat' dir='ltr'>Proinde</span> <span class='ocrx_word' id='word_1_20' title='bbox 529 923 642 979; x_wconf 91' lang='lat' dir='ltr'>notum</span> <span class='ocrx_word' id='word_1_21' title='bbox 672 936 744 978; x_wconf 90' lang='lat' dir='ltr'>esse</span> <span class='ocrx_word' id='word_1_22' title='bbox 767 913 916 977; x_wconf 78' lang='lat' dir='ltr'>volumus</span> <span class='ocrx_word' id='word_1_23' title='bbox 939 921 1068 975; x_wconf 88' lang='lat' dir='ltr'>vestrae</span> <span class='ocrx_word' id='word_1_24' title='bbox 1093 909 1271 991; x_wconf 81' lang='lat' dir='ltr'>dilectioni,</span> <span class='ocrx_word' id='word_1_25' title='bbox 1303 908 1444 996; x_wconf 74' lang='lat' dir='ltr'><strong>qualiter</strong></span> <span class='ocrx_word' id='word_1_26' title='bbox 1473 908 1588 973; x_wconf 90' lang='lat' dir='ltr'>cellam</span> <span class='ocrx_word' id='word_1_27' title='bbox 1620 911 1725 974; x_wconf 90' lang='lat' dir='ltr'>sancti</span> <span class='ocrx_word' id='word_1_28' title='bbox 1747 910 1831 997; x_wconf 83' lang='lat' dir='ltr'><strong>Apri</strong></span> <span class='ocrx_word' id='word_1_29' title='bbox 1861 909 1902 976; x_wconf 90' lang='lat' dir='ltr'>ab</span> 
     </span>
     <span class='ocr_line' id='line_1_5' title="bbox 250 1015 1904 1109; baseline -0.005 -19"><span class='ocrx_word' id='word_1_30' title='bbox 250 1025 365 1091; x_wconf 83' lang='lat' dir='ltr'>ordine</span> <span class='ocrx_word' id='word_1_31' title='bbox 395 1022 562 1109; x_wconf 84' lang='lat' dir='ltr'>religionis</span> <span class='ocrx_word' id='word_1_32' title='bbox 593 1019 780 1085; x_wconf 89' lang='lat' dir='ltr'>destitutam</span> <span class='ocrx_word' id='word_1_33' title='bbox 811 1017 974 1104; x_wconf 82' lang='lat' dir='ltr'>rebusque</span> <span class='ocrx_word' id='word_1_34' title='bbox 1005 1015 1155 1081; x_wconf 91' lang='lat' dir='ltr'>omnibus</span> <span class='ocrx_word' id='word_1_35' title='bbox 1186 1016 1342 1080; x_wconf 87' lang='lat' dir='ltr'>nudatam</span> <span class='ocrx_word' id='word_1_36' title='bbox 1366 1015 1439 1080; x_wconf 89' lang='lat' dir='ltr'>Deo</span> <span class='ocrx_word' id='word_1_37' title='bbox 1470 1025 1633 1080; x_wconf 89' lang='lat' dir='ltr'>annuente</span> <span class='ocrx_word' id='word_1_38' title='bbox 1664 1039 1703 1081; x_wconf 88' lang='lat' dir='ltr'>ac</span> <span class='ocrx_word' id='word_1_39' title='bbox 1728 1017 1847 1082; x_wconf 92' lang='lat' dir='ltr'>domno</span> <span class='ocrx_word' id='word_1_40' title='bbox 1871 1029 1904 1082; x_wconf 88' lang='lat' dir='ltr'>et</span> 
     </span>
    </p>

    <p class='ocr_par' dir='ltr' id='par_1_4' title="bbox 207 1122 1907 3355">
     <span class='ocr_line' id='line_1_6' title="bbox 218 1122 1903 1220; baseline -0.005 -22"><span class='ocrx_word' id='word_1_41' title='bbox 218 1133 396 1220; x_wconf 84' lang='lat' dir='ltr'>spiissimo</span> <span class='ocrx_word' id='word_1_42' title='bbox 427 1129 596 1193; x_wconf 90' lang='lat' dir='ltr'>Ludovico</span> <span class='ocrx_word' id='word_1_43' title='bbox 627 1126 768 1191; x_wconf 79' lang='lat' dir='ltr'>Caesare</span> <span class='ocrx_word' id='word_1_44' title='bbox 791 1126 941 1211; x_wconf 83' lang='lat' dir='ltr'>Augusto</span> <span class='ocrx_word' id='word_1_45' title='bbox 973 1122 1162 1189; x_wconf 82' lang='lat' dir='ltr'>consulente</span> <span class='ocrx_word' id='word_1_46' title='bbox 1193 1134 1225 1186; x_wconf 90' lang='lat' dir='ltr'>et</span> <span class='ocrx_word' id='word_1_47' title='bbox 1255 1123 1476 1187; x_wconf 77' lang='lat' dir='ltr'>auctorisante</span> <span class='ocrx_word' id='word_1_48' title='bbox 1507 1123 1550 1187; x_wconf 91' lang='lat' dir='ltr'>ad</span> <span class='ocrx_word' id='word_1_49' title='bbox 1580 1122 1740 1210; x_wconf 85' lang='lat' dir='ltr'>regularis</span> <span class='ocrx_word' id='word_1_50' title='bbox 1770 1146 1903 1189; x_wconf 86' lang='lat' dir='ltr'>normae</span> 
     </span>
     <span class='ocr_line' id='line_1_7' title="bbox 250 1227 1904 1322; baseline -0.004 -19"><span class='ocrx_word' id='word_1_51' title='bbox 250 1236 479 1303; x_wconf 84' lang='lat' dir='ltr'>rectitudinem</span> <span class='ocrx_word' id='word_1_52' title='bbox 509 1235 767 1322; x_wconf 85' lang='lat' dir='ltr'>perduxerimus,</span> <span class='ocrx_word' id='word_1_53' title='bbox 799 1232 896 1297; x_wconf 91' lang='lat' dir='ltr'>rebus</span> <span class='ocrx_word' id='word_1_54' title='bbox 929 1230 1123 1318; x_wconf 91' lang='lat' dir='ltr'>quibusdam</span> <span class='ocrx_word' id='word_1_55' title='bbox 1155 1239 1252 1294; x_wconf 90' lang='lat' dir='ltr'>antea</span> <span class='ocrx_word' id='word_1_56' title='bbox 1282 1227 1417 1292; x_wconf 88' lang='lat' dir='ltr'>sublatis</span> <span class='ocrx_word' id='word_1_57' title='bbox 1444 1230 1591 1310; x_wconf 86' lang='lat' dir='ltr'>redditis,</span> <span class='ocrx_word' id='word_1_58' title='bbox 1623 1253 1705 1317; x_wconf 91' lang='lat' dir='ltr'>quas</span> <span class='ocrx_word' id='word_1_59' title='bbox 1729 1232 1826 1295; x_wconf 89' lang='lat' dir='ltr'>etiam</span> <span class='ocrx_word' id='word_1_60' title='bbox 1851 1254 1904 1296; x_wconf 89' lang='lat' dir='ltr'>cu·</span> 
     </span>
     <span class='ocr_line' id='line_1_8' title="bbox 250 1333 1905 1433; baseline -0.004 -24"><span class='ocrx_word' id='word_1_61' title='bbox 250 1346 358 1433; x_wconf 88' lang='lat' dir='ltr'>pimus</span> <span class='ocrx_word' id='word_1_62' title='bbox 386 1343 600 1428; x_wconf 83' lang='lat' dir='ltr'>augmentari,</span> <span class='ocrx_word' id='word_1_63' title='bbox 631 1341 659 1404; x_wconf 93' lang='lat' dir='ltr'>si</span> <span class='ocrx_word' id='word_1_64' title='bbox 689 1340 819 1405; x_wconf 82' lang='lat' dir='ltr'>occasio</span> <span class='ocrx_word' id='word_1_65' title='bbox 850 1361 885 1402; x_wconf 90' lang='lat' dir='ltr'>se</span> <span class='ocrx_word' id='word_1_66' title='bbox 916 1349 993 1425; x_wconf 90' lang='lat' dir='ltr'>apta</span> <span class='ocrx_word' id='word_1_67' title='bbox 1022 1335 1219 1423; x_wconf 78' lang='lat' dir='ltr'>praebuerit</span> <span class='ocrx_word' id='word_1_68' title='bbox 1268 1333 1335 1401; x_wconf 85' lang='lat' dir='ltr'>Sed</span> <span class='ocrx_word' id='word_1_69' title='bbox 1366 1337 1518 1422; x_wconf 90' lang='lat' dir='ltr'>quoniam</span> <span class='ocrx_word' id='word_1_70' title='bbox 1549 1360 1652 1423; x_wconf 87' lang='lat' dir='ltr'>prava</span> <span class='ocrx_word' id='word_1_71' title='bbox 1681 1360 1773 1402; x_wconf 92' lang='lat' dir='ltr'>mens</span> <span class='ocrx_word' id='word_1_72' title='bbox 1805 1337 1905 1402; x_wconf 85' lang='lat' dir='ltr'>semel</span> 
     </span>
     <span class='ocr_line' id='line_1_9' title="bbox 252 1442 1904 1538; baseline -0.005 -21"><span class='ocrx_word' id='word_1_73' title='bbox 252 1463 412 1538; x_wconf 88' lang='lat' dir='ltr'>concepta</span> <span class='ocrx_word' id='word_1_74' title='bbox 434 1448 567 1513; x_wconf 89' lang='lat' dir='ltr'>difficile</span> <span class='ocrx_word' id='word_1_75' title='bbox 591 1447 723 1529; x_wconf 91' lang='lat' dir='ltr'>deserit,</span> <span class='ocrx_word' id='word_1_76' title='bbox 747 1456 894 1532; x_wconf 90' lang='lat' dir='ltr'>raptores</span> <span class='ocrx_word' id='word_1_77' title='bbox 919 1443 1096 1510; x_wconf 90' lang='lat' dir='ltr'>earundem</span> <span class='ocrx_word' id='word_1_78' title='bbox 1119 1465 1227 1506; x_wconf 89' lang='lat' dir='ltr'>rerum</span> <span class='ocrx_word' id='word_1_79' title='bbox 1256 1465 1276 1506; x_wconf 86' lang='lat' dir='ltr'>a</span> <span class='ocrx_word' id='word_1_80' title='bbox 1299 1465 1359 1507; x_wconf 91' lang='lat' dir='ltr'>sua</span> <span class='ocrx_word' id='word_1_81' title='bbox 1382 1442 1560 1530; x_wconf 85' lang='lat' dir='ltr'>cupiditate</span> <span class='ocrx_word' id='word_1_82' title='bbox 1584 1466 1648 1507; x_wconf 92' lang='lat' dir='ltr'>non</span> <span class='ocrx_word' id='word_1_83' title='bbox 1672 1442 1768 1508; x_wconf 84' lang='lat' dir='ltr'>facile</span> <span class='ocrx_word' id='word_1_84' title='bbox 1792 1453 1904 1530; x_wconf 88' lang='lat' dir='ltr'>potue·</span> 
     </span>
     <span class='ocr_line' id='line_1_10' title="bbox 251 1548 1905 1639; baseline -0.007 -16"><span class='ocrx_word' id='word_1_85' title='bbox 251 1569 328 1623; x_wconf 91' lang='lat' dir='ltr'>runt</span> <span class='ocrx_word' id='word_1_86' title='bbox 350 1557 457 1622; x_wconf 85' lang='lat' dir='ltr'>avelli.</span> <span class='ocrx_word' id='word_1_87' title='bbox 504 1554 601 1620; x_wconf 88' lang='lat' dir='ltr'>Unde</span> <span class='ocrx_word' id='word_1_88' title='bbox 625 1551 785 1639; x_wconf 91' lang='lat' dir='ltr'>compulsi</span> <span class='ocrx_word' id='word_1_89' title='bbox 815 1551 966 1616; x_wconf 88' lang='lat' dir='ltr'>monachi</span> <span class='ocrx_word' id='word_1_90' title='bbox 995 1550 1156 1637; x_wconf 82' lang='lat' dir='ltr'>praedicti</span> <span class='ocrx_word' id='word_1_91' title='bbox 1186 1551 1374 1613; x_wconf 89' lang='lat' dir='ltr'>monasterii</span> <span class='ocrx_word' id='word_1_92' title='bbox 1404 1562 1548 1614; x_wconf 88' lang='lat' dir='ltr'>nostram</span> <span class='ocrx_word' id='word_1_93' title='bbox 1579 1548 1730 1614; x_wconf 91' lang='lat' dir='ltr'>adierunt</span> <span class='ocrx_word' id='word_1_94' title='bbox 1752 1571 1905 1636; x_wconf 89' lang='lat' dir='ltr'>praesen·</span> 
     </span>
     <span class='ocr_line' id='line_1_11' title="bbox 209 1654 1905 1748; baseline -0.007 -17"><span class='ocrx_word' id='word_1_95' title='bbox 209 1701 235 1739; x_wconf 80' lang='lat'>10</span> <span class='ocrx_word' id='word_1_96' title='bbox 252 1667 341 1746; x_wconf 90' lang='lat' dir='ltr'>tiam,</span> <span class='ocrx_word' id='word_1_97' title='bbox 372 1666 458 1729; x_wconf 89' lang='lat' dir='ltr'>inter</span> <span class='ocrx_word' id='word_1_98' title='bbox 486 1663 603 1727; x_wconf 89' lang='lat' dir='ltr'>multas</span> <span class='ocrx_word' id='word_1_99' title='bbox 634 1660 852 1748; x_wconf 81' lang='lat' dir='ltr'>querimonias</span> <span class='ocrx_word' id='word_1_100' title='bbox 882 1658 967 1722; x_wconf 90' lang='lat' dir='ltr'>hanc</span> <span class='ocrx_word' id='word_1_101' title='bbox 998 1657 1139 1721; x_wconf 81' lang='lat' dir='ltr'>maxime</span> <span class='ocrx_word' id='word_1_102' title='bbox 1170 1656 1365 1738; x_wconf 85' lang='lat' dir='ltr'>deferentes,</span> <span class='ocrx_word' id='word_1_103' title='bbox 1397 1656 1483 1743; x_wconf 93' lang='lat' dir='ltr'>quod</span> <span class='ocrx_word' id='word_1_104' title='bbox 1514 1655 1556 1720; x_wconf 90' lang='lat' dir='ltr'>ab</span> <span class='ocrx_word' id='word_1_105' title='bbox 1581 1655 1807 1721; x_wconf 86' lang='lat' dir='ltr'>adiacentibus</span> <span class='ocrx_word' id='word_1_106' title='bbox 1831 1654 1905 1720; x_wconf 92' lang='lat' dir='ltr'>sub·</span> 
     </span>
     <span class='ocr_line' id='line_1_12' title="bbox 252 1762 1906 1856; baseline -0.007 -19"><span class='ocrx_word' id='word_1_107' title='bbox 252 1772 385 1838; x_wconf 89' lang='lat' dir='ltr'>urbanis</span> <span class='ocrx_word' id='word_1_108' title='bbox 416 1770 579 1856; x_wconf 90' lang='lat' dir='ltr'>parochiis</span> <span class='ocrx_word' id='word_1_109' title='bbox 603 1766 860 1846; x_wconf 83' lang='lat' dir='ltr'>molestarentur,</span> <span class='ocrx_word' id='word_1_110' title='bbox 884 1763 1068 1829; x_wconf 85' lang='lat' dir='ltr'>volentibus</span> <span class='ocrx_word' id='word_1_111' title='bbox 1091 1762 1297 1849; x_wconf 87' lang='lat' dir='ltr'>parrochiam</span> <span class='ocrx_word' id='word_1_112' title='bbox 1322 1763 1482 1828; x_wconf 89' lang='lat' dir='ltr'>ecclesiae</span> <span class='ocrx_word' id='word_1_113' title='bbox 1507 1765 1611 1828; x_wconf 88' lang='lat' dir='ltr'>sancti</span> <span class='ocrx_word' id='word_1_114' title='bbox 1635 1764 1808 1827; x_wconf 84' lang='lat' dir='ltr'>Maximini</span> <span class='ocrx_word' id='word_1_115' title='bbox 1831 1773 1906 1827; x_wconf 88' lang='lat' dir='ltr'>ante</span> 
     </span>
     <span class='ocr_line' id='line_1_13' title="bbox 253 1869 1904 1965; baseline -0.007 -21"><span class='ocrx_word' id='word_1_116' title='bbox 253 1880 339 1944; x_wconf 87' lang='lat' dir='ltr'>fores</span> <span class='ocrx_word' id='word_1_117' title='bbox 362 1879 464 1965; x_wconf 90' lang='lat' dir='ltr'>ipsius</span> <span class='ocrx_word' id='word_1_118' title='bbox 487 1875 675 1941; x_wconf 90' lang='lat' dir='ltr'>monasterii</span> <span class='ocrx_word' id='word_1_119' title='bbox 698 1873 835 1960; x_wconf 86' lang='lat' dir='ltr'>positae,</span> <span class='ocrx_word' id='word_1_120' title='bbox 859 1894 880 1935; x_wconf 88' lang='lat' dir='ltr'>a</span> <span class='ocrx_word' id='word_1_121' title='bbox 902 1870 996 1936; x_wconf 90' lang='lat' dir='ltr'>nobis</span> <span class='ocrx_word' id='word_1_122' title='bbox 1020 1881 1128 1934; x_wconf 89' lang='lat' dir='ltr'>autem</span> <span class='ocrx_word' id='word_1_123' title='bbox 1148 1869 1254 1933; x_wconf 89' lang='lat' dir='ltr'>eidem</span> <span class='ocrx_word' id='word_1_124' title='bbox 1270 1869 1342 1935; x_wconf 89' lang='lat' dir='ltr'>loco</span> <span class='ocrx_word' id='word_1_125' title='bbox 1360 1893 1433 1934; x_wconf 91' lang='lat' dir='ltr'>cnm</span> <span class='ocrx_word' id='word_1_126' title='bbox 1450 1870 1516 1933; x_wconf 92' lang='lat' dir='ltr'>suis</span> <span class='ocrx_word' id='word_1_127' title='bbox 1533 1870 1729 1956; x_wconf 90' lang='lat' dir='ltr'>appenditiis</span> <span class='ocrx_word' id='word_1_128' title='bbox 1745 1869 1904 1950; x_wconf 87' lang='lat' dir='ltr'>redditae,</span> 
     </span>
     <span class='ocr_line' id='line_1_14' title="bbox 253 1974 1906 2068; baseline -0.007 -18"><span class='ocrx_word' id='word_1_129' title='bbox 253 2010 273 2050; x_wconf 89' lang='lat' dir='ltr'>a</span> <span class='ocrx_word' id='word_1_130' title='bbox 295 1985 441 2051; x_wconf 90' lang='lat' dir='ltr'>terminis</span> <span class='ocrx_word' id='word_1_131' title='bbox 466 1982 643 2068; x_wconf 88' lang='lat' dir='ltr'>antiquitus</span> <span class='ocrx_word' id='word_1_132' title='bbox 667 1980 848 2045; x_wconf 89' lang='lat' dir='ltr'>constitutis</span> <span class='ocrx_word' id='word_1_133' title='bbox 872 1977 1066 2042; x_wconf 84' lang='lat' dir='ltr'>detruncare</span> <span class='ocrx_word' id='word_1_134' title='bbox 1091 1985 1124 2040; x_wconf 92' lang='lat' dir='ltr'>et</span> <span class='ocrx_word' id='word_1_135' title='bbox 1145 1976 1378 2062; x_wconf 86' lang='lat' dir='ltr'>parrochianos</span> <span class='ocrx_word' id='word_1_136' title='bbox 1403 1977 1472 2041; x_wconf 88' lang='lat' dir='ltr'>eius</span> <span class='ocrx_word' id='word_1_137' title='bbox 1492 1978 1558 2040; x_wconf 90' lang='lat' dir='ltr'>suis</span> <span class='ocrx_word' id='word_1_138' title='bbox 1582 1974 1766 2063; x_wconf 87' lang='lat' dir='ltr'>quibusque</span> <span class='ocrx_word' id='word_1_139' title='bbox 1786 1974 1906 2040; x_wconf 88' lang='lat' dir='ltr'>finibus</span> 
     </span>
     <span class='ocr_line' id='line_1_15' title="bbox 253 2080 1906 2180; baseline -0.007 -23"><span class='ocrx_word' id='word_1_140' title='bbox 253 2092 429 2180; x_wconf 88' lang='lat' dir='ltr'>applicare.</span> <span class='ocrx_word' id='word_1_141' title='bbox 465 2089 572 2170; x_wconf 83' lang='lat' dir='ltr'>Quam</span> <span class='ocrx_word' id='word_1_142' title='bbox 596 2110 707 2152; x_wconf 89' lang='lat' dir='ltr'>eornm</span> <span class='ocrx_word' id='word_1_143' title='bbox 732 2086 968 2172; x_wconf 88' lang='lat' dir='ltr'>querimoniam</span> <span class='ocrx_word' id='word_1_144' title='bbox 992 2083 1034 2148; x_wconf 91' lang='lat' dir='ltr'>ad</span> <span class='ocrx_word' id='word_1_145' title='bbox 1058 2082 1220 2169; x_wconf 87' lang='lat' dir='ltr'>synodum</span> <span class='ocrx_word' id='word_1_146' title='bbox 1243 2081 1421 2146; x_wconf 89' lang='lat' dir='ltr'>referentes</span> <span class='ocrx_word' id='word_1_147' title='bbox 1447 2093 1479 2145; x_wconf 92' lang='lat' dir='ltr'>et</span> <span class='ocrx_word' id='word_1_148' title='bbox 1494 2080 1656 2146; x_wconf 90' lang='lat' dir='ltr'>subtiliter</span> <span class='ocrx_word' id='word_1_149' title='bbox 1671 2083 1906 2168; x_wconf 82' lang='lat' dir='ltr'>investigantes</span> 
     </span>
     <span class='ocr_line' id='line_1_16' title="bbox 209 2186 1906 2276; baseline -0.008 -11"><span class='ocrx_word' id='word_1_150' title='bbox 209 2233 236 2272; x_wconf 63' lang='grc' dir='ltr'>ιθ</span> <span class='ocrx_word' id='word_1_151' title='bbox 253 2199 437 2265; x_wconf 89' lang='lat' dir='ltr'>testimonio</span> <span class='ocrx_word' id='word_1_152' title='bbox 472 2196 662 2276; x_wconf 90' lang='lat' dir='ltr'>multorum,</span> <span class='ocrx_word' id='word_1_153' title='bbox 701 2203 767 2257; x_wconf 86' lang='lat' dir='ltr'>tam</span> <span class='ocrx_word' id='word_1_154' title='bbox 803 2190 995 2256; x_wconf 89' lang='lat' dir='ltr'>clericorum</span> <span class='ocrx_word' id='word_1_155' title='bbox 1031 2213 1128 2276; x_wconf 88' lang='lat' dir='ltr'>quam</span> <span class='ocrx_word' id='word_1_156' title='bbox 1163 2189 1337 2270; x_wconf 87' lang='lat' dir='ltr'>laicomm,</span> <span class='ocrx_word' id='word_1_157' title='bbox 1374 2191 1429 2275; x_wconf 90' lang='lat' dir='ltr'>qui</span> <span class='ocrx_word' id='word_1_158' title='bbox 1464 2190 1664 2276; x_wconf 88' lang='lat' dir='ltr'>antiquiores</span> <span class='ocrx_word' id='word_1_159' title='bbox 1699 2186 1906 2270; x_wconf 89' lang='lat' dir='ltr'>videbantur,</span> 
     </span>
     <span class='ocr_line' id='line_1_17' title="bbox 253 2294 1905 2394; baseline -0.007 -23"><span class='ocrx_word' id='word_1_160' title='bbox 253 2306 456 2394; x_wconf 90' lang='lat' dir='ltr'>repperimus</span> <span class='ocrx_word' id='word_1_161' title='bbox 486 2301 687 2390; x_wconf 89' lang='lat' dir='ltr'>praedictam</span> <span class='ocrx_word' id='word_1_162' title='bbox 709 2298 879 2363; x_wconf 87' lang='lat' dir='ltr'>basilicam</span> <span class='ocrx_word' id='word_1_163' title='bbox 909 2296 970 2361; x_wconf 89' lang='lat' dir='ltr'>sub</span> <span class='ocrx_word' id='word_1_164' title='bbox 997 2296 1089 2362; x_wconf 91' lang='lat' dir='ltr'>titulo</span> <span class='ocrx_word' id='word_1_165' title='bbox 1119 2297 1264 2360; x_wconf 86' lang='lat' dir='ltr'>matricis</span> <span class='ocrx_word' id='word_1_166' title='bbox 1287 2294 1447 2360; x_wconf 89' lang='lat' dir='ltr'>ecclesiae</span> <span class='ocrx_word' id='word_1_167' title='bbox 1471 2297 1649 2382; x_wconf 90' lang='lat' dir='ltr'>antiquitus</span> <span class='ocrx_word' id='word_1_168' title='bbox 1672 2307 1905 2359; x_wconf 88' lang='lat' dir='ltr'>consecratam.</span> 
     </span>
     <span class='ocr_line' id='line_1_18' title="bbox 254 2401 1907 2495; baseline -0.008 -16"><span class='ocrx_word' id='word_1_169' title='bbox 254 2414 320 2495; x_wconf 82' lang='lat' dir='ltr'>Qui</span> <span class='ocrx_word' id='word_1_170' title='bbox 350 2414 448 2476; x_wconf 88' lang='lat' dir='ltr'>etiam</span> <span class='ocrx_word' id='word_1_171' title='bbox 479 2433 552 2474; x_wconf 89' lang='lat' dir='ltr'>cnm</span> <span class='ocrx_word' id='word_1_172' title='bbox 585 2417 787 2472; x_wconf 89' lang='lat' dir='ltr'>sacramento</span> <span class='ocrx_word' id='word_1_173' title='bbox 817 2403 1040 2493; x_wconf 87' lang='lat' dir='ltr'>probaverunt</span> <span class='ocrx_word' id='word_1_174' title='bbox 1071 2425 1105 2467; x_wconf 89' lang='lat' dir='ltr'>se</span> <span class='ocrx_word' id='word_1_175' title='bbox 1137 2404 1300 2467; x_wconf 85' lang='lat' dir='ltr'>veraciter</span> <span class='ocrx_word' id='word_1_176' title='bbox 1329 2404 1413 2466; x_wconf 91' lang='lat' dir='ltr'>scire</span> <span class='ocrx_word' id='word_1_177' title='bbox 1443 2404 1548 2490; x_wconf 90' lang='lat' dir='ltr'>ipsam</span> <span class='ocrx_word' id='word_1_178' title='bbox 1583 2401 1789 2489; x_wconf 87' lang='lat' dir='ltr'>parrochiam</span> <span class='ocrx_word' id='word_1_179' title='bbox 1822 2401 1907 2465; x_wconf 84' lang='lat' dir='ltr'>infra</span> 
     </span>
     <span class='ocr_line' id='line_1_19' title="bbox 253 2507 1907 2602; baseline -0.008 -17"><span class='ocrx_word' id='word_1_180' title='bbox 253 2517 445 2585; x_wconf 91' lang='lat' dir='ltr'>suburbium</span> <span class='ocrx_word' id='word_1_181' title='bbox 468 2538 488 2580; x_wconf 90' lang='lat' dir='ltr'>a</span> <span class='ocrx_word' id='word_1_182' title='bbox 511 2515 627 2602; x_wconf 89' lang='lat' dir='ltr'>priscis</span> <span class='ocrx_word' id='word_1_183' title='bbox 657 2511 858 2600; x_wconf 88' lang='lat' dir='ltr'>temporibus</span> <span class='ocrx_word' id='word_1_184' title='bbox 889 2513 936 2575; x_wconf 92' lang='lat' dir='ltr'>ita</span> <span class='ocrx_word' id='word_1_185' title='bbox 965 2510 1223 2590; x_wconf 90' lang='lat' dir='ltr'>determinatam,</span> <span class='ocrx_word' id='word_1_186' title='bbox 1256 2519 1292 2574; x_wconf 92' lang='lat' dir='ltr'>ut</span> <span class='ocrx_word' id='word_1_187' title='bbox 1314 2531 1334 2574; x_wconf 90' lang='lat' dir='ltr'>a</span> <span class='ocrx_word' id='word_1_188' title='bbox 1356 2511 1457 2573; x_wconf 88' lang='lat' dir='ltr'>muris</span> <span class='ocrx_word' id='word_1_189' title='bbox 1487 2508 1578 2573; x_wconf 90' lang='lat' dir='ltr'>urbis</span> <span class='ocrx_word' id='word_1_190' title='bbox 1602 2519 1635 2573; x_wconf 88' lang='lat' dir='ltr'>et</span> <span class='ocrx_word' id='word_1_191' title='bbox 1656 2518 1751 2594; x_wconf 86' lang='lat' dir='ltr'>porta</span> <span class='ocrx_word' id='word_1_192' title='bbox 1773 2507 1907 2572; x_wconf 87' lang='lat' dir='ltr'>australi</span> 
     </span>
     <span class='ocr_line' id='line_1_20' title="bbox 253 2614 1906 2714; baseline -0.008 -21"><span class='ocrx_word' id='word_1_193' title='bbox 253 2640 351 2714; x_wconf 88' lang='lat' dir='ltr'>atque</span> <span class='ocrx_word' id='word_1_194' title='bbox 375 2648 395 2690; x_wconf 89' lang='lat' dir='ltr'>a</span> <span class='ocrx_word' id='word_1_195' title='bbox 417 2623 549 2689; x_wconf 89' lang='lat' dir='ltr'>fluviolo</span> <span class='ocrx_word' id='word_1_196' title='bbox 565 2622 761 2707; x_wconf 84' lang='lat' dir='ltr'>Lingruscia</span> <span class='ocrx_word' id='word_1_197' title='bbox 771 2625 791 2702; x_wconf 95' lang='lat'>¹,</span> <span class='ocrx_word' id='word_1_198' title='bbox 816 2621 872 2705; x_wconf 91' lang='lat' dir='ltr'>qui</span> <span class='ocrx_word' id='word_1_199' title='bbox 895 2618 1040 2682; x_wconf 89' lang='lat' dir='ltr'>medium</span> <span class='ocrx_word' id='word_1_200' title='bbox 1064 2614 1255 2680; x_wconf 90' lang='lat' dir='ltr'>suburbium</span> <span class='ocrx_word' id='word_1_201' title='bbox 1280 2615 1432 2697; x_wconf 90' lang='lat' dir='ltr'>interluit,</span> <span class='ocrx_word' id='word_1_202' title='bbox 1458 2615 1617 2702; x_wconf 92' lang='lat' dir='ltr'>quidquid</span> <span class='ocrx_word' id='word_1_203' title='bbox 1636 2615 1697 2679; x_wconf 89' lang='lat' dir='ltr'>bac</span> <span class='ocrx_word' id='word_1_204' title='bbox 1721 2626 1807 2679; x_wconf 88' lang='lat' dir='ltr'>mota</span> <span class='ocrx_word' id='word_1_205' title='bbox 1831 2637 1906 2680; x_wconf 90' lang='lat' dir='ltr'>eon-</span> 
     </span>
     <span class='ocr_line' id='line_1_21' title="bbox 208 2720 1905 2818; baseline -0.011 -14"><span class='ocrx_word' id='word_1_206' title='bbox 208 2766 236 2806; x_wconf 85' lang='lat' dir='ltr'>so</span> <span class='ocrx_word' id='word_1_207' title='bbox 254 2735 395 2801; x_wconf 89' lang='lat' dir='ltr'>cluditur</span> <span class='ocrx_word' id='word_1_208' title='bbox 416 2753 520 2818; x_wconf 91' lang='lat' dir='ltr'>usque</span> <span class='ocrx_word' id='word_1_209' title='bbox 545 2728 586 2793; x_wconf 88' lang='lat' dir='ltr'>ad</span> <span class='ocrx_word' id='word_1_210' title='bbox 610 2750 769 2792; x_wconf 90' lang='lat' dir='ltr'>summum</span> <span class='ocrx_word' id='word_1_211' title='bbox 793 2726 859 2790; x_wconf 86' lang='lat' dir='ltr'>vici</span> <span class='ocrx_word' id='word_1_212' title='bbox 883 2726 986 2789; x_wconf 89' lang='lat' dir='ltr'>sancti</span> <span class='ocrx_word' id='word_1_213' title='bbox 1010 2723 1102 2810; x_wconf 83' lang='lat' dir='ltr'>Apri,</span> <span class='ocrx_word' id='word_1_214' title='bbox 1134 2721 1321 2808; x_wconf 86' lang='lat' dir='ltr'>praedictae</span> <span class='ocrx_word' id='word_1_215' title='bbox 1345 2723 1473 2787; x_wconf 90' lang='lat' dir='ltr'>matrici</span> <span class='ocrx_word' id='word_1_216' title='bbox 1497 2720 1657 2786; x_wconf 85' lang='lat' dir='ltr'>ecclesiae</span> <span class='ocrx_word' id='word_1_217' title='bbox 1681 2743 1771 2786; x_wconf 91' lang='lat' dir='ltr'>more</span> <span class='ocrx_word' id='word_1_218' title='bbox 1795 2743 1905 2808; x_wconf 88' lang='lat' dir='ltr'>parro-</span> 
     </span>
     <span class='ocr_line' id='line_1_22' title="bbox 254 2827 1907 2925; baseline -0.009 -18"><span class='ocrx_word' id='word_1_219' title='bbox 254 2841 350 2907; x_wconf 90' lang='lat' dir='ltr'>chiali</span> <span class='ocrx_word' id='word_1_220' title='bbox 374 2838 523 2925; x_wconf 85' lang='lat' dir='ltr'>legaliter</span> <span class='ocrx_word' id='word_1_221' title='bbox 545 2836 615 2899; x_wconf 87' lang='lat' dir='ltr'>sine</span> <span class='ocrx_word' id='word_1_222' title='bbox 639 2832 841 2919; x_wconf 90' lang='lat' dir='ltr'>praeiudicio</span> <span class='ocrx_word' id='word_1_223' title='bbox 865 2831 949 2895; x_wconf 87' lang='lat' dir='ltr'>foret</span> <span class='ocrx_word' id='word_1_224' title='bbox 972 2830 1165 2910; x_wconf 88' lang='lat' dir='ltr'>subiectum,</span> <span class='ocrx_word' id='word_1_225' title='bbox 1195 2850 1235 2892; x_wconf 90' lang='lat' dir='ltr'>ea</span> <span class='ocrx_word' id='word_1_226' title='bbox 1258 2839 1367 2893; x_wconf 90' lang='lat' dir='ltr'>tamen</span> <span class='ocrx_word' id='word_1_227' title='bbox 1390 2828 1463 2915; x_wconf 89' lang='lat' dir='ltr'>lege</span> <span class='ocrx_word' id='word_1_228' title='bbox 1486 2840 1531 2910; x_wconf 90' lang='lat' dir='ltr'>ut,</span> <span class='ocrx_word' id='word_1_229' title='bbox 1563 2829 1590 2891; x_wconf 92' lang='lat' dir='ltr'>si</span> <span class='ocrx_word' id='word_1_230' title='bbox 1613 2828 1677 2914; x_wconf 93' lang='lat' dir='ltr'>ipsi</span> <span class='ocrx_word' id='word_1_231' title='bbox 1699 2827 1907 2915; x_wconf 92' lang='lat' dir='ltr'>parrochiani</span> 
     </span>
     <span class='ocr_line' id='line_1_23' title="bbox 254 2933 1905 3027; baseline -0.008 -14"><span class='ocrx_word' id='word_1_232' title='bbox 254 2948 295 3013; x_wconf 91' lang='lat' dir='ltr'>de</span> <span class='ocrx_word' id='word_1_233' title='bbox 325 2960 413 3012; x_wconf 89' lang='lat' dir='ltr'>terra</span> <span class='ocrx_word' id='word_1_234' title='bbox 443 2944 547 3008; x_wconf 90' lang='lat' dir='ltr'>sancti</span> <span class='ocrx_word' id='word_1_235' title='bbox 571 2940 728 3027; x_wconf 88' lang='lat' dir='ltr'>Stephani</span> <span class='ocrx_word' id='word_1_236' title='bbox 758 2938 882 3025; x_wconf 87' lang='lat' dir='ltr'>aliquid</span> <span class='ocrx_word' id='word_1_237' title='bbox 912 2949 1005 3002; x_wconf 81' lang='lat' dir='ltr'>extra</span> <span class='ocrx_word' id='word_1_238' title='bbox 1034 2935 1243 3023; x_wconf 87' lang='lat' dir='ltr'>praefinitum</span> <span class='ocrx_word' id='word_1_239' title='bbox 1273 2936 1444 2999; x_wconf 88' lang='lat' dir='ltr'>terminum</span> <span class='ocrx_word' id='word_1_240' title='bbox 1476 2934 1674 3017; x_wconf 87' lang='lat' dir='ltr'>excolerent,</span> <span class='ocrx_word' id='word_1_241' title='bbox 1706 2933 1749 2998; x_wconf 91' lang='lat' dir='ltr'>ad</span> <span class='ocrx_word' id='word_1_242' title='bbox 1779 2934 1905 2999; x_wconf 90' lang='lat' dir='ltr'>titulum</span> 
     </span>
     <span class='ocr_line' id='line_1_24' title="bbox 254 3039 1905 3128; baseline -0.011 -7"><span class='ocrx_word' id='word_1_243' title='bbox 254 3056 359 3120; x_wconf 91' lang='lat' dir='ltr'>sancti</span> <span class='ocrx_word' id='word_1_244' title='bbox 374 3052 529 3118; x_wconf 90' lang='lat' dir='ltr'>Iohannis</span> <span class='ocrx_word' id='word_1_245' title='bbox 546 3047 690 3113; x_wconf 89' lang='lat' dir='ltr'>debitam</span> <span class='ocrx_word' id='word_1_246' title='bbox 706 3046 958 3110; x_wconf 88' lang='lat' dir='ltr'>decimationem</span> <span class='ocrx_word' id='word_1_247' title='bbox 973 3042 1159 3120; x_wconf 89' lang='lat' dir='ltr'>redderent,</span> <span class='ocrx_word' id='word_1_248' title='bbox 1184 3051 1278 3106; x_wconf 85' lang='lat' dir='ltr'>extra</span> <span class='ocrx_word' id='word_1_249' title='bbox 1294 3039 1484 3106; x_wconf 88' lang='lat' dir='ltr'>suburbium</span> <span class='ocrx_word' id='word_1_250' title='bbox 1500 3053 1620 3122; x_wconf 88' lang='lat' dir='ltr'>autem,</span> <span class='ocrx_word' id='word_1_251' title='bbox 1644 3041 1723 3128; x_wconf 89' lang='lat' dir='ltr'>qnia</span> <span class='ocrx_word' id='word_1_252' title='bbox 1741 3040 1905 3126; x_wconf 77' lang='lat' dir='ltr'>legitimae</span> 
     </span>
     <span class='ocr_line' id='line_1_25' title="bbox 253 3147 1907 3239; baseline -0.01 -12"><span class='ocrx_word' id='word_1_253' title='bbox 253 3159 540 3227; x_wconf 88' lang='lat' dir='ltr'>determinationes</span> <span class='ocrx_word' id='word_1_254' title='bbox 564 3154 692 3220; x_wconf 91' lang='lat' dir='ltr'>definiri</span> <span class='ocrx_word' id='word_1_255' title='bbox 715 3176 780 3217; x_wconf 93' lang='lat' dir='ltr'>non</span> <span class='ocrx_word' id='word_1_256' title='bbox 804 3161 963 3239; x_wconf 90' lang='lat' dir='ltr'>poterant,</span> <span class='ocrx_word' id='word_1_257' title='bbox 987 3148 1184 3236; x_wconf 89' lang='lat' dir='ltr'>ubicumque</span> <span class='ocrx_word' id='word_1_258' title='bbox 1201 3172 1261 3213; x_wconf 88' lang='lat' dir='ltr'>sua</span> <span class='ocrx_word' id='word_1_259' title='bbox 1277 3149 1464 3235; x_wconf 87' lang='lat' dir='ltr'>proveniret</span> <span class='ocrx_word' id='word_1_260' title='bbox 1478 3171 1565 3235; x_wconf 89' lang='lat' dir='ltr'>pars,</span> <span class='ocrx_word' id='word_1_261' title='bbox 1597 3150 1667 3212; x_wconf 93' lang='lat' dir='ltr'>sine</span> <span class='ocrx_word' id='word_1_262' title='bbox 1683 3147 1907 3212; x_wconf 85' lang='lat' dir='ltr'>controversia</span> 
     </span>
     <span class='ocr_line' id='line_1_26' title="bbox 207 3270 428 3355; baseline -0.045 -15"><span class='ocrx_word' id='word_1_263' title='bbox 207 3299 235 3340; x_wconf 85' lang='lat' dir='ltr'>ss</span> <span class='ocrx_word' id='word_1_264' title='bbox 253 3270 428 3355; x_wconf 79' lang='lat' dir='ltr'>acciperet.</span> 
     </span>
    </p>

    <p class='ocr_par' dir='ltr' id='par_1_5' title="bbox 254 3360 1907 3780">
     <span class='ocr_line' id='line_1_27' title="bbox 361 3360 1906 3457; baseline -0.01 -19"><span class='ocrx_word' id='word_1_265' title='bbox 361 3374 434 3438; x_wconf 90' lang='lat' dir='ltr'>Hoc</span> <span class='ocrx_word' id='word_1_266' title='bbox 465 3393 542 3457; x_wconf 86' lang='lat' dir='ltr'>ergo</span> <span class='ocrx_word' id='word_1_267' title='bbox 570 3368 765 3446; x_wconf 89' lang='lat' dir='ltr'>testimoni0,</span> <span class='ocrx_word' id='word_1_268' title='bbox 796 3365 931 3450; x_wconf 89' lang='lat' dir='ltr'>ancipiti</span> <span class='ocrx_word' id='word_1_269' title='bbox 962 3362 1111 3427; x_wconf 87' lang='lat' dir='ltr'>submota</span> <span class='ocrx_word' id='word_1_270' title='bbox 1141 3362 1312 3444; x_wconf 88' lang='lat' dir='ltr'>sententia,</span> <span class='ocrx_word' id='word_1_271' title='bbox 1343 3360 1548 3425; x_wconf 89' lang='lat' dir='ltr'>decernimus</span> <span class='ocrx_word' id='word_1_272' title='bbox 1579 3371 1612 3424; x_wconf 90' lang='lat' dir='ltr'>et</span> <span class='ocrx_word' id='word_1_273' title='bbox 1635 3360 1785 3425; x_wconf 87' lang='lat' dir='ltr'>consultu</span> <span class='ocrx_word' id='word_1_274' title='bbox 1807 3360 1906 3424; x_wconf 89' lang='lat' dir='ltr'>totins</span> 
     </span>
     <span class='ocr_line' id='line_1_28' title="bbox 254 3465 1905 3570; baseline -0.01 -23"><span class='ocrx_word' id='word_1_275' title='bbox 254 3481 371 3570; x_wconf 80' lang='lat' dir='ltr'>synodi</span> <span class='ocrx_word' id='word_1_276' title='bbox 395 3480 576 3559; x_wconf 88' lang='lat' dir='ltr'>statuimus,</span> <span class='ocrx_word' id='word_1_277' title='bbox 606 3486 642 3542; x_wconf 90' lang='lat' dir='ltr'>ut</span> <span class='ocrx_word' id='word_1_278' title='bbox 665 3471 845 3538; x_wconf 88' lang='lat' dir='ltr'>secundum</span> <span class='ocrx_word' id='word_1_279' title='bbox 872 3468 1054 3558; x_wconf 85' lang='lat' dir='ltr'>praefixum</span> <span class='ocrx_word' id='word_1_280' title='bbox 1077 3470 1250 3533; x_wconf 88' lang='lat' dir='ltr'>terminum</span> <span class='ocrx_word' id='word_1_281' title='bbox 1272 3467 1443 3555; x_wconf 87' lang='lat' dir='ltr'>praedicta</span> <span class='ocrx_word' id='word_1_282' title='bbox 1466 3467 1605 3532; x_wconf 90' lang='lat' dir='ltr'>ecclesia</span> <span class='ocrx_word' id='word_1_283' title='bbox 1628 3468 1678 3533; x_wconf 91' lang='lat' dir='ltr'>ius</span> <span class='ocrx_word' id='word_1_284' title='bbox 1703 3465 1905 3553; x_wconf 88' lang='lat' dir='ltr'>parrochiale</span> 
     </span>
     <span class='ocr_line' id='line_1_29' title="bbox 254 3571 1907 3676; baseline -0.011 -22"><span class='ocrx_word' id='word_1_285' title='bbox 254 3592 288 3653; x_wconf 91' lang='lat' dir='ltr'>in</span> <span class='ocrx_word' id='word_1_286' title='bbox 311 3599 469 3676; x_wconf 87' lang='lat' dir='ltr'>perpetuo</span> <span class='ocrx_word' id='word_1_287' title='bbox 493 3583 667 3672; x_wconf 83' lang='lat' dir='ltr'>possideat</span> <span class='ocrx_word' id='word_1_288' title='bbox 704 3580 923 3645; x_wconf 91' lang='lat' dir='ltr'>Obsecramus</span> <span class='ocrx_word' id='word_1_289' title='bbox 947 3587 1055 3641; x_wconf 91' lang='lat' dir='ltr'>antem</span> <span class='ocrx_word' id='word_1_290' title='bbox 1074 3598 1113 3640; x_wconf 92' lang='lat' dir='ltr'>ac</span> <span class='ocrx_word' id='word_1_291' title='bbox 1129 3574 1191 3640; x_wconf 92' lang='grc' dir='ltr'>θιὼ</span> <span class='ocrx_word' id='word_1_292' title='bbox 1207 3576 1414 3639; x_wconf 90' lang='lat' dir='ltr'>invocatione</span> <span class='ocrx_word' id='word_1_293' title='bbox 1431 3575 1569 3639; x_wconf 89' lang='lat' dir='ltr'>nominis</span> <span class='ocrx_word' id='word_1_294' title='bbox 1586 3574 1690 3638; x_wconf 87' lang='lat' dir='ltr'>divini</span> <span class='ocrx_word' id='word_1_295' title='bbox 1706 3571 1907 3637; x_wconf 90' lang='lat' dir='ltr'>obtestamur</span> 
     </span>
     <span class='ocr_line' id='line_1_30' title="bbox 254 3679 1905 3780; baseline -0.01 -20"><span class='ocrx_word' id='word_1_296' title='bbox 254 3715 517 3780; x_wconf 88' lang='lat' dir='ltr'>unumquemque</span> <span class='ocrx_word' id='word_1_297' title='bbox 542 3690 721 3755; x_wconf 89' lang='lat' dir='ltr'>antistitum</span> <span class='ocrx_word' id='word_1_298' title='bbox 751 3706 975 3751; x_wconf 90' lang='lat' dir='ltr'>successorum</span> <span class='ocrx_word' id='word_1_299' title='bbox 999 3693 1192 3764; x_wconf 86' lang='lat' dir='ltr'>nostrorum,</span> <span class='ocrx_word' id='word_1_300' title='bbox 1223 3703 1264 3746; x_wconf 90' lang='lat' dir='ltr'>ne</span> <span class='ocrx_word' id='word_1_301' title='bbox 1295 3683 1329 3746; x_wconf 88' lang='lat' dir='ltr'>in</span> <span class='ocrx_word' id='word_1_302' title='bbox 1353 3681 1462 3768; x_wconf 90' lang='lat' dir='ltr'>aliquo</span> <span class='ocrx_word' id='word_1_303' title='bbox 1485 3679 1686 3768; x_wconf 88' lang='lat' dir='ltr'>praedictam</span> <span class='ocrx_word' id='word_1_304' title='bbox 1709 3679 1905 3744; x_wconf 89' lang='lat' dir='ltr'>determina·</span> 
     </span>
    </p>

    <p class='ocr_par' dir='ltr' id='par_1_6' title="bbox 208 3787 1907 4403">
     <span class='ocr_line' id='line_1_31' title="bbox 208 3787 1905 3884; baseline -0.012 -14"><span class='ocrx_word' id='word_1_305' title='bbox 208 3804 377 3872; x_wconf 86' lang='lat' dir='ltr'>sotionem</span> <span class='ocrx_word' id='word_1_306' title='bbox 399 3798 516 3864; x_wconf 88' lang='lat' dir='ltr'>violari</span> <span class='ocrx_word' id='word_1_307' title='bbox 539 3797 689 3884; x_wconf 91' lang='lat' dir='ltr'>patiatur,</span> <span class='ocrx_word' id='word_1_308' title='bbox 714 3802 758 3875; x_wconf 92' lang='lat' dir='ltr'>ut,</span> <span class='ocrx_word' id='word_1_309' title='bbox 783 3792 860 3857; x_wconf 89' lang='lat' dir='ltr'>dum</span> <span class='ocrx_word' id='word_1_310' title='bbox 884 3791 1047 3877; x_wconf 87' lang='lat' dir='ltr'>particeps</span> <span class='ocrx_word' id='word_1_311' title='bbox 1070 3790 1107 3854; x_wconf 86' lang='lat' dir='ltr'>fit</span> <span class='ocrx_word' id='word_1_312' title='bbox 1129 3800 1259 3853; x_wconf 88' lang='lat' dir='ltr'>nostrae</span> <span class='ocrx_word' id='word_1_313' title='bbox 1283 3787 1389 3853; x_wconf 89' lang='lat' dir='ltr'>bonae</span> <span class='ocrx_word' id='word_1_314' title='bbox 1405 3788 1590 3869; x_wconf 89' lang='lat' dir='ltr'>voluntatis,</span> <span class='ocrx_word' id='word_1_315' title='bbox 1615 3789 1657 3851; x_wconf 88' lang='lat' dir='ltr'>sit</span> <span class='ocrx_word' id='word_1_316' title='bbox 1672 3798 1705 3852; x_wconf 89' lang='lat' dir='ltr'>et</span> <span class='ocrx_word' id='word_1_317' title='bbox 1720 3809 1905 3852; x_wconf 90' lang='lat' dir='ltr'>remunera·</span> 
     </span>
     <span class='ocr_line' id='line_1_32' title="bbox 254 3893 1905 3992; baseline -0.01 -18"><span class='ocrx_word' id='word_1_318' title='bbox 254 3910 361 3974; x_wconf 92' lang='lat' dir='ltr'>tionis.</span> <span class='ocrx_word' id='word_1_319' title='bbox 408 3905 444 3972; x_wconf 88' lang='lat' dir='ltr'>Si</span> <span class='ocrx_word' id='word_1_320' title='bbox 475 3906 547 3992; x_wconf 90' lang='lat' dir='ltr'>quis</span> <span class='ocrx_word' id='word_1_321' title='bbox 578 3924 667 3982; x_wconf 86' lang='lat' dir='ltr'>vero,</span> <span class='ocrx_word' id='word_1_322' title='bbox 703 3898 791 3987; x_wconf 91' lang='lat' dir='ltr'>quod</span> <span class='ocrx_word' id='word_1_323' title='bbox 819 3920 884 3962; x_wconf 91' lang='lat' dir='ltr'>non</span> <span class='ocrx_word' id='word_1_324' title='bbox 915 3895 1088 3978; x_wconf 87' lang='lat' dir='ltr'>credimus,</span> <span class='ocrx_word' id='word_1_325' title='bbox 1124 3907 1238 3960; x_wconf 90' lang='lat' dir='ltr'>contra</span> <span class='ocrx_word' id='word_1_326' title='bbox 1267 3894 1328 3959; x_wconf 90' lang='lat' dir='ltr'>hoc</span> <span class='ocrx_word' id='word_1_327' title='bbox 1359 3904 1588 3959; x_wconf 89' lang='lat' dir='ltr'>testamentum</span> <span class='ocrx_word' id='word_1_328' title='bbox 1617 3905 1763 3959; x_wconf 90' lang='lat' dir='ltr'>nostrum</span> <span class='ocrx_word' id='word_1_329' title='bbox 1792 3893 1905 3957; x_wconf 88' lang='lat' dir='ltr'>venire</span> 
     </span>
     <span class='ocr_line' id='line_1_33' title="bbox 254 4000 1907 4101; baseline -0.01 -21"><span class='ocrx_word' id='word_1_330' title='bbox 254 4014 463 4101; x_wconf 87' lang='lat' dir='ltr'>temptaverit</span> <span class='ocrx_word' id='word_1_331' title='bbox 492 4021 548 4076; x_wconf 91' lang='lat' dir='ltr'>aut</span> <span class='ocrx_word' id='word_1_332' title='bbox 576 4009 638 4073; x_wconf 91' lang='lat' dir='ltr'>hoc</span> <span class='ocrx_word' id='word_1_333' title='bbox 662 4006 829 4072; x_wconf 87' lang='lat' dir='ltr'>decretum</span> <span class='ocrx_word' id='word_1_334' title='bbox 852 4002 976 4068; x_wconf 86' lang='lat' dir='ltr'>violare</span> <span class='ocrx_word' id='word_1_335' title='bbox 1000 4002 1053 4067; x_wconf 87' lang='lat' dir='ltr'>vel</span> <span class='ocrx_word' id='word_1_336' title='bbox 1077 4002 1269 4068; x_wconf 90' lang='lat' dir='ltr'>calumniari</span> <span class='ocrx_word' id='word_1_337' title='bbox 1301 4003 1370 4065; x_wconf 81' lang='lat' dir='ltr'>sive</span> <span class='ocrx_word' id='word_1_338' title='bbox 1399 4000 1533 4065; x_wconf 88' lang='lat' dir='ltr'>definita</span> <span class='ocrx_word' id='word_1_339' title='bbox 1562 4022 1742 4083; x_wconf 85' lang='lat' dir='ltr'>removere,</span> <span class='ocrx_word' id='word_1_340' title='bbox 1772 4001 1907 4064; x_wconf 86' lang='lat' dir='ltr'>feriatur</span> 
     </span>
     <span class='ocr_line' id='line_1_34' title="bbox 254 4106 1907 4198; baseline -0.01 -11"><span class='ocrx_word' id='word_1_341' title='bbox 254 4121 375 4187; x_wconf 91' lang='lat' dir='ltr'>indicio</span> <span class='ocrx_word' id='word_1_342' title='bbox 406 4120 537 4184; x_wconf 84' lang='lat' dir='ltr'>divinae</span> <span class='ocrx_word' id='word_1_343' title='bbox 566 4116 697 4181; x_wconf 91' lang='lat' dir='ltr'>ultionis</span> <span class='ocrx_word' id='word_1_344' title='bbox 727 4112 787 4179; x_wconf 92' lang='grc' dir='ltr'>θιὼ</span> <span class='ocrx_word' id='word_1_345' title='bbox 818 4112 939 4177; x_wconf 91' lang='lat' dir='ltr'>iudicio</span> <span class='ocrx_word' id='word_1_346' title='bbox 969 4111 1119 4198; x_wconf 87' lang='lat' dir='ltr'>perpetui</span> <span class='ocrx_word' id='word_1_347' title='bbox 1149 4108 1373 4174; x_wconf 88' lang='lat' dir='ltr'>anathematis.</span> <span class='ocrx_word' id='word_1_348' title='bbox 1421 4107 1518 4188; x_wconf 81' lang='lat' dir='ltr'>Quod</span> <span class='ocrx_word' id='word_1_349' title='bbox 1549 4118 1583 4171; x_wconf 91' lang='lat' dir='ltr'>nt</span> <span class='ocrx_word' id='word_1_350' title='bbox 1612 4108 1717 4193; x_wconf 84' lang='lat' dir='ltr'>magis</span> <span class='ocrx_word' id='word_1_351' title='bbox 1746 4106 1849 4171; x_wconf 87' lang='lat' dir='ltr'>fixum</span> <span class='ocrx_word' id='word_1_352' title='bbox 1873 4117 1907 4171; x_wconf 88' lang='lat' dir='ltr'>et</span> 
     </span>
     <span class='ocr_line' id='line_1_35' title="bbox 255 4212 1905 4304; baseline -0.011 -10"><span class='ocrx_word' id='word_1_353' title='bbox 255 4226 432 4294; x_wconf 87' lang='lat' dir='ltr'>stabilitum</span> <span class='ocrx_word' id='word_1_354' title='bbox 456 4223 664 4290; x_wconf 88' lang='lat' dir='ltr'>aeternaliter</span> <span class='ocrx_word' id='word_1_355' title='bbox 685 4230 827 4302; x_wconf 89' lang='lat' dir='ltr'>maneat,</span> <span class='ocrx_word' id='word_1_356' title='bbox 851 4242 949 4284; x_wconf 90' lang='lat' dir='ltr'>manu</span> <span class='ocrx_word' id='word_1_357' title='bbox 973 4218 1107 4304; x_wconf 87' lang='lat' dir='ltr'>propria</span> <span class='ocrx_word' id='word_1_358' title='bbox 1128 4216 1328 4280; x_wconf 86' lang='lat' dir='ltr'>firmavimus</span> <span class='ocrx_word' id='word_1_359' title='bbox 1350 4225 1383 4279; x_wconf 89' lang='lat' dir='ltr'>et</span> <span class='ocrx_word' id='word_1_360' title='bbox 1398 4212 1651 4279; x_wconf 84' lang='lat' dir='ltr'>consedentibus</span> <span class='ocrx_word' id='word_1_361' title='bbox 1666 4212 1760 4278; x_wconf 91' lang='lat' dir='ltr'>nobis</span> <span class='ocrx_word' id='word_1_362' title='bbox 1776 4212 1905 4277; x_wconf 89' lang='lat' dir='ltr'>firman·</span> 
     </span>
     <span class='ocr_line' id='line_1_36' title="bbox 209 4332 557 4403; baseline -0.023 -1"><span class='ocrx_word' id='word_1_363' title='bbox 209 4363 237 4403; x_wconf 85' lang='lat' dir='ltr'>ss</span> <span class='ocrx_word' id='word_1_364' title='bbox 255 4335 332 4400; x_wconf 91' lang='lat' dir='ltr'>dum</span> <span class='ocrx_word' id='word_1_365' title='bbox 354 4332 557 4399; x_wconf 87' lang='lat' dir='ltr'>tradidimus.</span> 
     </span>
    </p>

    <p class='ocr_par' dir='ltr' id='par_1_7' title="bbox 254 4426 1906 4847">
     <span class='ocr_line' id='line_1_37' title="bbox 361 4426 1905 4527; baseline -0.01 -22"><span class='ocrx_word' id='word_1_366' title='bbox 361 4441 433 4527; x_wconf 85' lang='lat' dir='ltr'>Ego</span> <span class='ocrx_word' id='word_1_367' title='bbox 449 4437 663 4503; x_wconf 84' lang='lat' dir='ltr'>Frotharius²</span> <span class='ocrx_word' id='word_1_368' title='bbox 686 4434 860 4521; x_wconf 89' lang='lat' dir='ltr'>episcopus</span> <span class='ocrx_word' id='word_1_369' title='bbox 883 4453 904 4494; x_wconf 89' lang='lat' dir='ltr'>a</span> <span class='ocrx_word' id='word_1_370' title='bbox 922 4454 973 4495; x_wconf 92' lang='lat' dir='ltr'>me</span> <span class='ocrx_word' id='word_1_371' title='bbox 989 4430 1075 4494; x_wconf 88' lang='lat' dir='ltr'>facto</span> <span class='ocrx_word' id='word_1_372' title='bbox 1091 4439 1285 4493; x_wconf 87' lang='lat' dir='ltr'>testamento</span> <span class='ocrx_word' id='word_1_373' title='bbox 1308 4426 1411 4514; x_wconf 84' lang='lat' dir='ltr'>relegi</span> <span class='ocrx_word' id='word_1_374' title='bbox 1435 4438 1467 4491; x_wconf 91' lang='lat' dir='ltr'>et</span> <span class='ocrx_word' id='word_1_375' title='bbox 1490 4427 1677 4513; x_wconf 84' lang='lat' dir='ltr'>subscripsi.</span> <span class='ocrx_word' id='word_1_376' title='bbox 1713 4426 1785 4512; x_wconf 85' lang='lat' dir='ltr'>Ego</span> <span class='ocrx_word' id='word_1_377' title='bbox 1809 4426 1905 4490; x_wconf 80' lang='lat' dir='ltr'>Leut</span> 
     </span>
     <span class='ocr_line' id='line_1_38' title="bbox 254 4531 1906 4633; baseline -0.01 -20"><span class='ocrx_word' id='word_1_378' title='bbox 254 4547 394 4613; x_wconf 89' lang='lat' dir='ltr'>mundus</span> <span class='ocrx_word' id='word_1_379' title='bbox 418 4544 622 4633; x_wconf 88' lang='lat' dir='ltr'>primicerius</span> <span class='ocrx_word' id='word_1_380' title='bbox 646 4540 834 4626; x_wconf 85' lang='lat' dir='ltr'>subscripsi.</span> <span class='ocrx_word' id='word_1_381' title='bbox 880 4538 953 4624; x_wconf 85' lang='lat' dir='ltr'>Ego</span> <span class='ocrx_word' id='word_1_382' title='bbox 976 4536 1163 4601; x_wconf 90' lang='lat' dir='ltr'>Berbardus</span> <span class='ocrx_word' id='word_1_383' title='bbox 1187 4533 1360 4621; x_wconf 89' lang='lat' dir='ltr'>presbyter</span> <span class='ocrx_word' id='word_1_384' title='bbox 1382 4533 1571 4621; x_wconf 90' lang='lat' dir='ltr'>subscripsi.</span> <span class='ocrx_word' id='word_1_385' title='bbox 1614 4533 1688 4618; x_wconf 84' lang='lat' dir='ltr'>Ego</span> <span class='ocrx_word' id='word_1_386' title='bbox 1713 4531 1906 4597; x_wconf 82' lang='lat' dir='ltr'>Gautsarins</span> 
     </span>
     <span class='ocr_line' id='line_1_39' title="bbox 254 4638 1906 4743; baseline -0.011 -23"><span class='ocrx_word' id='word_1_387' title='bbox 254 4653 428 4743; x_wconf 89' lang='lat' dir='ltr'>presbyter</span> <span class='ocrx_word' id='word_1_388' title='bbox 456 4650 644 4738; x_wconf 90' lang='lat' dir='ltr'>subscripsi.</span> <span class='ocrx_word' id='word_1_389' title='bbox 690 4648 763 4733; x_wconf 85' lang='lat' dir='ltr'>Ego</span> <span class='ocrx_word' id='word_1_390' title='bbox 791 4644 941 4710; x_wconf 84' lang='lat' dir='ltr'>Nivulfus</span> <span class='ocrx_word' id='word_1_391' title='bbox 969 4642 1142 4731; x_wconf 88' lang='lat' dir='ltr'>presbyter</span> <span class='ocrx_word' id='word_1_392' title='bbox 1171 4640 1360 4727; x_wconf 89' lang='lat' dir='ltr'>subscripsi.</span> <span class='ocrx_word' id='word_1_393' title='bbox 1407 4641 1479 4727; x_wconf 82' lang='lat' dir='ltr'>Ego</span> <span class='ocrx_word' id='word_1_394' title='bbox 1509 4639 1600 4704; x_wconf 90' lang='lat' dir='ltr'>lohel</span> <span class='ocrx_word' id='word_1_395' title='bbox 1630 4638 1803 4727; x_wconf 90' lang='lat' dir='ltr'>presbyter</span> <span class='ocrx_word' id='word_1_396' title='bbox 1832 4638 1906 4703; x_wconf 90' lang='lat' dir='ltr'>sub-</span> 
     </span>
     <span class='ocr_line' id='line_1_40' title="bbox 255 4745 1906 4847; baseline -0.011 -21"><span class='ocrx_word' id='word_1_397' title='bbox 255 4761 380 4847; x_wconf 91' lang='lat' dir='ltr'>scripsi.</span> <span class='ocrx_word' id='word_1_398' title='bbox 427 4759 500 4844; x_wconf 84' lang='lat' dir='ltr'>Ego</span> <span class='ocrx_word' id='word_1_399' title='bbox 523 4754 741 4841; x_wconf 83' lang='lat' dir='ltr'>Arangaudus</span> <span class='ocrx_word' id='word_1_400' title='bbox 764 4751 937 4840; x_wconf 90' lang='lat' dir='ltr'>presbyter</span> <span class='ocrx_word' id='word_1_401' title='bbox 960 4764 992 4814; x_wconf 90' lang='lat' dir='ltr'>et</span> <span class='ocrx_word' id='word_1_402' title='bbox 1015 4748 1280 4814; x_wconf 88' lang='lat' dir='ltr'>bibliothecarius</span> <span class='ocrx_word' id='word_1_403' title='bbox 1304 4745 1493 4834; x_wconf 89' lang='lat' dir='ltr'>subscripsi.</span> <span class='ocrx_word' id='word_1_404' title='bbox 1540 4747 1614 4833; x_wconf 85' lang='lat' dir='ltr'>Ego</span> <span class='ocrx_word' id='word_1_405' title='bbox 1637 4747 1906 4811; x_wconf 86' lang='lat' dir='ltr'>Ermentramnus</span> 
     </span>
    </p>

    <p class='ocr_par' dir='ltr' id='par_1_8' title="bbox 209 4851 1906 4951">
     <span class='ocr_line' id='line_1_41' title="bbox 209 4851 1906 4951; baseline -0.011 -18"><span class='ocrx_word' id='word_1_406' title='bbox 209 4900 238 4940; x_wconf 70' lang='grc' dir='ltr'><strong><em>ω</em></strong></span> <span class='ocrx_word' id='word_1_407' title='bbox 255 4867 357 4932; x_wconf 83' lang='lat' dir='ltr'>levita</span> <span class='ocrx_word' id='word_1_408' title='bbox 379 4865 566 4951; x_wconf 89' lang='lat' dir='ltr'>subscripsi.</span> <span class='ocrx_word' id='word_1_409' title='bbox 601 4864 673 4948; x_wconf 85' lang='lat' dir='ltr'>Ego</span> <span class='ocrx_word' id='word_1_410' title='bbox 690 4859 871 4926; x_wconf 82' lang='lat' dir='ltr'>Custardus</span> <span class='ocrx_word' id='word_1_411' title='bbox 887 4857 1043 4921; x_wconf 90' lang='lat' dir='ltr'>diaconus</span> <span class='ocrx_word' id='word_1_412' title='bbox 1063 4854 1252 4941; x_wconf 77' lang='lat' dir='ltr'>subscripsi.</span> <span class='ocrx_word' id='word_1_413' title='bbox 1286 4854 1359 4940; x_wconf 85' lang='lat' dir='ltr'>Ego</span> <span class='ocrx_word' id='word_1_414' title='bbox 1375 4851 1572 4918; x_wconf 90' lang='lat' dir='ltr'>Heribertus</span> <span class='ocrx_word' id='word_1_415' title='bbox 1595 4853 1695 4918; x_wconf 84' lang='lat' dir='ltr'>levita</span> <span class='ocrx_word' id='word_1_416' title='bbox 1718 4851 1906 4938; x_wconf 89' lang='lat' dir='ltr'>subscripsi.</span> 
     </span>
    </p>

    <p class='ocr_par' dir='ltr' id='par_1_9' title="bbox 362 4958 1907 5055">
     <span class='ocr_line' id='line_1_42' title="bbox 362 4958 1907 5055; baseline -0.01 -16"><span class='ocrx_word' id='word_1_417' title='bbox 362 4974 481 5038; x_wconf 84' lang='lat' dir='ltr'>Actum</span> <span class='ocrx_word' id='word_1_418' title='bbox 498 4970 594 5036; x_wconf 90' lang='lat' dir='ltr'>Tullo</span> <span class='ocrx_word' id='word_1_419' title='bbox 613 4971 646 5034; x_wconf 91' lang='lat' dir='ltr'>in</span> <span class='ocrx_word' id='word_1_420' title='bbox 670 4967 817 5055; x_wconf 89' lang='lat' dir='ltr'>plenaria</span> <span class='ocrx_word' id='word_1_421' title='bbox 839 4963 964 5051; x_wconf 89' lang='lat' dir='ltr'>synodo</span> <span class='ocrx_word' id='word_1_422' title='bbox 987 4961 1048 5026; x_wconf 95' lang='lat' dir='ltr'>sub</span> <span class='ocrx_word' id='word_1_423' title='bbox 1072 4962 1126 5026; x_wconf 91' lang='lat' dir='ltr'>dio</span> <span class='ocrx_word' id='word_1_424' title='bbox 1149 4961 1268 5026; x_wconf 90' lang='lat' dir='ltr'>Iduum</span> <span class='ocrx_word' id='word_1_425' title='bbox 1292 4958 1484 5025; x_wconf 89' lang='lat' dir='ltr'>Octobrium</span> <span class='ocrx_word' id='word_1_426' title='bbox 1508 4982 1593 5025; x_wconf 91' lang='lat' dir='ltr'>anno</span> <span class='ocrx_word' id='word_1_427' title='bbox 1618 4958 1660 5023; x_wconf 90' lang='lat' dir='ltr'>ab</span> <span class='ocrx_word' id='word_1_428' title='bbox 1683 4959 1907 5023; x_wconf 85' lang='lat' dir='ltr'>incarnatione</span> 
     </span>
    </p>

    <p class='ocr_par' dir='ltr' id='par_1_10' title="bbox 255 5065 1907 5164">
     <span class='ocr_line' id='line_1_43' title="bbox 255 5065 1907 5164; baseline -0.011 -17"><span class='ocrx_word' id='word_1_429' title='bbox 255 5081 391 5147; x_wconf 91' lang='lat' dir='ltr'>Domini</span> <span class='ocrx_word' id='word_1_430' title='bbox 421 5078 688 5164; x_wconf 82' lang='lat' dir='ltr'>octingentesimo</span> <span class='ocrx_word' id='word_1_431' title='bbox 718 5073 886 5160; x_wconf 83' lang='lat' dir='ltr'>trigesimo</span> <span class='ocrx_word' id='word_1_432' title='bbox 917 5079 1043 5151; x_wconf 88' lang='lat' dir='ltr'>octavo,</span> <span class='ocrx_word' id='word_1_433' title='bbox 1074 5068 1186 5133; x_wconf 88' lang='lat' dir='ltr'>indict.</span> <span class='ocrx_word' id='word_1_434' title='bbox 1215 5067 1253 5148; x_wconf 95' lang='lat' dir='ltr'>I.,</span> <span class='ocrx_word' id='word_1_435' title='bbox 1288 5068 1468 5153; x_wconf 90' lang='lat' dir='ltr'>imperante</span> <span class='ocrx_word' id='word_1_436' title='bbox 1499 5065 1668 5130; x_wconf 84' lang='lat' dir='ltr'>Ludovico</span> <span class='ocrx_word' id='word_1_437' title='bbox 1700 5066 1907 5130; x_wconf 88' lang='lat' dir='ltr'>serenissimo</span> 
     </span>
    </p>
   </div>
   <div class='ocr_carea' id='block_1_3' title="bbox 255 5184 649 5274">
    <p class='ocr_par' dir='ltr' id='par_1_11' title="bbox 255 5184 649 5274">
     <span class='ocr_line' id='line_1_44' title="bbox 255 5184 649 5274; baseline -0.02 -20"><span class='ocrx_word' id='word_1_438' title='bbox 255 5189 405 5274; x_wconf 83' lang='lat' dir='ltr'>Angusto</span> <span class='ocrx_word' id='word_1_439' title='bbox 430 5208 514 5250; x_wconf 93' lang='lat' dir='ltr'>anno</span> <span class='ocrx_word' id='word_1_440' title='bbox 540 5184 649 5248; x_wconf 86' lang='lat' dir='ltr'>XXV.</span> 
     </span>
    </p>
   </div>
   <div class='ocr_carea' id='block_1_4' title="bbox 209 5369 1907 5538">
    <p class='ocr_par' dir='ltr' id='par_1_12' title="bbox 209 5369 1907 5538">
     <span class='ocr_line' id='line_1_45' title="bbox 366 5369 1907 5454; baseline -0.012 -15"><span class='ocrx_word' id='word_1_441' title='bbox 366 5391 398 5439; x_wconf 86' lang='lat'>13</span> <span class='ocrx_word' id='word_1_442' title='bbox 418 5389 532 5454; x_wconf 87' lang='lat' dir='ltr'>quisque</span> <span class='ocrx_word' id='word_1_443' title='bbox 549 5385 575 5436; x_wconf 80' lang='lat'>0.</span> <span class='ocrx_word' id='word_1_444' title='bbox 631 5385 664 5433; x_wconf 81' lang='lat'>2³</span> <span class='ocrx_word' id='word_1_445' title='bbox 685 5381 796 5432; x_wconf 85' lang='lat' dir='ltr'>Ioannis</span> <span class='ocrx_word' id='word_1_446' title='bbox 812 5379 839 5430; x_wconf 78' lang='grc' dir='ltr'>Ο.</span> <span class='ocrx_word' id='word_1_447' title='bbox 895 5379 927 5428; x_wconf 81' lang='lat' dir='ltr'>at</span> <span class='ocrx_word' id='word_1_448' title='bbox 948 5369 1122 5439; x_wconf 84' lang='lat' dir='ltr'>Gantssrius]</span> <span class='ocrx_word' id='word_1_449' title='bbox 1140 5374 1228 5435; x_wconf 71' lang='lat' dir='ltr'>tals,</span> <span class='ocrx_word' id='word_1_450' title='bbox 1248 5374 1408 5425; x_wconf 83' lang='lat' dir='ltr'>Hsntlarius</span> <span class='ocrx_word' id='word_1_451' title='bbox 1424 5373 1451 5424; x_wconf 86' lang='lat'>0.</span> <span class='ocrx_word' id='word_1_452' title='bbox 1512 5376 1546 5424; x_wconf 85' lang='grc'>38</span> <span class='ocrx_word' id='word_1_453' title='bbox 1566 5371 1695 5423; x_wconf 80' lang='lat' dir='ltr'>Nirnltns</span> <span class='ocrx_word' id='word_1_454' title='bbox 1710 5372 1737 5424; x_wconf 85' lang='lat'>0.</span> <span class='ocrx_word' id='word_1_455' title='bbox 1797 5369 1907 5432; x_wconf 76' lang='lat' dir='ltr'>looldl,</span> 
     </span>
     <span class='ocr_line' id='line_1_46' title="bbox 209 5461 1907 5538; baseline -0.012 -7"><span class='ocrx_word' id='word_1_456' title='bbox 209 5493 239 5535; x_wconf 73' lang='lat' dir='ltr'>ss</span> <span class='ocrx_word' id='word_1_457' title='bbox 257 5477 345 5530; x_wconf 85' lang='lat' dir='ltr'>Lohsl</span> <span class='ocrx_word' id='word_1_458' title='bbox 366 5476 393 5527; x_wconf 87' lang='grc'>0.</span> <span class='ocrx_word' id='word_1_459' title='bbox 468 5478 502 5527; x_wconf 80' lang='grc'>39</span> <span class='ocrx_word' id='word_1_460' title='bbox 521 5465 713 5538; x_wconf 74' lang='lat' dir='ltr'>Arengsndus]</span> <span class='ocrx_word' id='word_1_461' title='bbox 734 5468 933 5535; x_wconf 77' lang='lat' dir='ltr'>Ocrengsndns</span> <span class='ocrx_word' id='word_1_462' title='bbox 954 5465 981 5516; x_wconf 81' lang='lat'>0.</span> <span class='ocrx_word' id='word_1_463' title='bbox 1048 5465 1263 5514; x_wconf 81' lang='lat' dir='ltr'>Ermentrsunns</span> <span class='ocrx_word' id='word_1_464' title='bbox 1284 5463 1310 5514; x_wconf 85' lang='lat'>0.</span> <span class='ocrx_word' id='word_1_465' title='bbox 1383 5464 1419 5513; x_wconf 79' lang='lat'>40</span> <span class='ocrx_word' id='word_1_466' title='bbox 1437 5462 1589 5512; x_wconf 86' lang='lat' dir='ltr'>Eustardus</span> <span class='ocrx_word' id='word_1_467' title='bbox 1609 5463 1637 5513; x_wconf 81' lang='lat'>0.</span> <span class='ocrx_word' id='word_1_468' title='bbox 1708 5461 1858 5512; x_wconf 88' lang='lat' dir='ltr'>Herbertus</span> <span class='ocrx_word' id='word_1_469' title='bbox 1880 5461 1907 5512; x_wconf 83' lang='lat'>0.</span> 
     </span>
    </p>
   </div>
   <div class='ocr_carea' id='block_1_5' title="bbox 255 5642 1911 5951">
    <p class='ocr_par' dir='ltr' id='par_1_13' title="bbox 255 5642 1911 5951">
     <span class='ocr_line' id='line_1_47' title="bbox 367 5642 1908 5731; baseline -0.011 -15"><span class='ocrx_word' id='word_1_470' title='bbox 367 5659 396 5730; x_wconf 94' lang='lat' dir='ltr'>l)</span> <span class='ocrx_word' id='word_1_471' title='bbox 420 5657 513 5715; x_wconf 80' lang='lat' dir='ltr'>Hodie</span> <span class='ocrx_word' id='word_1_472' title='bbox 536 5651 706 5731; x_wconf 75' lang='lat' dir='ltr'>l’laqrsssia</span> <span class='ocrx_word' id='word_1_473' title='bbox 723 5650 759 5726; x_wconf 76' lang='lat' dir='ltr'>fl.</span> <span class='ocrx_word' id='word_1_474' title='bbox 841 5647 871 5718; x_wconf 85' lang='lat'>2)</span> <span class='ocrx_word' id='word_1_475' title='bbox 895 5648 931 5705; x_wconf 87' lang='lat' dir='ltr'>ln</span> <span class='ocrx_word' id='word_1_476' title='bbox 953 5644 1108 5704; x_wconf 74' lang='lat' dir='ltr'>scribendis</span> <span class='ocrx_word' id='word_1_477' title='bbox 1130 5643 1286 5702; x_wconf 71' lang='lat' dir='ltr'>minibus</span> <span class='ocrx_word' id='word_1_478' title='bbox 1309 5643 1454 5701; x_wconf 69' lang='lat' dir='ltr'>editiones</span> <span class='ocrx_word' id='word_1_479' title='bbox 1477 5651 1576 5701; x_wconf 83' lang='lat' dir='ltr'>cartae</span> <span class='ocrx_word' id='word_1_480' title='bbox 1593 5643 1704 5719; x_wconf 76' lang='lat' dir='ltr'>prioris</span> <span class='ocrx_word' id='word_1_481' title='bbox 1726 5663 1745 5700; x_wconf 84' lang='lat' dir='ltr'>a</span> <span class='ocrx_word' id='word_1_482' title='bbox 1770 5642 1908 5700; x_wconf 81' lang='lat' dir='ltr'>Mabillon</span> 
     </span>
     <span class='ocr_line' id='line_1_48' title="bbox 257 5744 1911 5845; baseline -0.014 -18"><span class='ocrx_word' id='word_1_483' title='bbox 257 5761 298 5845; x_wconf 84' lang='lat' dir='ltr'>(n.</span> <span class='ocrx_word' id='word_1_484' title='bbox 319 5788 351 5844; x_wconf 81' lang='lat' dir='ltr'>p.</span> <span class='ocrx_word' id='word_1_485' title='bbox 370 5769 432 5826; x_wconf 81' lang='lat'>782</span> <span class='ocrx_word' id='word_1_486' title='bbox 447 5783 516 5821; x_wconf 83' lang='lat' dir='ltr'>aaa.</span> <span class='ocrx_word' id='word_1_487' title='bbox 533 5755 567 5838; x_wconf 84' lang='lat'>2)</span> <span class='ocrx_word' id='word_1_488' title='bbox 589 5759 747 5831; x_wconf 82' lang='lat' dir='ltr'>consectum</span> <span class='ocrx_word' id='word_1_489' title='bbox 762 5755 849 5814; x_wconf 75' lang='lat' dir='ltr'>sensti</span> <span class='ocrx_word' id='word_1_490' title='bbox 862 5774 965 5823; x_wconf 74' lang='lat' dir='ltr'>samm,</span> <span class='ocrx_word' id='word_1_491' title='bbox 990 5771 1050 5809; x_wconf 86' lang='lat' dir='ltr'>cnm</span> <span class='ocrx_word' id='word_1_492' title='bbox 1065 5751 1095 5808; x_wconf 84' lang='lat' dir='ltr'>in</span> <span class='ocrx_word' id='word_1_493' title='bbox 1111 5751 1165 5808; x_wconf 80' lang='lat' dir='ltr'>dac</span> <span class='ocrx_word' id='word_1_494' title='bbox 1181 5752 1279 5808; x_wconf 80' lang='lat' dir='ltr'>sudem</span> <span class='ocrx_word' id='word_1_495' title='bbox 1294 5751 1409 5809; x_wconf 83' lang='lat' dir='ltr'>nomina</span> <span class='ocrx_word' id='word_1_496' title='bbox 1425 5746 1464 5826; x_wconf 85' lang='lat' dir='ltr'>(et</span> <span class='ocrx_word' id='word_1_497' title='bbox 1481 5751 1598 5826; x_wconf 78' lang='lat' dir='ltr'>insuper</span> <span class='ocrx_word' id='word_1_498' title='bbox 1613 5753 1653 5810; x_wconf 82' lang='lat'>17</span> <span class='ocrx_word' id='word_1_499' title='bbox 1668 5744 1740 5826; x_wconf 83' lang='lat' dir='ltr'>alia)</span> <span class='ocrx_word' id='word_1_500' title='bbox 1756 5755 1911 5807; x_wconf 80' lang='lat' dir='ltr'>occurrant</span> 
     </span>
     <span class='ocr_line' id='line_1_49' title="bbox 255 5858 1121 5951; baseline -0.025 -16"><span class='ocrx_word' id='word_1_501' title='bbox 255 5893 373 5951; x_wconf 75' lang='lat' dir='ltr'>emaque</span> <span class='ocrx_word' id='word_1_502' title='bbox 402 5892 438 5930; x_wconf 76' lang='lat' dir='ltr'>sa</span> <span class='ocrx_word' id='word_1_503' title='bbox 460 5867 597 5947; x_wconf 67' lang='grc' dir='ltr'>ονίφὶιιαὶἱ</span> <span class='ocrx_word' id='word_1_504' title='bbox 616 5885 646 5924; x_wconf 85' lang='lat' dir='ltr'>se</span> <span class='ocrx_word' id='word_1_505' title='bbox 669 5862 850 5940; x_wconf 68' lang='lat' dir='ltr'>descripsisse</span> <span class='ocrx_word' id='word_1_506' title='bbox 872 5861 949 5918; x_wconf 79' lang='lat' dir='ltr'>dicat</span> <span class='ocrx_word' id='word_1_507' title='bbox 973 5858 1121 5916; x_wconf 74' lang='lat' dir='ltr'>Matilica.</span> 
     </span>
    </p>
   </div>
   <div class='ocr_carea' id='block_1_6' title="bbox 0 0 2448 6708">
    <p class='ocr_par' dir='ltr' id='par_1_14' title="bbox 0 0 2448 6708">
     <span class='ocr_line' id='line_1_50' title="bbox 0 0 2448 6708; baseline 0 0"><span class='ocrx_word' id='word_1_508' title='bbox 0 0 2448 6708; x_wconf 95' lang='lat' dir='ltr'> </span> 
     </span>
    </p>
   </div>
  </div>
 </body>
</html>
