4884 6717
533 525 598 589 852
629 531 841 588 APPENDIX.
868 531 898 586 9.
915 529 1020 585 ACTA
1037 528 1178 587 SPURIA
1194 529 1251 585 AD
1268 527 1486 587 conclamet
1503 528 1782 585 eaummcsnss
1800 527 2046 584 SPECTANTIA
2062 530 2098 585 Α.
2112 528 2188 585 838.

531 717 678 805 patribus
711 728 744 782 et
775 716 869 782 bonis
902 714 1154 803 imperatoribus
1187 727 1219 781 et
1251 715 1324 803 lege
1357 716 1525 781 decretum
1538 721 1563 779 ¹:
1596 722 1761 797 Quicquid²
1790 725 1863 780 falsa
1891 727 1997 797 peticio
2020 743 2038 780 n
2060 727 2189 798 principe

531 834 699 902 obtinuerit,
723 835 789 907 qnia
810 833 890 889 fraus
913 834 1076 902 intervenit,
1100 850 1157 888 non
1179 832 1298 888 valebit.

639 932 722 996 Item
747 930 843 997 alibi:
869 935 1097 1012 Quaecumqne³
1120 941 1286 995 contraius
1309 941 1480 1011 conscripta
1502 939 1609 995 tuerint
1631 957 1688 993 non
1703 940 1882 1008 valebunt,
1908 957 2086 1012 quocumque
2106 940 2190 994 modo

533 1048 640 1104 fuerint
664 1050 824 1121 impetrata.

639 1146 723 1210 Item
747 1145 842 1210 alibi:
869 1152 946 1219 Qui*
969 1155 1054 1210 falso
1078 1127 1235 1227 pribcipum
1259 1155 1435 1231 praecepta
1459 1152 1614 1208 detulerint
1637 1153 1820 1225 puniantur.
2208 1170 2222 1208 s

640 1253 722 1318 Item
747 1252 841 1318 alibi:
867 1259 980 1318 Dolus⁵
1002 1262 1092 1317 malus
1116 1270 1171 1330 est,
1195 1279 1258 1316 cum
1282 1250 1376 1315 aliter·
1399 1260 1501 1332 agitur,
1526 1258 1603 1314 aliud
1626 1260 1782 1314 simulatur.

639 1360 722 1425 Item
747 1359 842 1426 alibi:
876 1365 954 1433 Qui6
977 1370 1071 1424 dolum
1094 1371 1127 1423 et
1149 1375 1256 1424 metum
1279 1367 1419 1434 adhibuit,
1447 1372 1479 1421 ut
1502 1385 1548 1422 res
1572 1368 1608 1421 ad
1631 1367 1716 1421 alium
1732 1368 1877 1434 transiret,
1900 1376 2023 1438 uterque
2047 1369 2080 1420 et
2102 1368 2139 1421 de
2163 1367 2189 1420 vi

534 1485 564 1533 et
589 1467 629 1532 de
654 1477 730 1532 doli
754 1478 867 1532 actione
891 1477 1048 1532 tenebitur.

641 1575 723 1639 Item
754 1574 849 1638 alibi:
882 1579 995 1638 Dolus7
1017 1583 1106 1638 malus
1137 1590 1192 1650 est,
1220 1584 1244 1636 si
1268 1600 1321 1653 per
1349 1580 1504 1636 falsitatem
1528 1581 1649 1636 voluerit
1678 1581 1741 1652 quis
1767 1581 1846 1652 prius
1877 1579 1997 1634 definita
2020 1581 2190 1636 convellere.

641 1681 724 1745 Item
755 1679 849 1745 alibi:
881 1687 1167 1762 Redintegrandum⁸
1197 1698 1241 1745 est
1271 1708 1289 1744 a
1310 1689 1512 1760 praesentibus
1543 1688 1681 1742 iudicibus
1712 1695 1742 1743 et
1772 1688 1802 1742 in
1833 1688 1903 1753 eius,
1933 1688 2010 1742 unde
2041 1688 2189 1755 abscessit,
2211 1705 2237 1740 ro

534 1805 680 1870 potestate
705 1799 893 1852 revocandum
925 1798 1000 1869 quod
1025 1815 1202 1869 quacumque
1228 1796 1388 1850 conditione
1420 1796 1554 1866 temporis
1584 1802 1633 1849 aut
1662 1794 1726 1850 dolo
1750 1801 1799 1849 aut
1821 1795 1988 1866 captivitate
2012 1803 2061 1849 aut
2084 1795 2190 1849 virtute

534 1905 669 1960 maiorum
692 1895 807 1958 timore
831 1893 972 1958 faciente
998 1894 1182 1980 deperierit.

642 2001 724 2065 Item
755 2000 848 2065 alibi:
882 2007 1044 2083 Quicquid⁹
1073 2029 1141 2067 vera
1172 2024 1229 2065 scu
1260 2009 1332 2064 falsa
1362 2010 1466 2081 peticio
1490 2027 1507 2063 a
1529 2008 1657 2079 principe
1687 2008 1855 2075 obtinuerit,
1888 2008 1955 2079 quia
1983 2008 2062 2063 fraus
2092 2000 2190 2062 inler-

536 2110 634 2174 cessit
657 2135 712 2172 non
735 2118 854 2173 valebit.

642 2214 765 2300 Magna
788 2214 877 2278 fraus
900 2215 971 2296 fuit,
996 2214 1127 2301 qnando
1143 2213 1282 2301 predicti
1299 2213 1449 2278 monachi
1465 2223 1678 2277 memoratum
1693 2213 1925 2277 monasterium
1941 2212 1982 2277 de
1998 2214 2068 2277 iure
2085 2212 2189 2278 Ceno·
2212 2236 2236 2275 rs

536 2323 707 2387 mannicae
738 2321 825 2386 sedis
856 2321 1037 2386 aecclesiae
1068 2344 1140 2385 esse
1171 2320 1329 2402 sciebant,
1365 2322 1443 2406 quia
1472 2342 1538 2384 non
1568 2331 1643 2384 sunt
1673 2319 1779 2384 adbuc
1803 2320 1906 2384 XXX
1936 2320 2023 2401 anni,
2059 2319 2189 2406 quoda

536 2428 746 2516 pontificibus
770 2441 969 2492 memoratae
993 2428 1080 2492 sedis
1095 2450 1281 2514 possessum
1299 2437 1364 2510 est;
1389 2438 1422 2490 et
1446 2427 1526 2491 haee
1546 2426 1690 2491 celantes
1706 2425 1864 2514 vobisque
1880 2429 2080 2491 mencientes
2095 2449 2188 2514 prae·

535 2547 632 2622 cepta
655 2534 718 2599 sibi
749 2538 819 2599 siue
851 2558 1011 2599 consensu
1041 2534 1229 2621 praedictae
1260 2533 1347 2598 sedis
1371 2534 1543 2621 pontificis,
1574 2536 1627 2598 cui
1658 2535 1740 2599 iuste
1765 2533 1912 2614 debetur,
1940 2535 2051 2599 facere
2074 2534 2189 2598 sunde-

644 2730 828 2799 idecretnm]
850 2743 878 2784 ut
895 2735 955 2786 odd.
972 2736 998 2787 0.
1054 2737 1117 2786 ‘iri
1135 2735 1202 2786 deest
1219 2753 1240 2784 c.
1299 2737 1330 2785 12
1349 2730 1454 2798 timore]
1472 2735 1509 2785 ita
1527 2753 1547 2794 c,
1566 2753 1628 2785 nam
1646 2737 1770 2785 timorem
1789 2735 1918 2800 &pomum
1937 2733 1992 2785 est?
2048 2737 2079 2786 l'l
2098 2737 2190 2786 vobis·

536 2821 599 2892 qus]
618 2826 646 2876 iil
664 2834 698 2876 est
716 2825 869 2875 Hludorrieo
887 2825 1040 2890 imperatori.
2209 2843 2237 2881 20

647 3008 675 3077 1)
699 3006 746 3062 De
762 3005 901 3081 excerptis
917 3025 953 3062 er
968 3006 1027 3082 ispe
1042 3006 1176 3063 Romana
1198 3005 1401 3082 lisiqotlrorum
1419 3006 1459 3076 cf.
1478 3004 1598 3074 Simeon,
1624 3004 1813 3081 ‘Entsteltunp
1829 3006 1880 3062 der
1899 3005 2190 3080 pseudoisidorisclren

538 3114 751 3191 Fci'lsclinnyen'
772 3133 805 3188 p.
822 3116 929 3188 82rq,
954 3121 1111 3187 praetereo
1136 3112 1179 3168 M.
1206 3111 1323 3180 Conrat,
1355 3111 1531 3169 ‘Gesclriclrtc
1558 3113 1610 3168 der
1634 3110 1752 3175 Qucllen
1782 3112 1844 3167 sind
1867 3112 2013 3169 Litcratnr
2036 3112 2084 3168 des
2107 3111 2191 3168 riinri·

536 3223 620 3278 sclien
651 3220 768 3276 Reclts'
794 3219 818 3288 I,
845 3239 879 3294 p.
905 3221 961 3278 311
993 3238 1063 3275 ann.
1088 3222 1107 3277 4
1139 3219 1221 3274 etA.
1250 3239 1277 3275 v.
1305 3217 1467 3275 li'retsclrlo
1500 3219 1583 3293 aprid
1611 3218 1766 3275 Manassen
1797 3226 1824 3274 et
1853 3218 1967 3293 Meyer,
2006 3218 2193 3275 Theodosium

537 3327 603 3384 libri
625 3325 703 3386 XVI
723 3320 868 3400 (Berelini
892 3321 992 3400 1905),
1016 3327 1071 3382 rol.
1096 3323 1120 3394 I,
1139 3345 1173 3400 p.
1193 3324 1367 3394 CCCXXII,
1391 3325 1440 3401 qai
1460 3345 1517 3382 non
1541 3324 1657 3394 debiat,
1681 3325 1748 3401 qnin
1766 3325 1883 3401 epitome
1904 3325 2000 3402 iyrsota
2023 3324 2052 3382 in
2075 3345 2192 3401 respon

537 3434 615 3491 sioirc
637 3432 786 3490 scribendo
809 3432 873 3488 rinei
888 3432 993 3503 suerit,
1017 3432 1049 3489 id
1069 3434 1146 3508 quod
1167 3432 1223 3488 ianr
1248 3432 1290 3488 M.
1309 3430 1418 3490 Conrat
1441 3423 1474 3506 (l.
1493 3427 1526 3508 l.)
1552 3432 1675 3489 coniecit.
1767 3432 1799 3500 2)
1825 3432 1894 3491 Coa
1925 3432 2058 3491 Theodec.
2084 3432 2155 3503 1,2,
2172 3438 2190 3492 4
2209 3452 2237 3491 aa

539 3540 660 3616 interpr.
679 3540 723 3595 cil.
741 3539 863 3606 liarrrcl,
887 3540 906 3594 l.
924 3541 942 3596 l,
962 3559 996 3616 p.
1014 3543 1054 3599 18
1077 3535 1258 3614 (=1,2,6
1280 3539 1399 3614 interpr.
1416 3540 1498 3614 apud
1513 3539 1677 3608 Mommsen,
1702 3541 1721 3596 l.
1737 3540 1756 3595 l.
1782 3539 1806 3609 I,
1826 3559 1860 3616 p.
1878 3535 1946 3615 31).·
1970 3539 2116 3613 Quidquid
2135 3559 2191 3596 non

538 3666 616 3712 vera,
647 3648 699 3703 sed
729 3647 802 3701 falsa
831 3648 933 3717 petitio
963 3666 980 3702 a
1009 3648 1137 3719 principe
1168 3648 1335 3713 obtinuerit,
1366 3647 1432 3717 quia
1461 3647 1538 3702 fraus
1567 3648 1731 3715 intervenit,
1765 3665 1822 3703 nou
1846 3648 1951 3704 valebit
1981 3640 2037 3719 (=
2063 3646 2194 3722 Episcme

539 3753 670 3811 irronaclri
692 3754 735 3810 ecl.
761 3753 882 3820 Hernici,
907 3755 926 3808 l.
946 3755 965 3808 l.
988 3773 1017 3827 p.
1037 3749 1097 3828 19).
1139 3752 1270 3827 Epitonre
1292 3751 1404 3829 Aepidii
1426 3746 1475 3826 (ib.
1495 3749 1616 3829 p.1s).·
1641 3753 1783 3826 Quicquid
1806 3756 1906 3827 petitio
1929 3754 2002 3810 falsa
2024 3773 2042 3809 a
2063 3755 2191 3827 principe

538 3861 682 3927 obtinerit,
708 3861 772 3931 quia
788 3860 864 3915 fraus
881 3860 1045 3926 intervenit,
1070 3878 1125 3916 non
1142 3860 1259 3915 valebit.
1296 3857 1425 3916 Scintilla
1448 3857 1597 3934 (Epitemc
1612 3859 1785 3917 Parisiensis
1803 3862 1847 3917 vel
1861 3860 1925 3936 cpit.
1941 3861 2032 3936 suppl.
2048 3862 2098 3917 lat.
2113 3863 2191 3928 215,-

538 3966 573 4023 ib.
586 3987 618 4041 p.
637 3965 706 4042 19).·
731 3967 874 4038 Quicquid
889 3968 993 4038 petitio
1009 3967 1082 4022 falsa
1097 3986 1114 4022 a
1128 3967 1256 4039 principe
1273 3967 1439 4032 obtinuerit,
1464 3968 1530 4038 qnia
1545 3966 1622 4021 fraus
1638 3966 1779 4034 interfuit,
1804 3984 1861 4021 non
1876 3966 1994 4022 valebit.
2064 3966 2095 4034 3)
2121 3965 2190 4024 Con.
2210 3986 2238 4027 so

545 4073 678 4130 ibeodos.
702 4073 774 4142 Ι,2,
792 4076 808 4132 1
833 4074 875 4129 ed.
900 4073 1021 4143 Hacnrl,
1046 4076 1064 4130 l.
1086 4075 1104 4131 l.
1122 4093 1155 4148 p.
1176 4076 1216 4132 16
1241 4065 1297 4144 (=
1315 4072 1338 4141 Ι,
1355 4076 1424 4140 2,,’2
1446 4073 1528 4147 aprici
1550 4072 1715 4140 dienerinnen,
1739 4074 1757 4128 l.
1780 4074 1798 4129 l.
1822 4071 1847 4141 I,
1867 4093 1899 4148 p.
1917 4069 1988 4149 3o):
2019 4057 2190 4130 contraius

537 4182 675 4236 rescribis
704 4199 760 4236 non
784 4182 908 4247 valeant,
940 4198 1117 4252 quocumque
1148 4181 1231 4234 morlo
1254 4179 1361 4235 fuerint
1384 4181 1543 4251 inpetrata3
1576 4177 1701 4254 Intcvpr.
1727 4174 1760 4253 (l.
1783 4173 1836 4256 l.).·
1867 4178 2070 4253 Quaecumque
2093 4189 2192 4236 contra

538 4289 618 4358 leges
642 4287 749 4343 fuerint
773 4306 791 4342 a
812 4288 985 4359 principibus
1009 4288 1129 4344 obtenta
1151 4306 1208 4341 non
1232 4287 1373 4350 valeant„
1449 4286 1479 4354 4)
1505 4284 1540 4341 L.
1564 4284 1646 4342 Bora.
1672 4285 1726 4342 Vis.
1752 4284 1837 4342 Paul.
1860 4295 1930 4343 sent.
1955 4286 2045 4358 Lis,
2063 4290 2090 4357 1,
2120 4287 2192 4362 Epi·

538 4402 609 4450 tonte
624 4394 736 4470 Aspidii
750 4387 886 4470 (Iloencl,
910 4394 928 4450 l.
946 4396 965 4450 l.
986 4415 1017 4469 p.
1036 4389 1128 4468 348):
1153 4392 1207 4458 Qui
1232 4394 1305 4448 falsa
1327 4394 1484 4465 principum
1510 4393 1650 4464 rescripta
1673 4393 1829 4448 detulerint
1850 4401 1883 4448 ut
1906 4395 2011 4450 falsarii
2026 4396 2191 4466 puniuntur.

539 4501 569 4568 b)
602 4500 666 4557 Lex
689 4501 772 4556 Rom.
796 4501 853 4557 Vis.
878 4500 962 4556 Pani.
985 4509 1055 4557 sent.
1080 4500 1104 4570 Ι,
1129 4505 1159 4570 8,
1184 4503 1201 4559 1
1227 4494 1275 4570 (ib.
1296 4519 1329 4574 p.
1347 4499 1439 4574 346).·
1470 4500 1559 4554 Dolus
1581 4499 1672 4554 malus
1696 4508 1751 4566 cst,
1781 4519 1864 4571 quum
1888 4501 1963 4556 aliud
1987 4502 2091 4573 agitur,
2116 4503 2192 4557 aliud
2211 4521 2239 4560 rs

537 4608 694 4662 simulatur,
786 4607 817 4674 6)
843 4606 907 4663 Lea
930 4607 1012 4663 llonr.
1036 4607 1092 4663 l'is.
1118 4606 1202 4663 Pani.
1226 4614 1296 4662 sent.
1321 4604 1431 4674 Ι,8,2
1454 4599 1583 4678 (Haensl
1599 4624 1632 4681 p.
1651 4602 1743 4682 346).·
1770 4605 1801 4661 Si
1824 4607 1872 4678 qui
1896 4607 1990 4663 dolum
2014 4616 2064 4663 aut
2087 4617 2192 4665 metum

536 4714 675 4780 adhibuit,
706 4721 737 4768 ut
766 4733 812 4768 res
836 4715 872 4769 ad
896 4714 981 4768 aliurn
1004 4715 1147 4782 transiret,
1179 4721 1302 4785 uterque
1326 4714 1362 4769 de
1386 4714 1413 4767 vi
1438 4720 1467 4768 et
1490 4712 1554 4768 dolo
1577 4713 1689 4767 actione
1714 4714 1877 4781 tenebitur,
1910 4713 2041 4789 Epitomc
2062 4715 2195 4772 monachi

538 4811 586 4892 (ib.
606 4839 640 4895 p.
658 4823 751 4896 3417.-
782 4819 837 4884 Qui
862 4822 956 4876 dolum
979 4821 1025 4876 vel
1048 4829 1154 4876 metum
1177 4820 1317 4886 adhibuit,
1349 4827 1380 4874 ut
1409 4837 1456 4875 res
1478 4820 1515 4874 ad
1539 4819 1623 4873 alium
1648 4821 1793 4888 transiret,
1825 4829 1947 4893 uterquc
1978 4823 2015 4877 de
2045 4823 2073 4877 vi
2100 4830 2130 4878 et
2154 4823 2190 4879 de

537 4928 602 4982 dolo
625 4928 733 4982 actione
758 4928 914 4982 tenebitur.
1029 4928 1058 4996 i)
1091 4927 1126 4983 L.
1151 4925 1233 4983 Rom.
1258 4926 1315 4982 Vis.
1341 4923 1409 4984 Cori.
1441 4925 1543 4982 Theod.
1563 4924 1600 4994 ΙΙ,
1619 4927 1667 4995 15,
1686 4929 1712 4995 l,
1744 4926 1875 4983 Scintilla
1900 4921 1994 5003 (Epir.
2020 4927 2192 4985 Parianae

537 5034 581 5088 orl
602 5032 667 5107 φῖ).
683 5035 775 5108 srippl.
792 5029 951 5110 1a1.215):
975 5034 1065 5089 Dolus
1088 5035 1176 5088 malus
1201 5041 1245 5089 est
1267 5035 1288 5087 si
1312 5052 1364 5105 per
1387 5033 1542 5088 falsitatem
1565 5033 1725 5088 chartarum
1741 5034 1863 5089 voluerit
1887 5036 1950 5106 quis
1972 5036 2050 5106 prins
2073 5034 2192 5092 definita
2210 5055 2239 5094 io

537 5140 698 5195 convellere
729 5131 778 5214 (ib.
798 5159 830 5214 p.
847 5135 913 5217 53).
1005 5140 1036 5202 8)
1064 5139 1097 5196 L.
1115 5139 1197 5195 Boni.
1222 5138 1278 5196 Vis.
1297 5138 1380 5195 Paul.
1396 5148 1465 5196 sent.
1483 5139 1507 5208 I,
1526 5142 1554 5208 7,
1571 5143 1601 5208 2,
1632 5138 1762 5215 Epitorne
1778 5140 1904 5217 Aspidii:
1928 5140 2191 5215 Redintegraudum

537 5254 582 5302 est
605 5265 622 5302 a
644 5247 845 5318 praesentibus
876 5247 1014 5302 iudicibus
1046 5255 1076 5302 et
1099 5248 1127 5301 in
1152 5248 1222 5314 eius,
1255 5247 1330 5301 unde
1354 5247 1503 5313 abscessit,
1533 5254 1675 5318 potestate
1699 5248 1888 5303 revocandum
1919 5249 1994 5319 quod
2022 5267 2190 5322 quacunque

537 5354 698 5409 conditione
722 5355 858 5426 temporis
881 5363 932 5408 ant
955 5353 1019 5407 dolo
1043 5363 1093 5409 snt
1116 5353 1284 5424 captivitate
1308 5361 1358 5407 aut
1380 5352 1480 5409 fraude
1505 5360 1554 5408 aut
1570 5354 1675 5409 virtute
1696 5356 1829 5409 maiorum
1847 5362 1896 5410 aut
1918 5373 1971 5427 per
1993 5373 2190 5428 quamcunque

536 5461 667 5514 iniustam
690 5460 892 5516 necessitatem
916 5460 1102 5515 substantiam
1125 5477 1203 5513 suam
1227 5466 1276 5514 aut
1300 5466 1405 5514 statum
1429 5459 1614 5531 ingenuitatis
1633 5461 1792 5532 perdidisse
1809 5469 1962 5517 noscuntur
1985 5454 2035 5535 (ib.
2054 5481 2086 5537 p.
2104 5461 2190 5542 344).

537 5565 658 5635 Haereat,
682 5566 701 5621 l.
718 5567 736 5622 l.
756 5585 791 5641 p.
808 5568 868 5624 344
891 5585 963 5623 ann.
979 5585 1003 5636 c,
1027 5564 1112 5623 verba
1134 5584 1225 5640 supra
1249 5565 1279 5621 in
1302 5573 1379 5621 tenni
1401 5565 1521 5622 mndata
1541 5585 1577 5622 ex
1596 5574 1682 5642 parte
1697 5567 1846 5642 deperdita
1863 5567 2010 5625 Santillae
2031 5561 2192 5645 (Epitornes
2208 5587 2237 5628 ss

538 5671 710 5730 Parisinuis
732 5672 777 5728 vel
798 5672 863 5747 cpit.
887 5673 979 5748 suppl.
1001 5673 1051 5729 lut.
1068 5674 1147 5741 215;
1169 5691 1195 5728 v.
1221 5671 1303 5727 etiam
1328 5670 1362 5727 ib.
1381 5691 1415 5746 p.
1432 5674 1494 5730 273
1517 5691 1586 5728 ann.
1602 5667 1631 5750 b)
1649 5672 1771 5749 fluxisse
1788 5682 1884 5749 putat,
1908 5674 1992 5731 aliter
2012 5674 2054 5731 M.
2072 5674 2190 5745 Conrat,

536 5776 712 5836 ‘Gesriiclrte
735 5779 787 5834 der
810 5777 929 5842 errllen
959 5778 1020 5834 sind
1042 5777 1200 5835 litterator
1231 5779 1280 5834 des
1309 5777 1465 5835 ronrneien
1489 5777 1607 5834 Reclts’
1631 5778 1731 5846 aar]
1755 5799 1824 5836 ann.
1841 5783 1871 5839 4.
1986 5781 2017 5852 9)
2047 5781 2078 5838 V.
2100 5801 2191 5857 sripra

535 5904 606 5942 ann.
629 5889 660 5944 2.
