4884 6717
1039 471 1167 534 708
1874 476 1978 533 56.
2051 476 2488 535 CONCILIUM
2534 477 3193 543 AQUISGRANENSE
3239 478 3314 533 A.
3357 476 3506 533 836.

1251 663 1437 727 VIII.
1528 662 1855 727 Doctrina
1900 673 2115 728 autem
2164 663 2585 728 sacerdotalis
2635 663 2990 729 secundum
3040 665 3354 751 cuiusque
3419 663 3796 751 qualitatem
3856 661 4155 728 omnibus
4215 663 4341 727 suf-

1036 770 1264 834 ficiens
1312 791 1454 833 esse
1505 768 1720 850 debet,
1755 769 2068 851 modesta,
2103 768 2408 856 prudens,
2442 770 2746 852 discreta,
2781 772 3055 835 honesta
3085 781 3282 857 atque
3315 770 3523 854 utilis;
3572 793 3694 834 nec
3725 770 3940 835 minus
3973 769 4342 856 exemplum

1037 875 1193 941 boni
1241 877 1456 963 operis
1520 876 1854 942 doctrinae
1913 878 2309 940 conveniens
2369 877 2437 940 in
2498 877 2943 942 sacerdotibus
3005 900 3147 942 esse
3209 877 3424 960 debet,
3493 888 3565 941 ut
3633 875 3807 963 quod
3877 899 3986 940 ore
4049 876 4347 941 doctrina

1038 982 1286 1069 profert
1331 985 1504 1047 vitae
1553 984 1854 1047 meritum
1902 984 2109 1046 iustae
2172 985 2566 1069 operationis
2627 984 2833 1048 verba
2893 984 3250 1048 sacerdotis
3313 982 3610 1048 omnibus
3674 982 4089 1048 delectabilia
4148 983 4347 1047 faciat

1039 1090 1430 1176 exequenda
1474 1091 1804 1175 vitamque
1858 1087 2266 1175 probabilem
2315 1090 2743 1156 commendet.
4365 1118 4391 1156 s

1255 1214 1475 1278 VIIII.
1570 1214 1647 1277 In
1693 1212 1859 1277 libro
1906 1212 2215 1299 pastorali
2265 1212 2495 1278 beatus
2545 1213 2904 1301 Gregorius
2951 1216 3194 1301 inquit:
3257 1220 3539 1279 Tantum¹
3600 1224 3768 1279 debet
3826 1224 4114 1287 actionem,
4154 1223 4345 1295 populi

1039 1331 1185 1386 actio
1243 1331 1630 1385 transcendere
1691 1330 1978 1400 praesulis,
2038 1338 2304 1400 quantum
2363 1331 2567 1386 distare
2625 1334 2767 1387 solet
2828 1350 2861 1385 a
2918 1349 3087 1403 grege
3147 1332 3264 1385 vita
3321 1332 3573 1401 pastoris.
3679 1330 3913 1401 Oportet
3971 1347 4230 1401 namque,
4286 1337 4347 1383 ut

1039 1438 1218 1492 metiri
1265 1454 1323 1491 se
1371 1437 1606 1490 sollicite
1654 1437 1890 1506 studeat,
1935 1443 2140 1507 quanta
2186 1438 2462 1492 tenendae
2510 1439 2846 1493 rectitudinis
2890 1439 3220 1493 necessitate
3254 1438 3657 1509 constringitur,
3688 1438 3788 1492 sub
3821 1438 3974 1491 cuius
4005 1438 4346 1492 estimatione

1040 1545 1280 1615 populus
1324 1561 1459 1615 grex
1514 1549 1760 1597 vocatur.
1857 1542 1938 1596 Sit
1999 1560 2129 1614 ergo
2188 1560 2413 1598 necesse
2476 1552 2558 1598 est
2618 1545 2951 1616 cogitatione
3010 1546 3260 1613 mundus,
3327 1545 3542 1598 actione
3603 1545 3911 1614 precipuus,
3968 1544 4233 1598 discretus
4291 1544 4348 1597 in

1042 1650 1279 1719 silentio,
1322 1650 1473 1703 utilis
1518 1650 1574 1703 in
1620 1649 1809 1718 verbo,
1855 1650 2081 1720 singulis
2127 1651 2489 1720 conpassione
2535 1652 2829 1721 proximus,
2873 1669 3006 1722 prae
3055 1652 3264 1705 cunctis
3311 1651 3776 1721 contemplatione
3835 1668 4146 1721 suspensus,
4203 1649 4345 1704 bene
4386 1668 4438 1706 ιο

1043 1757 1335 1832 agentibus
1379 1774 1480 1827 per
1524 1756 1887 1810 humilitatem
1933 1748 2121 1826 sotius,
2166 1764 2357 1810 contra
2403 1758 2835 1828 delinquentium
2882 1758 3015 1811 vitia
3060 1776 3162 1828 per
3207 1758 3386 1812 zelum
3432 1758 3670 1812 iustitiae
3726 1764 3958 1826 erectus,
4016 1757 4348 1811 internorum

1043 1881 1230 1918 curam
1275 1864 1332 1917 in
1379 1863 1705 1917 exteriorum
1751 1863 2111 1933 occupatione
2158 1881 2267 1917 non
2314 1864 2582 1933 minuenS‚
2629 1864 2959 1918 exteriorum
3003 1865 3403 1934 providentiam
3450 1865 3783 1918 internorum
3829 1864 4192 1918 sollicitudine
4239 1882 4348 1917 non

1043 1972 1376 2041 relinquens.

1260 2084 1346 2150 X.
1440 2082 1755 2147 Eiusdem
1799 2106 2010 2170 papae
2060 2106 2143 2147 ex
2193 2083 2423 2148 eodem
2470 2083 2669 2148 libro:
2734 2091 2928 2150 Inter²
2973 2096 3111 2150 haec
3158 2113 3383 2150 necesse
3445 2103 3544 2161 est,
3603 2103 3663 2149 ut
3721 2105 3901 2149 rector
3960 2095 4213 2149 sollerter
4268 2095 4346 2147 in·

1045 2201 1260 2272 vigilet,
1304 2218 1406 2254 nec
1452 2200 1595 2254 hune
1642 2200 1841 2269 cupido
1887 2200 2145 2270 placendi
2190 2200 2503 2256 hominibus
2547 2203 2748 2272 pulset,
2792 2221 2882 2270 ne,
2929 2220 3050 2256 cum
3098 2203 3337 2256 studiose
3375 2203 3635 2256 interiora
3667 2208 3939 2272 penetrat,
3969 2220 4091 2256 cum
4121 2201 4348 2272 provide
4387 2215 4437 2255 ιε

1046 2309 1319 2362 exteriora
1366 2307 1757 2375 subministrat,
1803 2324 1862 2361 se
1909 2307 2085 2378 magis
2132 2325 2168 2360 a
2212 2308 2443 2362 subditis
2503 2309 2659 2380 diligi
2718 2326 2883 2380 quam
2929 2309 3218 2363 veritatem
3278 2318 3531 2379 quaerat,
3588 2327 3679 2378 nc,
3738 2326 3862 2362 cum
3920 2309 4079 2364 bonis
4138 2307 4350 2362 actibus

1046 2414 1217 2469 fultus
1264 2432 1298 2468 a
1344 2415 1545 2468 mundo
1591 2414 1807 2468 videtur
1851 2414 2081 2481 alienus,
2127 2413 2270 2468 hunc
2318 2415 2526 2468 auctori
2571 2416 2770 2469 reddat
2816 2422 3133 2469 extraneum
3181 2433 3334 2469 amor
3379 2435 3521 2470 suus.

1262 2529 1382 2595 XI.
1490 2534 1840 2593 Didieimus³
1900 2555 2030 2592 sane
2089 2539 2382 2592 nonnullos
2441 2539 2730 2609 episcopos
2789 2540 2844 2593 in
2902 2538 3276 2610 gubernandis
3335 2540 3851 2611 congregationibus
3910 2540 4012 2593 sibi
4073 2539 4350 2605 subiectis,

1045 2646 1323 2700 canonicis
1367 2646 1629 2700 videlieet
1676 2648 1741 2700 et
1785 2646 2066 2699 monachis
2113 2652 2170 2699 et
2214 2645 2734 2714 sanctimonialibus„
2787 2645 3053 2699 hactenus
3101 2646 3267 2700 valde
3327 2648 3688 2717 neglegentes
3748 2645 3989 2700 extitisse
4051 2653 4106 2700 et
4167 2646 4255 2700 ob'
4298 2646 4351 2699 id

1046 2754 1248 2807 multos
1292 2753 1350 2806 in
1395 2753 1475 2806 sui
1522 2752 1916 2806 detractionem
1966 2759 2021 2805 et
2066 2759 2435 2821 contemptum
2483 2769 2832 2822 provocasse,
2877 2752 2957 2806 ita
3002 2760 3062 2806 ut
3105 2753 3352 2807 nonnulli
3413 2753 3506 2806 alii
3568 2753 3802 2823 praelati
3864 2752 3919 2805 in
3980 2770 4167 2806 eorum
4225 2770 4349 2822 par·
4387 2767 4441 2806 20

1045 2859 1243 2915 rochiis
1288 2859 1585 2926 constituti,
1636 2876 1824 2912 eorum
1869 2876 2043 2929 prava
2090 2860 2344 2929 exempla
2389 2860 2582 2928 secuti,
2644 2877 2770 2913 suas
2815 2860 3062 2914 similiter
3107 2861 3560 2932 congregationes
3618 2859 3978 2931 neglexerint.
4084 2857 4235 2923 Quos
4296 2866 4352 2913 et

1048 2967 1290 3021 fraterno
1340 2973 1394 3020 et
1439 2967 1692 3037 synodali
1738 2972 2011 3020 conventu
2057 2966 2431 3020 admonendos
2477 2983 2597 3020 esse
2644 2967 2954 3021 necessario
3002 2968 3267 3033 duximus,
3315 2976 3376 3021 ut
3422 2967 3493 3020 ab
3538 2967 3642 3020 hac
3689 2966 4045 3038 neglegentia
4091 2967 4352 3036 deinceps

1049 3090 1107 3127 se
1156 3072 1447 3127 cohibeant
1496 3081 1549 3127 et
1597 3073 1795 3127 ceteris
1842 3091 1899 3127 se
1947 3072 2246 3127 imitabiles
2290 3073 2620 3143 praebeant,
2664 3090 2735 3127 ne
2782 3074 2924 3128 forte
2971 3081 3198 3145 propter
3243 3075 3462 3128 illorum
3507 3074 3771 3127 incuriam
3820 3081 3876 3126 et
3921 3073 4139 3128 divinae
4187 3074 4349 3127 seni-

1048 3180 1178 3234 tutis
1245 3187 1589 3250 contemptus
1658 3188 1715 3233 et
1780 3180 2025 3249 pericula
2093 3179 2420 3249 proveniant
2480 3180 2782 3234 animarum
2842 3187 2899 3235 et
2960 3181 3177 3234 auribus
3246 3179 3608 3234 excellentiae
3668 3186 3884 3233 vestrae
3953 3179 4209 3234 molestia
4267 3180 4350 3232 in-

1047 3293 1273 3359 geratur
1320 3294 1376 3341 et
1419 3294 1638 3340 nostrae
1685 3286 2048 3341 mediocritati
2092 3286 2150 3339 in
2195 3286 2363 3339 sacris
2408 3286 2766 3341 conventibus
2812 3287 3015 3341 tedium
3063 3294 3119 3340 et
3165 3285 3513 3357 obprobrium
3558 3286 3843 3340 inferatur.
4387 3300 4441 3340 ’ὁ

1265 3401 1417 3465 XII.
1492 3405 1922 3482 Comperimus⁴
1970 3411 2138 3465 etiam
2202 3411 2474 3481 quosdam
2535 3411 2713 3465 socios
2774 3411 2983 3465 ordinis
3042 3411 3219 3465 nostri
3265 3428 3377 3465 non
3426 3428 3594 3465 causa
3642 3411 4001 3465 necessitatis
4049 3419 4148 3465 aut
4195 3411 4349 3465 utili·

1052 3518 1207 3585 tatis,
1257 3518 1357 3572 sed
1406 3518 1592 3589 potius
1639 3518 1908 3573 avaritiae
1959 3525 2018 3572 et
2065 3517 2324 3588 propriae
2375 3517 2771 3572 delectationis
2818 3518 3202 3589 saepissimae,
3251 3518 3480 3589 propria
3526 3518 3769 3573 civitatis
3801 3535 3936 3572 suae
3980 3518 4118 3572 sede
4151 3518 4355 3572 relicta

1053 3624 1320 3694 cleroque
1367 3624 1653 3695 neglecto,
1700 3624 2002 3678 remotiora
2047 3624 2170 3678 loca
2216 3622 2611 3694 frequentare,
2660 3626 2731 3679 de
2780 3642 2894 3695 qua
2937 3642 2998 3679 re
3049 3632 3108 3679 et
3141 3625 3437 3680 destitutio
3484 3625 3655 3678 divini
3695 3625 3878 3678 cultus
3911 3632 3972 3680 et
4002 3625 4352 3695 praedicatio

1051 3731 1111 3785 in
1156 3729 1420 3801 plebibus
1470 3738 1529 3785 et
1576 3747 1710 3784 cura
1754 3730 2131 3784 subiectorum
2179 3731 2542 3801 postponitur
2589 3739 2648 3785 et
2692 3730 3047 3801 hospitalitas
3094 3730 3437 3802 neglegitur.
3512 3729 3676 3795 Quod
3723 3749 3795 3785 ne
3845 3731 4083 3786 ulterius
4130 3749 4164 3786 a
4210 3749 4350 3802 quo·

1054 3854 1220 3908 quam
1267 3837 1389 3891 sine
1438 3836 1748 3891 inevitabili
1796 3837 2141 3891 necessitate
2194 3844 2253 3892 et
2302 3844 2463 3891 certa
2508 3837 2756 3892 utilitate
2803 3835 2926 3904 fiat,
2974 3838 3097 3908 pari
3145 3854 3421 3892 consensu
3468 3837 3826 3891 inhibuimus.
4390 3850 4442 3890 ³0

1717 4020 2049 4109 (Caput
2106 4021 2192 4087 II.
2266 4022 2369 4086 de
2442 4021 2893 4086 doctrina
2961 4023 3683 4112 episcoporum).

1268 4146 1651 4212 Consultum
1698 4149 1891 4211 etiam
1941 4157 2039 4210 est
2083 4147 2151 4209 in
2197 4148 2639 4233 propositione
2689 4146 2958 4211 secundi
3007 4146 3272 4234 capituli
3306 4149 3849 4235 commissumque
3886 4147 4351 4227 ventilandum,

1054 4254 1213 4341 quid
1256 4275 1785 4340 unumquemque
1835 4253 2286 4339 episcoporum
2348 4256 2517 4318 seire
2581 4263 2906 4339 oporteret
2967 4264 3163 4340 atque
3223 4253 3495 4340 implere
3558 4277 3678 4318 nec
3743 4256 4005 4320 omnino
4052 4256 4351 4342 ignorare

1052 4360 1302 4447 absque
1349 4360 1638 4447 periculo
1687 4360 1929 4424 liceret.

1268 4485 1433 4573 (13).
1480 4484 1533 4549 I.
1604 4485 1823 4549 Primo
1871 4485 2080 4547 visum
2130 4494 2228 4548 est
2275 4482 2575 4548 omnibus
2622 4506 3150 4571 unumquemque
3196 4485 3576 4572 pontificum
3626 4487 3793 4549 scire
3828 4498 4124 4572 oportere
4155 4486 4352 4552 fidem
4390 4509 4443 4548 ιο

1053 4594 1394 4673 sinceram,
1442 4602 1515 4657 ut
1561 4614 1600 4655 a
1645 4592 1964 4678 principio
2013 4613 2343 4655 sumamus
2391 4590 2732 4655 exordium
2782 4592 3065 4655 omnium
3115 4589 3431 4656 bonorum
3480 4603 3796 4679 ponentes
3843 4591 4352 4673 fundamentum,

1052 4698 1122 4764 id
1158 4710 1257 4764 est
1303 4697 1581 4784 qualiter
1625 4697 1716 4761 illi
1763 4697 1955 4762 fidem
2006 4720 2083 4762 ac
2133 4696 2584 4761 credulitatem
2634 4708 2897 4761 sanctae
2947 4699 3252 4761 trinitatis
3298 4699 3365 4761 in
3398 4700 3644 4764 unitate
3680 4698 3941 4763 deitatis
3975 4698 4099 4762 sibi
4130 4711 4353 4764 tenere

1268 4899 1462 4949 VIIII.
1521 4902 1553 4948 6
1592 4893 1679 4961 In]
1722 4899 1803 4948 Ex
1844 4898 1907 4948 G.

1265 4989 1332 5039 X.
1396 4990 1458 5038 15
1498 4984 1641 5051 cum]
1683 4994 1796 5038 tum
1838 4987 1884 5037 G
1922 5004 1947 5037 e
1982 5005 2109 5038 corr.
2265 4989 2328 5039 17
2369 4986 2550 5037 reddit
2589 4993 2884 5037 extraneus
2917 5005 2968 5052 9.

1265 5078 1365 5128 XI.
1423 5079 1490 5128 22
1528 5077 1870 5128 necessarios
1912 5075 1975 5126 G.
2121 5073 2503 5142 neglegentiae
2546 5075 2608 5125 G.
2755 5078 2823 5126 24
2861 5072 3200 5140 proveniant]
3241 5083 3669 5142 promoveantur
3708 5076 3772 5126 G.
4391 5092 4447 5130 ω

1264 5167 1394 5217 XII.
1452 5168 1518 5218 29
1559 5168 1631 5217 im
1673 5166 1737 5217 G.

1276 5266 1328 5303 2³2!
1384 5265 1552 5319 vaput·
1632 5283 1648 5287 -
1688 5248 2084 5321 cpiscoporum]
2121 5254 2196 5303 ita
2236 5253 2366 5315 edd„
2406 5253 2589 5304 desunt
2618 5272 2667 5320 q.
2817 5256 2884 5304 32
2922 5255 3183 5305 saecundi
3224 5254 3286 5304 G.
3432 5253 3733 5304 ventilandi
3777 5254 3841 5304 G.

1312 5355 1404 5395 ml.
1452 5351 1483 5391 l.
1552 5351 1612 5392 ,Π
1660 5344 1748 5395 ille
1790 5344 1853 5394 G.
2000 5338 2082 5407 ae]
2121 5343 2188 5393 ad
2232 5343 2296 5393 G.

1283 5515 1332 5559 l·
1384 5511 1696 5583 ⁴*2·:·.'.,r=.,·s·s'1.÷.=s
1747 5508 1861 5578 Μ,
1909 5508 2133 5584 Reyula
2169 5514 2397 5581 pastor.
2444 5505 2519 5562 Π
2554 5526 2601 5562 c.
2643 5510 2714 5576 1;
2771 5505 2918 5583 opp.
2968 5507 3056 5576 ΙΙ,
3099 5510 3193 5566 14.
3379 5506 3440 5576 2)
3486 5505 3554 5562 ib.
3605 5506 3677 5562 II
3714 5526 3759 5562 c.
3802 5511 3878 5575 8,·
3939 5507 3977 5563 l.
4028 5508 4065 5562 l.
4115 5506 4202 5576 II,
4251 5510 4354 5566 27.

1084 5643 1092 5663 ι
1196 5617 1284 5668 ,ι’-..ᾖν
1336 5619 1598 5667 Η-ϊηκῐιηψ-
1664 5613 2042 5688 cpiscoporum
2092 5617 2217 5672 829
2264 5631 2311 5668 c.
2348 5616 2427 5670 16
2488 5606 2662 5685 (MG.
2717 5610 2862 5688 Cap.
2910 5613 2990 5684 Π,
3026 5609 3150 5690 34),
3212 5632 3357 5688 quae
3415 5612 3612 5670 nititur
3656 5613 3715 5669 in
3763 5613 3994 5670 concilio
4043 5611 4362 5670 Parisiensi
4392 5631 4450 5670 ὦ

1060 5733 1180 5777 ,κζ-’ἐν
1232 5723 1312 5775 Η.»
1376 5723 1400 5775 f
1532 5731 1632 5779 ⁴32¹.-
1684 5739 1860 5795 supra
1899 5739 1966 5794 p.
2002 5721 2126 5778 626
2153 5739 2235 5793 sq.
2422 5717 2485 5787 4)
2537 5718 2638 5775 Ex
2681 5719 2954 5777 relatione
3000 5720 3382 5794 episcoporum
3438 5739 3484 5776 c.
3530 5723 3609 5779 17
3657 5711 3723 5794 (I.
3772 5721 3808 5776 l.
3865 5719 3944 5788 ΙῙ,
3996 5722 4073 5779 34
4104 5716 4219 5796 sq.)
4271 5742 4353 5768 =

1077 5833 1248 5879 ‘musa-¹¹-
1312 5829 1488 5879 finan-:2
1544 5832 1628 5879 3²⁸³-
1684 5825 1722 5883 I
1758 5847 1805 5882 C.
1837 5828 2054 5900 2131).
2093 5829 2234 5884 627.
