4884 6717
725 523 778 580 50.
814 523 1033 581 concaluit
1056 523 1284 579 PARISIENSE
1308 525 1345 580 Α.
1368 523 1442 580 829.
1843 513 1906 576 64Ῐ

252 710 370 773 Audite
393 711 461 788 lior,
489 715 549 797 qui
572 715 732 778 conteritis
754 738 930 800 pauperem
962 728 990 777 et
1019 713 1150 799 dejicere
1173 714 1295 800 facitis
1325 736 1434 799 opertos
1464 726 1555 792 terre,
1588 711 1741 775 dicentes:
1775 709 1909 788 Quando
1928 733 2089 782 amaea-s.

253 818 400 881 craruibit
423 821 532 884 messis
555 835 583 883 et
611 820 859 884 renundabimue
888 844 1005 884 merces
1034 833 1063 883 et
1090 821 1253 883 sabbatum
1288 833 1317 882 et
1344 822 1524 906 aperiemus
1550 819 1762 906 frumentum,
1799 831 1831 881 ul
1860 821 1908 883 in-

253 927 433 987 minuamus
457 950 633 989 mensrtram
658 941 686 991 et
708 951 879 1012 auqeamus
901 927 1014 990 siclum
1038 940 1066 990 et
1087 927 1300 1011 subponamus
1322 940 1455 990 austeras
1479 925 1615 1004 dolosas,
1637 938 1669 988 nt
1683 924 1910 1010 possideamus

256 1032 288 1094 in
323 1045 450 1117 arpenta
485 1057 593 1118 opertos
628 1048 657 1098 et
686 1057 845 1119 pauperes
872 1057 937 1120 pro
977 1033 1192 1097 calciamentis
1226 1048 1255 1097 et
1288 1034 1483 1118 quisquilias
1513 1034 1678 1119 frrtmenti
1716 1030 1910 1095 vendamus?

220 1135 380 1200 claravit
409 1137 566 1203 Donn'nns
598 1141 630 1203 in
660 1141 842 1227 arperbr'am
871 1139 984 1203 Iacob:
1015 1139 1056 1202 Si
1083 1140 1196 1203 oblitus
1219 1141 1321 1226 fuero
1354 1165 1448 1224 rusque
1478 1139 1524 1203 ad
1545 1141 1646 1225 finem
1676 1140 1782 1202 ornnia
1812 1162 1909 1224 opera

253 1267 368 1306 eorum.
416 1243 585 1331 rh'rcrnquid
605 1272 701 1332 super
732 1249 790 1311 isto
822 1271 882 1310 rron
913 1248 1153 1310 contritot-ebitum
1182 1261 1266 1309 terra
1297 1260 1326 1310 et
1354 1246 1471 1332 lupelrit
1500 1248 1602 1310 omncs
1631 1244 1788 1309 habitator
1818 1246 1909 1309 eires?

255 1349 336 1429 Quis
359 1371 439 1435 rogo
462 1361 529 1414 tam
552 1352 649 1416 ferrei
674 1354 815 1439 pectoris
840 1353 960 1434 existit,
986 1353 1038 1415 cui
1061 1363 1128 1415 tarn
1153 1350 1307 1416 terribilis
1332 1352 1493 1417 sententia
1508 1363 1663 1415 terrorem
1681 1372 1746 1414 non
1762 1350 1908 1432 incutiat,

255 1479 319 1540 (qua
342 1455 477 1521 dicitur:
502 1458 671 1544 errrrqeu'd
692 1485 787 1546 super·
813 1463 870 1523 isto
895 1483 955 1522 reon
979 1461 1218 1524 comruorebitur
1242 1475 1326 1524 terra
1350 1474 1379 1524 et
1397 1461 1512 1546 lupcbit
1528 1461 1629 1523 omnis
1645 1458 1803 1522 habitator
1818 1460 1910 1522 eirca?
1928 1482 2016 1533 aas.

253 1563 376 1647 Aperte
401 1585 480 1648 crgo
504 1563 566 1628 hac
590 1568 752 1629 sententia
775 1565 1010 1645 manifestatur,
1035 1564 1123 1651 quod
1150 1577 1284 1650 propter
1312 1587 1428 1629 usuras
1459 1576 1492 1628 et
1520 1563 1710 1650 inaequales
1739 1586 1910 1628 mensuras

209 1692 237 1731 ro
255 1681 457 1756 staterasque
482 1669 610 1735 dolosas
635 1686 732 1758 atque
764 1670 992 1758 obpressiones
1024 1694 1203 1757 pauperum
1234 1672 1407 1735 commotio
1438 1681 1555 1750 terrae,
1585 1672 1685 1735 immo
1715 1669 1909 1756 periclitatio

255 1787 287 1838 et
317 1775 490 1841 infirmatio
521 1779 613 1863 regni
643 1777 814 1866 luctusque
850 1780 993 1842 omnium
1029 1776 1248 1842 habitatorum
1284 1779 1353 1842 eius
1384 1778 1565 1864 proveniat
1624 1777 1745 1841 Beatus
1780 1798 1910 1863 qnoque

253 1882 463 1946 Hieronimns
494 1883 580 1948 huuc
611 1883 718 1949 locum
749 1887 794 1948 ita
825 1885 974 1970 exponit:
1008 1889 1055 1948 0¹
1086 1902 1117 1948 tu
1146 1893 1256 1948 israhel
1285 1895 1393 1959 audite,
1425 1912 1498 1965 quae
1533 1898 1643 1949 scelera
1673 1893 1810 1948 feceritis.
1863 1893 1909 1948 De

254 2007 338 2053 nocte
362 2007 513 2070 surgentes
536 2019 588 2071 pro
614 2001 741 2057 oratione
773 2010 803 2056 et
833 2001 942 2073 hymnis
973 2001 1001 2054 in
1025 2001 1119 2055 Deum
1148 2001 1273 2055 studium
1302 2001 1416 2056 hahetis
1445 2000 1625 2071 obprimendi
1655 2002 1714 2054 sive
1743 2000 1910 2055 conterendi

254 2124 405 2177 pauperes,
429 2116 460 2160 ut
483 2106 558 2162 fame
583 2115 611 2162 et
635 2116 767 2179 egestate
792 2107 916 2162 conlecti
939 2106 1107 2161 auferantur
1130 2126 1145 2162 e
1170 2117 1258 2174 terra,
1285 2109 1332 2178 qni
1358 2108 1515 2178 expectatis
1538 2106 1696 2173 Kalendas,
1720 2115 1752 2160 ut
1778 2107 1909 2178 negotie-

210 2228 236 2268 ιδ
255 2213 320 2267 mini
351 2221 382 2267 et
412 2231 510 2269 murae
540 2215 670 2286 augeatis
700 2215 802 2280 usuris,
836 2223 865 2270 et
897 2215 1026 2278 sabbata,
1059 2221 1091 2268 ut
1118 2214 1257 2285 aperiatis
1287 2214 1388 2269 horrea
1415 2215 1549 2285 detisque
1584 2214 1756 2268 frumentum
1791 2214 1910 2284 aruplius

254 2322 408 2391 recepturi,
433 2330 462 2376 et
487 2322 543 2376 Dei
566 2321 793 2393 sollempnitates
816 2322 906 2391 turpis
930 2320 999 2375 lucri
1022 2322 1116 2392 gratia
1138 2321 1167 2374 in
1191 2329 1287 2376 vestra
1309 2323 1478 2393 compendia
1500 2322 1623 2386 vertitis,
1652 2322 1701 2392 qui
1723 2320 1858 2375 minorem
1880 2321 1910 2374 in

254 2428 411 2482 vendendis
435 2429 574 2483 mercibus
597 2446 757 2483 mensuram
780 2427 874 2483 facitis
898 2437 927 2482 et
950 2429 1055 2482 rnaiora
1077 2429 1205 2499 pondera
1228 2428 1256 2482 ia
1286 2429 1459 2500 accipiendis
1489 2437 1682 2499 stateramque
1713 2427 1847 2498 iniquam,
1876 2435 1909 2481 ut

253 2535 423 2604 possideatis
445 2535 567 2605 pecunia
590 2553 731 2606 pauperes
755 2543 785 2589 et
808 2545 866 2589 tam
890 2534 961 2589 viles
984 2534 1114 2589 habeatis
1137 2535 1274 2602 homines,
1304 2543 1336 2588 ut
1366 2535 1510 2607 impleatis
1540 2534 1622 2603 illud,
1653 2535 1729 2606 quod
1757 2552 1843 2605 supra
1872 2535 1908 2588 de

255 2641 333 2695 robis
357 2640 496 2696 dixeram:
530 2639 590 2696 Pro
618 2661 649 2697 eo
679 2641 757 2716 quod
785 2639 947 2697 uerididistis
975 2648 1095 2716 arpenta
1125 2639 1224 2696 iustrtm
1255 2648 1281 2696 et
1308 2659 1467 2715 pauperem
1492 2660 1551 2716 pro
1581 2638 1780 2708 calciamentis,
1817 2649 1846 2694 et
1882 2641 1909 2695 in
1929 2653 2015 2706 tuas.

209 2761 238 2801 ao
257 2754 363 2801 tantam
387 2747 457 2802 lucri
480 2748 586 2802 rabiem
610 2748 756 2818 prosilitis,
780 2755 811 2802 ut
835 2766 890 2802 non
914 2748 1067 2814 frumenta,
1093 2765 1210 2819 quornm
1235 2765 1286 2802 esu
1308 2748 1450 2802 hominum
1474 2765 1591 2819 corpora
1620 2755 1827 2815 sustentantur,
1858 2748 1910 2802 sed

256 2854 419 2925 quisquilias
444 2861 473 2908 et
496 2863 684 2925 purgamenta
706 2854 840 2909 immenti
864 2855 995 2908 vendatis
1018 2855 1203 2926 pauperibus,
1229 2854 1375 2926 pulverem
1400 2863 1430 2910 et
1453 2854 1551 2926 paleas
1574 2855 1669 2910 tritico
1685 2855 1909 2910 commiscentes.

256 2950 338 3014 Item
361 2949 446 3014 idem
472 2952 504 3014 in
529 2953 732 3037 expositione
757 2951 940 3015 Ezechielis
972 2950 1168 3038 prophetae:
1200 2958 1331 3016 Putant2
1361 2962 1474 3033 quidam
1502 2979 1615 3017 usuram
1645 2970 1756 3016 tantum
1787 2979 1849 3016 esse
1881 2962 1909 3016 in

256 3069 385 3138 pecnnia.
433 3065 515 3130 Quod
538 3069 711 3138 praevidens
734 3069 873 3139 scriptura
903 3069 976 3122 omni
1000 3069 1042 3123 rei
1072 3067 1167 3123 aufert
1196 3069 1516 3139 superhabundantiam,
1546 3077 1578 3123 nt
1603 3069 1668 3140 plns
1691 3086 1748 3123 non
1778 3069 1909 3139 recipias,

256 3191 338 3244 quam
362 3174 477 3229 dedisti.
524 3173 604 3229 Solet
628 3176 656 3230 in
680 3176 754 3247 agris
777 3175 912 3229 frumenti
937 3183 967 3230 et
990 3175 1068 3242 milii,
1092 3176 1147 3229 vini
1173 3182 1203 3229 et
1227 3175 1282 3230 olei
1307 3183 1525 3246 ceterarumque
1549 3175 1708 3247 specierum
1724 3193 1809 3229 usura
1825 3175 1909 3246 exigi,

209 3297 238 3338 aa
256 3280 324 3344 sive,
349 3290 380 3334 ut
404 3281 532 3352 appellat
556 3300 647 3337 sermo
671 3282 793 3349 divinus,
818 3282 1095 3353 superabundantia3
1127 3282 1206 3336 verbi
1230 3282 1331 3353 gratia,
1356 3289 1389 3336 ut
1411 3282 1511 3337 hiemis
1534 3292 1663 3353 tempore
1687 3282 1786 3336 demus
1809 3282 1910 3337 decem

255 3387 361 3442 modios
385 3395 414 3442 et
437 3389 466 3442 in
490 3406 581 3443 messe
605 3390 774 3461 recipiamus
798 3389 970 3460 qaindecim,
994 3389 1047 3443 hoe
1071 3396 1115 3442 cst
1138 3389 1258 3459 amplius
1282 3406 1366 3461 quam
1383 3397 1493 3460 partem
1509 3389 1646 3450 mediam3
1664 3388 1713 3459 qui
1728 3389 1910 3442 iustissimum

255 3512 285 3548 se
316 3494 460 3564 putauerit
488 3503 617 3567 quartam
646 3496 709 3567 plns
739 3497 861 3567 accipiet
895 3497 1061 3567 portionem.
1114 3495 1152 3548 Et
1182 3495 1276 3550 solent
1307 3496 1533 3567 argumentariae
1564 3496 1678 3550 dicere:
1714 3494 1790 3549 Dedi
1824 3512 1911 3549 unum

255 3602 385 3667 modium,
411 3602 459 3672 qui
483 3611 561 3656 satus
585 3602 654 3657 fecit
683 3604 782 3658 decem
813 3603 936 3666 madiam
970 3619 1062 3657 nonne
1094 3602 1197 3656 iustam
1232 3612 1286 3670 est,
1319 3613 1351 3657 ut
1381 3604 1505 3658 medium
1535 3603 1658 3657 modium
1688 3602 1724 3657 de
1754 3618 1817 3656 meo
1846 3605 1911 3673 plns

255 3708 400 3779 accipiam,
432 3726 494 3763 cnm
525 3708 573 3763 ille
604 3728 668 3764 mea
698 3708 872 3765 liberalitate
904 3728 1004 3765 novem
1036 3717 1065 3763 ct
1096 3709 1179 3762 semis
1209 3710 1246 3762 de
1278 3728 1341 3764 meo
1372 3709 1499 3766 habeat?
1553 3707 1647 3764 Nolite
1677 3725 1787 3777 more,
1817 3708 1910 3779 inquit
1930 3729 2059 3780 auster,

210 3816 409 3886 coapostolus,
440 3814 519 3870 Dens
541 3836 598 3872 non
628 3815 777 3872 inridetur.
832 3816 1017 3887 Respondeat
1048 3816 1121 3870 eninr
1156 3817 1239 3870 nobis
1274 3817 1400 3871 breviter
1434 3815 1579 3872 fenerator
1613 3815 1780 3884 misericors,
1816 3823 1911 3870 utrum

253 3921 370 3978 habenti
394 3923 508 3978 dederit
532 3943 567 3978 an
597 3941 653 3978 non
684 3923 811 3978 habenti.
870 3923 997 3978 Habenti
1027 3924 1127 3996 utique
1163 3925 1232 3978 dare
1267 3941 1323 3978 non
1353 3924 1505 3990 debuerat,
1536 3923 1587 3976 sed
1623 3922 1703 3976 dedit
1739 3922 1819 3993 quasi
1854 3941 1910 3976 non

253 4028 388 4096 habenti,
421 4047 489 4101 ergo
513 4049 600 4101 qnare
631 4030 694 4102 plus
726 4031 812 4101 exigit
843 4030 924 4101 qnasi
954 4031 990 4084 ab
1020 4030 1166 4085 habente?
1219 4029 1278 4083 Alii
1308 4029 1430 4100 pecunia
1459 4029 1590 4084 fenerata
1620 4029 1714 4084 solent
1743 4028 1910 4084 munuscula

254 4135 384 4207 accipere
409 4137 512 4192 diversi
536 4138 649 4208 generis
674 4147 703 4190 et
728 4155 783 4191 non
807 4136 979 4206 intellegunt
1003 4155 1113 4192 usuram
1130 4136 1271 4208 appellari
1291 4143 1321 4190 et
1336 4136 1655 4207 superhabundantiam,
1680 4136 1816 4207 quicquid
1839 4135 1908 4190 illud

255 4253 310 4308 est,
334 4243 416 4299 siah
441 4261 486 4312 eo,
515 4245 590 4315 quod
614 4244 757 4310 dederint,
782 4243 846 4314 plus
876 4244 1048 4315 acceperint.
1102 4233 1140 4297 In
1171 4232 1296 4320 psalmo
1327 4244 1441 4318 quarto
1472 4231 1616 4297 decium:
1650 4233 1716 4311 (lui
1735 4235 1908 4320 peccuniam
1928 4263 2032 4312 raras.

210 4365 237 4404 aa
254 4367 342 4404 stram
368 4367 429 4405 nore
453 4342 608 4406 dedituri
638 4367 776 4405 stererant.
829 4340 1055 4404 Hieronimns:
1087 4347 1202 4405 Primo³
1226 4350 1378 4403 dicendum
1408 4349 1486 4404 iuxta
1515 4349 1651 4417 litteram,
1682 4350 1758 4422 quod
1788 4353 1834 4404 ler
1865 4349 1908 4403 in-

255 4457 365 4528 digeris
389 4465 498 4511 tantum
524 4465 553 4513 et
577 4459 684 4513 civibus
708 4457 881 4527 prohibuerit
907 4457 1006 4511 foenus
1030 4457 1133 4527 imponi
1158 4465 1186 4511 et
1209 4456 1379 4526 alienigenis
1402 4456 1515 4511 iusserit
1543 4455 1695 4524 foenerari,
1726 4455 1818 4510 David
1842 4473 1908 4510 vero

255 4563 449 4632 evangelicum
480 4564 644 4619 describens
671 4565 761 4618 virum
793 4573 823 4618 et
854 4581 928 4628 earm,
960 4563 1007 4633 qui
1037 4562 1215 4617 habitaturus
1249 4563 1285 4617 sit
1317 4563 1344 4617 in
1376 4572 1470 4617 monte
1502 4571 1600 4617 sancto
1625 4562 1690 4626 Dei,
1722 4561 1774 4616 hoe
1806 4571 1849 4616 est
1880 4563 1909 4616 in

256 4669 377 4725 ecclesia
400 4670 465 4737 Dei,
490 4671 517 4724 in
542 4677 658 4725 cunctos
681 4669 856 4740 generaliter
879 4669 940 4725 fieri
964 4670 1078 4724 vetarit.
1124 4659 1220 4723 Hanc
1245 4660 1342 4723 etiam
1368 4660 1571 4740 sententiam,
1596 4681 1661 4745 qua
1684 4657 1818 4723 dicitur:
1847 4659 1913 4737 Qui
1928 4690 2027 4740 mma,

250 4771 419 4854 pecnniam
442 4793 532 4831 snam
557 4792 616 4831 nou
641 4769 730 4832 dedit
751 4768 797 4831 ad
820 4793 958 4844 tesseram,
983 4764 1197 4830 Cassiodorus
1221 4767 1267 4830 ita
1292 4768 1441 4853 exponit:
1458 4771 1597 4831 Duobus⁴
1614 4776 1703 4830 modis
1719 4775 1747 4829 in
1763 4775 1908 4847 scripturis

209 4899 237 4954 φο
255 4885 359 4938 sanetis
381 4884 504 4955 pecnnia
527 4885 664 4955 probatur
686 4883 824 4955 intellegi.
873 4883 937 4939 L'na
961 4890 1005 4936 cst
1029 4883 1084 4936 ista
1113 4881 1267 4948 metallica,
1298 4900 1371 4953 qnae
1402 4883 1438 4936 ad
1468 4900 1582 4937 usuram
1612 4883 1671 4936 dari
1702 4883 1812 4936 omnino
1843 4901 1908 4952 pro·

362 5092 440 5142 LIII.
469 5093 634 5157 bsuperbia
653 5092 681 5142 V.
754 5093 899 5142 {insuram
920 5091 946 5141 l'.
1022 5094 1054 5141 15
1073 5092 1220 5157 apperIatis
1241 5090 1268 5140 V.
1289 5089 1319 5140 P.
1389 5091 1421 5139 16
1441 5092 1546 5154 recepti
1566 5090 1592 5141 V.
1660 5093 1694 5141 20
1714 5089 1856 5156 prosilistis
1877 5090 1908 5141 Ρ.

255 5182 288 5231 22
309 5178 479 5231 Ezechihelis
499 5180 530 5230 P.
621 5183 655 5232 23
681 5181 957 5246 superabundantiam
976 5181 1016 5231 ln'c
1034 5189 1057 5230 et
1076 5181 1148 5245 injro
1166 5179 1197 5229 P.
1289 5181 1323 5229 25
1347 5179 1643 5245 superhabundantiam
1666 5177 1811 5245 (supernis.)
1830 5180 1856 5230 l'.
1875 5179 1908 5229 P.

256 5271 288 5321 27
309 5264 535 5334 argumentariae]
555 5270 591 5319 ita
611 5270 637 5320 V.
658 5270 689 5331 P,
715 5272 896 5334 argumentari
924 5279 950 5321 et
975 5269 1031 5320 edd.
1128 5271 1160 5319 29
1182 5263 1355 5333 liberalitate]
1377 5267 1503 5320 libertate
1523 5268 1554 5318 P.
1649 5271 1681 5318 33
1701 5267 1858 5334 intelligunt
1877 5268 1908 5318 P.

255 5360 289 5408 36
309 5358 425 5425 aligeris
445 5359 472 5409 Γ,
546 5361 579 5409 38
600 5358 702 5409 eclesia
721 5359 748 5408 Γ.

210 5573 237 5612 ss
365 5559 394 5628 1)
426 5558 627 5632 Hieronymus,
661 5556 812 5616 Cornrnenl.
846 5558 874 5614 in
898 5559 1001 5627 Arriam
1032 5557 1108 5634 Opp.
1138 5557 1186 5627 VI,
1212 5559 1282 5615 338.
1398 5555 1428 5624 2)
1463 5555 1660 5630 Hieronymus,
1698 5555 1849 5614 Corrnneut.
1880 5556 1908 5613 in

256 5665 429 5724 Ezechielem
454 5667 553 5733 c.1s,·
578 5663 651 5740 Opp.
675 5665 793 5734 Kato.
883 5665 913 5732 3)
938 5665 1024 5722 Hunc
1047 5667 1134 5722 locum
1159 5684 1215 5719 non
1239 5662 1335 5720 insani
1356 5663 1385 5719 in
1409 5661 1549 5719 breviario
1565 5661 1856 5737 Rs.·1fieronptrriano
1880 5664 1909 5720 in

250 5773 440 5847 prolamans
458 5792 512 5848 quo
531 5771 689 5847 perquisivi
704 5771 934 5828 contererentarium
948 5771 976 5828 in
995 5773 1100 5847 psalm.
1119 5774 1175 5838 lt,·
1201 5769 1309 5846 stipae,
1326 5769 1436 5826 Patrol.
1454 5770 1504 5825 lat.
1521 5768 1636 5840 XXVI,
1654 5775 1715 5828 355
1734 5765 1822 5842 (deest
1836 5770 1910 5826 inter

254 5897 343 5953 opera
366 5878 535 5952 lberonymi
557 5899 575 5935 a
599 5878 724 5935 Vallarsl
746 5874 843 5952 edita).
937 5877 968 5946 4)
994 5877 1189 5948 Cbssiodorus,
1215 5876 1365 5953 Expositio
1388 5876 1418 5934 in
1436 5878 1541 5953 psalm.
1567 5879 1621 5947 14‚·
1646 5877 1721 5953 Opp.
1746 5877 1785 5948 H,
1802 5880 1853 5936 51.
