4884 6717
421 927 449 968 ct.
457 927 512 965 Lev.

407 981 440 1028 lt,
448 981 459 1019 t
466 991 514 1027 sqq.

407 1034 440 1082 14,
448 1035 459 1072 1
466 1045 513 1081 suu.

396 1254 512 1296 ctMttth.

418 1308 451 1354 16,
461 1308 492 1349 19.

365 2099 394 2137 ct.
403 2098 471 2138 Dent.
480 2098 512 2145 rt,

403 2151 476 2192 8-10.

362 3823 458 3865 neuen.
465 3822 485 3872 2,
495 3823 516 3863 t.

533 511 597 574 608
1003 517 1055 574 50.
1092 517 1311 574 CONCILIUM
1334 518 1560 574 PARISIENSE
1584 518 1620 572 Α.
1643 516 1718 572 829.

531 727 591 791 per
621 727 702 790 quos
734 705 832 767 etiarn
856 704 1003 768 homines
1027 704 1067 768 de
1092 704 1152 782 bis,
1185 727 1269 791 qaae
1300 714 1373 790 post
1403 703 1566 790 baptisma
1596 704 1809 784 committunt,
1840 704 2061 790 paenitentiae
2095 706 2186 768 satis·

532 812 673 876 factione
698 824 832 897 peracta
855 811 928 874 Deo
960 811 1163 875 reconciliari
1193 824 1368 882 mereatur,
1400 811 1443 875 ad
1473 833 1609 897 quorum
1640 812 1813 896 imperium
1844 810 2022 875 secundum
2053 823 2187 875 sauctae

533 917 614 1003 legis
639 917 806 982 decretum
831 918 887 1002 qui
906 917 1015 1003 leprae
1033 918 1238 982 immunditia
1254 918 1429 983 sordebant
1446 915 1721 998 emaculabantur,
1747 928 1921 1003 ceteraque
1938 940 2049 981 eorum
2065 917 2186 981 iudicio

532 1026 566 1088 in
596 1023 756 1109 legalibus
787 1024 942 1087 institutis
974 1023 1181 1087 decernenda
1211 1024 1479 1110 prorogabuntur,
1516 1022 1635 1109 quibus
1666 1034 1699 1087 et
1729 1025 1763 1087 in
1793 1024 1963 1108 evangelio
1995 1047 2014 1087 a
2043 1025 2186 1088 Domino

532 1143 621 1194 tanta
645 1131 812 1195 confertur
835 1142 989 1216 potestas,
1021 1143 1056 1194 at
1087 1153 1170 1216 quae
1203 1132 1373 1194 statuerint
1403 1131 1437 1193 in
1468 1143 1555 1194 terra
1588 1141 1708 1194 statuta
1731 1132 1795 1194 sint
1819 1139 1851 1194 ct
1874 1132 1907 1194 in
1932 1130 2022 1194 eaelo
2047 1141 2079 1194 et
2103 1153 2218 1216 quaes

532 1238 688 1301 solverint
710 1238 744 1300 in
768 1249 855 1301 terra
879 1237 982 1300 soluta
1007 1239 1070 1300 sint
1095 1249 1125 1301 et
1150 1239 1182 1300 in
1208 1236 1307 1300 caelis
1331 1249 1363 1300 et
1387 1260 1524 1322 quorum
1549 1238 1731 1301 remiserint
1754 1247 1891 1323 peccata
1907 1239 2113 1302 remittantur
2128 1240 2184 1302 eis.

531 1345 601 1408 Hos
633 1345 754 1431 quippe
787 1355 913 1407 constat
943 1345 1083 1407 vicarios
1115 1366 1186 1407 esse
1218 1343 1436 1428 apostolorum
1468 1354 1500 1407 et
1530 1343 1703 1407 luminaria
1733 1344 1856 1407 mundi.
1903 1344 1969 1407 Per
1998 1344 2056 1407 hos
2087 1345 2187 1430 igitur

532 1474 708 1537 eorumque
734 1450 915 1514 doctrinam
940 1450 1021 1513 tales
1045 1452 1191 1536 tantique
1216 1451 1353 1535 piissimi
1376 1451 1542 1536 principes
1567 1448 1628 1520 sibi
1653 1450 1784 1535 suisque
1809 1448 1949 1513 fideliter
1977 1450 2188 1514 crediderunt

531 1557 788 1621 misericordiam
813 1558 981 1643 propitiari
1006 1580 1100 1643 posse
1126 1557 1281 1620 divinam.
1317 1556 1385 1620 b'ec
1410 1557 1570 1636 inruente,
1595 1556 1716 1642 quippe
1741 1557 1818 1641 qaia
1833 1568 1992 1620 noverant
2007 1556 2186 1620 Dominum

532 1667 739 1750 praecepisse
764 1687 822 1749 per
838 1666 989 1749 Aggeum
1014 1664 1215 1750 prophetam,
1240 1676 1276 1727 ut
1299 1663 1484 1728 sacerdotes
1509 1663 1549 1727 de
1566 1662 1638 1748 lege
1655 1663 1789 1726 Domini
1806 1664 2094 1747 interrogarentur.
2129 1663 2187 1726 Ait
2206 1687 2232 1727 ro

531 1794 692 1856 namque:
709 1771 871 1858 Inter-rapa
889 1772 1064 1834 sacerdotes
1081 1773 1186 1856 tepent,
1206 1769 1294 1855 quod
1317 1768 1432 1833 beatus
1448 1769 1658 1833 Hieroninrus
1682 1771 1728 1833 ita
1751 1771 1900 1855 exponit:
1927 1779 2012 1833 Simul
2023 1776 2043 1839 ¹.
2060 1769 2185 1855 inquid,

532 1889 673 1942 considera
698 1889 870 1940 sacerdotum
893 1886 976 1940 officii
1002 1905 1062 1940 esse
1086 1888 1120 1938 de
1144 1887 1207 1956 lege
1232 1887 1414 1957 intonueras
1436 1888 1613 1955 respondere.
1653 1885 1682 1939 Si
1705 1887 1833 1939 sacerdos
1856 1895 1906 1946 est,
1930 1887 1999 1939 sciat
2021 1887 2113 1957 legem
2128 1887 2185 1940 Do·

532 1995 611 2058 nntri3
636 1995 657 2047 si
682 1995 790 2066 ignorat
813 1995 914 2061 legem,
937 1995 995 2062 ipse
1019 2012 1048 2046 se
1072 1994 1162 2064 urgnrit
1183 2013 1238 2046 non
1263 2011 1322 2047 esse
1339 1993 1448 2045 Domini
1473 1993 1653 2046 sacerdotem.
1685 1992 1841 2047 Sacerdotis
1857 1993 1930 2046 enim
1947 2001 1988 2046 est
2007 1994 2076 2047 scire
2095 1994 2186 2064 legem

533 2110 561 2154 et
584 2102 619 2154 ad
646 2102 888 2172 interrogationem
915 2102 1082 2169 respondere
1109 2101 1144 2153 de
1171 2102 1244 2168 lege.
1291 2101 1371 2164 Qum
1395 2100 1506 2169 quidem
1534 2107 1561 2152 et
1588 2099 1616 2152 iu
1639 2099 1854 2153 Deuteronomio
1882 2100 2008 2171 legimus,
2034 2110 2074 2168 ut,
2101 2099 2186 2153 sicubi

533 2210 561 2261 iu
584 2208 696 2261 urbibus
720 2207 824 2260 Israhel
850 2207 955 2276 questio
979 2207 1060 2259 fuerit
1084 2218 1147 2260 nata
1172 2207 1243 2260 inter
1266 2207 1426 2276 caligariuem
1453 2211 1481 2259 ct
1508 2205 1678 2276 sanguinem,
1703 2207 1833 2260 iudIciunr
1860 2213 1887 2260 et
1914 2206 2053 2273 indicium,
2081 2207 2187 2275 lepram
2208 2220 2233 2259 te

532 2323 559 2368 et
579 2333 634 2368 nou
653 2314 768 2383 lepram.
792 2314 1035 2367 contradictionem
1056 2322 1082 2366 et
1106 2333 1160 2366 nan
1185 2313 1437 2378 corrtradietionern,
1461 2321 1524 2366 eant
1548 2314 1584 2366 ad
1600 2314 1757 2367 sacerdotes
1773 2319 1858 2383 atquc
1873 2313 1988 2367 Levites
2004 2320 2031 2367 et
2048 2315 2083 2366 ad
2099 2313 2187 2383 ponti

531 2421 621 2480 ficem,
646 2421 693 2490 qui
717 2421 745 2473 in
768 2421 866 2472 (lielrns
890 2420 944 2472 Illis
967 2421 1048 2473 fiterit
1072 2422 1243 2478 coristitatas,
1267 2427 1295 2474 et
1318 2429 1453 2490 quaerant
1476 2419 1511 2473 ab
1536 2437 1570 2473 eo
1585 2420 1677 2490 legent
1694 2420 1820 2488 Domini3
1844 2420 1945 2490 (pribns
1961 2420 2188 2489 respondentibus

532 2527 635 2580 faciant
660 2529 734 2597 quad
758 2526 873 2580 iubemr.

639 2624 700 2687 His
724 2624 824 2708 igitur
847 2622 1007 2708 legalibus
1031 2637 1063 2687 et
1087 2623 1286 2709 propheticis
1317 2624 1472 2687 institutis
1503 2625 1653 2687 instructi
1682 2646 1748 2687 non
1777 2623 1819 2687 ab
1844 2646 1878 2687 re
1904 2624 2068 2688 duxerunt
2090 2647 2188 2710 snper

532 2732 598 2794 suis
623 2730 799 2817 populique
831 2729 894 2793 sibi
925 2730 1062 2794 subiecti
1094 2729 1255 2794 erratibus
1287 2730 1473 2794 sacerdotes
1502 2729 1608 2814 legem
1631 2730 1766 2794 Domini
1797 2732 1936 2794 scientes
1961 2730 2186 2795 consulendos.
2205 2754 2233 2792 ro

534 2839 764 2923 Quapropter-¹
788 2849 969 2900 statuerant
993 2843 1043 2900 in3
1067 2856 1202 2918 [quattuor
1226 2838 1527 2922 congruentissimis
1550 2837 1678 2923 imperii
1709 2839 1759 2900 sui
1790 2846 1859 2901 locis
1889 2855 2046 2901 conventas
2077 2848 2186 2918 cpisco-

532 2973 630 3024 porum
661 2967 725 3007 uno
759 2943 939 3028 eodemque
975 2955 1121 3029 ternpore
1156 2953 1217 3008 ficri
1254 2943 1389 3020 debere,
1425 2955 1452 3006 ia
1483 2952 1582 3023 simbus
1616 2953 1796 3007 consentibus
1830 2943 1973 3007 Domino
2008 2944 2187 3030 inspirante

533 3050 707 3136 diligenter
737 3049 904 3113 studerent
935 3078 1052 3130 querere
1083 3064 1115 3114 et
1145 3053 1345 3136 investigate
1376 3062 1410 3114 de
1439 3061 1527 3114 causis
1554 3062 1590 3113 ad
1617 3061 1778 3131 religionem
1806 3059 1988 3114 Christianam
2016 3077 2187 3131 eorumque

533 3185 625 3221 curam
649 3167 859 3237 pertinentibus.
887 3168 953 3236 quid
977 3185 992 3219 a
1018 3167 1184 3236 principibus
1212 3175 1240 3220 et
1263 3168 1370 3237 reliquo
1393 3169 1498 3237 populo
1525 3168 1569 3221 rel
1597 3167 1645 3234 ita,
1671 3173 1702 3220 at
1728 3167 1821 3221 divina
1849 3167 1996 3220 samaritas
2023 3169 2114 3237 docet,
2140 3177 2188 3222 aut

533 3276 615 3327 aliter
638 3285 803 3328 teneretur
827 3275 870 3327 rel
896 3274 962 3343 qnid
985 3274 1047 3327 inde
1073 3293 1110 3342 ex,
1130 3285 1209 3342 parte
1234 3277 1288 3326 aut
1312 3293 1345 3328 ex
1369 3283 1427 3327 toto
1447 3276 1586 3327 diarissmn
1602 3279 1645 3336 sit,
1667 3282 1697 3327 ut
1715 3292 1771 3327 non
1789 3283 1970 3340 teneretur3
1994 3275 2093 3328 deinde
2121 3275 2187 3344 (perid
2204 3285 2232 3325 at

533 3382 560 3433 in
595 3383 731 3450 ipsorum,
767 3381 812 3450 qui
840 3389 966 3450 pastores
993 3381 1089 3449 papali
1116 3381 1253 3434 coustituti
1282 3387 1356 3448 aaut,
1383 3380 1591 3434 conversatione
1619 3389 1647 3436 et
1674 3381 1780 3434 actibus
1806 3381 1921 3434 inveniri
1947 3390 2084 3450 posset,
2112 3382 2187 3451 quod

534 3489 642 3541 divitiae
667 3489 779 3558 regulae
804 3495 888 3556 atque
910 3487 1064 3540 arietaritati
1081 3507 1137 3540 nou
1156 3488 1377 3550 correordaret,
1401 3487 1537 3556 sirnulqnc
1553 3488 1740 3556 invenirent,
1765 3504 1837 3557 quae
1854 3488 2011 3541 occasiones
2026 3489 2054 3541 in
2069 3495 2186 3558 utroque

533 3595 627 3648 ordine
651 3595 679 3647 id
703 3594 854 3650 effecerint.
880 3602 910 3646 ut
933 3613 949 3646 a
972 3601 1049 3647 recto
1072 3594 1181 3646 tramite
1208 3594 1378 3652 deviassent:
1408 3606 1434 3646 et
1462 3594 1594 3664 quiequid
1620 3595 1655 3646 de
1681 3593 1723 3647 his
1749 3593 1839 3648 caruis
1866 3594 2005 3647 inventurn
2032 3595 2187 3658 fuisset,

534 3693 743 3755 correctionis
767 3692 873 3776 gratia
896 3691 986 3754 iuxta
1009 3691 1224 3753 ministerium
1248 3689 1311 3753 sibi
1333 3691 1514 3754 iniunctum
1538 3703 1687 3777 patenter
1709 3690 1949 3770 denuntiarent,
1973 3690 2186 3755 adtendentes

534 3798 623 3880 illud,
649 3797 736 3884 quod
753 3820 812 3883 per
827 3796 1024 3860 Malachiam
1039 3797 1232 3883 prophetam
1248 3797 1409 3860 Dominus
1426 3799 1488 3860 ait:
1513 3798 1618 3862 Labr'a
1643 3799 1815 3863 sacerdotis
1831 3799 2009 3863 ‹urstodiunt
2023 3802 2185 3862 seientiam
2206 3824 2234 3864 so

534 3922 561 3970 et
585 3909 680 3994 tepent
703 3908 869 3990 requirnnt
892 3930 930 3968 ea
952 3929 1004 3969 ore
1029 3907 1105 3983 elas,
1130 3907 1205 3990 qnia
1231 3905 1360 3991 urrpelas
1377 3905 1513 3968 Doan‘ru'
1534 3907 1724 3968 eccerer'taunt
1748 3920 1801 3984 eat,
1825 3904 1913 3990 quod
1936 3902 2051 3968 beatus
2070 3905 2186 3968 Hiero·

533 4014 639 4076 nimus
663 4014 708 4075 ita
732 4012 882 4097 exponit:
907 4017 1053 4090 Angelus⁴
1076 4029 1178 4086 autern,
1201 4010 1326 4096 inquld,
1351 4021 1378 4073 id
1402 4030 1442 4074 est
1466 4021 1585 4082 nuntius,
1608 4021 1736 4074 sacerdos
1751 4021 1807 4075 Dei
1827 4022 1966 4076 verissime
1991 4021 2098 4086 dicItur,
2121 4021 2187 4091 quia

533 4131 587 4183 Dei
612 4138 640 4184 et
663 4129 801 4181 lrorninum
826 4139 969 4196 sequester
993 4135 1034 4178 est
1058 4127 1171 4196 eiusque
1195 4128 1231 4180 ad
1253 4128 1372 4196 populos
1394 4128 1501 4180 nmrtiat
1525 4129 1704 4181 voluntatem.

641 4224 830 4289 Eorundem
854 4225 963 4308 itaque
988 4222 1200 4308 gloriosorum
1226 4235 1258 4286 et
1281 4223 1532 4288 orthodoxorum
1550 4225 1734 4310 principum
1751 4224 1947 4288 iussionibus
1964 4223 2184 4306 oboedientes,

534 4335 727 4397 immo‘non
759 4330 862 4394 solum
893 4342 1035 4397 nostrae.
1068 4329 1125 4393 sed
1153 4333 1250 4394 etiam
1283 4332 1352 4394 eius
1376 4332 1538 4417 totiusque
1566 4330 1679 4417 populi
1703 4330 1765 4394 sibi
1790 4331 1953 4395 commissi
1976 4330 2071 4395 saluti
2095 4333 2186 4395 iuxta
2205 4357 2232 4396 ss

533 4439 748 4503 ministerium
778 4436 873 4501 nobis
905 4435 1067 4500 conlatam
1102 4437 1270 4501 consulere
1302 4438 1470 4522 capientes
1495 4460 1580 4502 anno
1604 4439 1837 4502 iucarnationis
1860 4437 1996 4501 Domini
2019 4438 2185 4523 octingen-

535 4547 648 4609 tesimo
672 4545 829 4608 vicesimo
853 4567 949 4624 nono,
974 4543 1210 4630 imperantibus
1235 4543 1359 4608 eisdem
1383 4543 1704 4630 praecellentissimis
1728 4567 1767 4607 ae
1791 4544 2031 4629 gloriosissimis
2047 4543 2185 4629 Deoque

534 4652 660 4716 dilectis
691 4650 858 4735 Augustis.
895 4649 1088 4714 illudowico
1119 4650 1273 4714 videlicet
1303 4650 1434 4736 filioque
1459 4651 1528 4714 eius
1559 4650 1740 4732 Hlothario,
1777 4649 1837 4714 sab
1869 4649 1921 4713 die
1945 4650 2038 4714 VIII.
2069 4649 2186 4714 Iduum

533 4759 701 4822 Iuniarum
712 4763 733 4836 ⁵,
765 4781 822 4820 nos
854 4757 979 4842 indigni
1011 4758 1156 4842 episcopi
1181 4780 1222 4820 ex
1247 4756 1371 4820 diocesi
1395 4756 1520 4821 scilicet
1542 4757 1823 4822 Durocortorum6
1845 4779 1973 4820 necnon
2004 4768 2036 4821 et
2063 4757 2186 4822 diocesi

535 4866 698 4930 Senonica
722 4877 754 4928 et
777 4864 942 4928 Turonica
965 4874 1063 4948 atque
1087 4863 1301 4947 Rotomagica
1325 4863 1413 4949 apud
1436 4864 1637 4928 Parisiorum
1661 4863 1775 4929 arbem
1800 4865 2012 4928 convenimus
2036 4875 2077 4946 et,
2109 4887 2185 4950 qua·
2205 4891 2233 4930 ro

641 5044 919 5109 3eorunrlcoramP.
958 5042 1170 5108 tramittantarl
1187 5048 1310 5096 remittor
1322 5047 1348 5106 l',
1362 5047 1570 5097 remittentan.
1610 5050 1641 5099 17
1657 5044 1951 5113 quaeranthueautl'.
1994 5051 2026 5099 19
2040 5043 2183 5110 duxerunt]

533 5138 585 5188 scil.
605 5139 792 5203 imperatores.
848 5137 881 5185 22
901 5129 1061 5200 inspirante]
1082 5136 1201 5200 spirante
1217 5134 1247 5184 P.
1304 5137 1337 5185 24
1357 5131 1382 5197 al
1405 5137 1439 5185 ad
1455 5136 1485 5185 P.
1535 5132 1593 5200 aut]
1616 5143 1645 5186 ut
1659 5137 1689 5191 P.
1738 5141 1771 5188 25
1791 5137 1834 5188 vel
1855 5133 1928 5203 quid]
1948 5138 1991 5188 rel
2012 5136 2185 5202 quiequidP.

535 5229 568 5277 36
587 5221 677 5288 uobis]
699 5227 777 5274 robis
798 5225 824 5273 Γ.
899 5219 1127 5286 etn0n01aa110
1149 5224 1175 5274 Γ.
1249 5226 1282 5274 38
1302 5225 1441 5290 Augustus
1462 5225 1488 5274 l'.
1561 5226 1688 5277 Hlotorio
1707 5226 1734 5276 Γ.
1808 5228 1842 5276 39
1861 5227 2079 5277 Durocortorum
2099 5225 2129 5276 P.

645 5389 673 5458 1)
698 5389 896 5462 Hieronymus,
924 5385 1075 5445 Cornrnent·
1099 5387 1128 5442 in
1152 5389 1313 5462 Appaertnm
1345 5386 1418 5463 Opp.
1443 5388 1490 5458 VI,
1509 5392 1578 5449 760.
1672 5390 1702 5458 2)
1725 5390 1757 5445 V.
1781 5390 1867 5462 infra
1884 5389 2101 5465 praefationem
2124 5388 2188 5445 libri

535 5496 617 5564 tertii,
649 5496 722 5552 unde
740 5496 846 5569 pendet
863 5494 1017 5569 praefatio
1040 5493 1186 5549 relationis
1210 5493 1411 5569 episcoporum,
1446 5493 1519 5552 ΜΟ.
1546 5495 1638 5570 Capit.
1663 5497 1703 5564 II,
1719 5500 1770 5556 28.
1864 5497 1894 5566 3)
1926 5495 2078 5572 Sequentia
2103 5495 2186 5552 uerba
2204 5510 2232 5551 te

535 5603 701 5676 deprompta
723 5610 789 5658 nun
811 5621 847 5657 er
870 5600 1060 5656 constantinae
1083 5621 1111 5655 a.
1128 5602 1219 5668 enac
1242 5620 1332 5674 supra
1350 5620 1383 5675 p.
1402 5605 1464 5660 596
1488 5604 1505 5658 l.
1525 5608 1564 5660 33
1578 5623 1640 5679 sqq.
1711 5603 1740 5672 4)
1764 5603 1964 5677 Hieronymus,
1986 5601 2138 5660 Camrrrent.
2156 5602 2185 5658 in

537 5707 730 5776 Malachiam,-
751 5707 824 5782 Opp.
842 5708 890 5776 VJ,
905 5711 973 5766 960.
1040 5707 1070 5762 bt
1088 5711 1151 5764 829
1165 5706 1237 5762 Jurr.
1252 5711 1279 5765 6.
1346 5707 1376 5775 6)
1392 5707 1616 5766 Durocortorum
1633 5709 1794 5781 Benzonnn,
1812 5709 1893 5768 lrodie
1908 5708 2034 5780 ‘Reium
2052 5709 2188 5766 laudatur

534 5835 554 5870 a
580 5816 718 5884 Caesare,
750 5814 796 5870 De
823 5799 890 5869 bello
922 5813 1034 5870 Gallico
1064 5813 1108 5868 l'I
1127 5833 1150 5868 c.
1167 5817 1205 5871 lt
1230 5808 1254 5888 i
1273 5817 1300 5873 1.
1343 5813 1391 5884 (J.
1416 5836 1485 5872 ann.
1510 5815 1676 5873 Bertinr'ani
1697 5819 1760 5876 847
1783 5818 1826 5873 ed.
1854 5816 1945 5874 ll'at'tr
1966 5837 2000 5892 p.
2024 5819 2081 5876 34.-
2111 5817 2187 5888 apud

535 5922 685 5977 Remorum
708 5924 937 5977 Durocortorum.
