4884 6717
562 491 630 553 484
1034 497 1087 554 44.
1123 496 1343 555 conemur!
1366 497 1596 553 PARISIENSE
1619 499 1657 553 A.
1677 496 1752 553 825.

564 685 829 770 praesumptione
851 706 918 749 non
939 697 1015 749 sunt
1038 684 1296 771 confingendae
1319 684 1419 749 etad
1442 686 1596 748 iniuriam
1619 695 1807 749 sanctorum
1830 684 2010 750 abolendae
2033 698 2066 750 et
2088 686 2218 773 penitus

564 790 790 877 dispiciendae
818 813 881 855 nec
911 792 1093 857 assertione
1122 793 1350 879 superstitiosa
1380 792 1539 856 colendae
1570 805 1627 856 aut
1656 792 1855 862 adorandae.
1886 792 1945 857 sed
1973 794 2080 879 potins
2107 793 2219 860 huius·

564 897 694 962 cemodi
722 898 951 984 superstitione
980 911 1107 963 remota
1134 900 1229 963 iuxta
1259 922 1373 964 veram
1403 899 1596 984 religionem
1626 900 1802 963 memoriae
1832 911 1865 963 et
1887 901 2006 964 amoris
2034 923 2143 982 causa,
2174 899 2218 965 ob

562 1004 824 1070 recordationem
854 1027 978 1087 eorum,
1008 1028 1146 1092 quornm
1175 1018 1252 1071 sunt
1281 1008 1452 1093 imagines,
1482 1005 1667 1088 habendae,
1696 1008 1782 1069 sicut
1804 1029 1825 1070 a
1847 1005 2034 1071 beatissimo
2058 1005 2218 1094 Gregorio

563 1112 644 1175 satis
667 1111 827 1176 catholice
849 1114 1089 1200 perspicueque
1112 1113 1237 1178 dictum
1261 1113 1448 1178 declaratur
1460 1118 1481 1177 ¹.
2237 1146 2252 1184 s

672 1218 759 1300 Quia
787 1221 890 1305 igitur
917 1243 977 1284 nos
1007 1220 1069 1302 his,
1104 1222 1161 1307 qui
1189 1222 1225 1284 in
1255 1244 1350 1284 sacra
1380 1221 1458 1284 sede
1489 1218 1579 1284 beati
1608 1220 1700 1283 Petri
1728 1219 1866 1305 apostoli
1897 1219 2050 1302 resident,
2085 1220 2219 1306 dignam

564 1325 698 1390 honoris
727 1329 948 1392 reverentiam
977 1329 1048 1392 iure
1071 1327 1279 1392 tribuendam
1309 1351 1374 1392 non
1405 1327 1593 1391 dubitamus
1616 1339 1650 1390 et
1671 1326 1800 1390 illorum
1823 1349 1903 1413 erga
1925 1328 2083 1412 irnagincs
2106 1350 2218 1414 super·

563 1433 726 1497 stitiosam
740 1436 986 1498 venerationem
1010 1433 1144 1521 quidam
1165 1436 1251 1508 visu,
1275 1457 1388 1518 omnes
1411 1457 1491 1498 vero
1514 1433 1651 1497 alionum
1675 1432 1781 1497 relatu
1799 1436 2035 1519 cognoscimus,
2057 1434 2219 1498 voluimus

564 1541 706 1626 primum
737 1553 853 1605 contra
874 1541 947 1605 illos
969 1543 1148 1606 sententias
1176 1564 1311 1628 ponere,
1341 1541 1430 1628 quod
1458 1542 1621 1626 imagines
1650 1543 1911 1627 praesumptiosa
1939 1542 2119 1606 temeritate
2142 1564 2218 1605 cen·

564 1646 710 1732 ningere
732 1663 1032 1735 praesumpserunt,
1060 1649 1214 1735 quatinus
1237 1647 1314 1712 inde
1338 1649 1392 1712 isti
1415 1650 1550 1712 animati
1574 1647 1713 1712 aliorum
1736 1659 1844 1711 errata
1865 1647 2027 1713 valentius
2049 1647 2218 1713 vobiscum
2238 1680 2267 1717 ro

565 1757 767 1840 corrigerent
796 1769 831 1819 et
857 1755 902 1820 ad
931 1778 1024 1820 suam
1053 1756 1317 1842 superstitionem
1346 1754 1610 1841 cognoscendam
1632 1755 1781 1819 veritatis
1804 1756 1989 1818 testimonie
2011 1753 2219 1841 suscipienda

564 1863 710 1925 animum
732 1862 862 1927 facilius
884 1862 1064 1926 flecterent.
1111 1862 1204 1927 Sicut
1226 1864 1326 1948 igitur
1347 1861 1443 1926 nobis
1465 1861 1598 1926 videtur
1620 1875 1653 1925 et
1675 1863 1825 1947 superius
1848 1863 2084 1947 praemisimus,
2107 1873 2217 1948 aperte

566 1990 673 2032 sermo
696 1983 826 2033 vestrae
857 1970 1067 2033 correctionis
1090 1981 1205 2034 contra
1233 1969 1306 2034 illos
1328 1992 1565 2055 usquequaque
1588 1968 1687 2054 dirigi
1716 1979 1834 2053 potest.
1864 1967 2025 2054 aquibus
2048 1965 2140 2033 vobis
2163 1967 2219 2031 illa

566 2075 715 2161 epistola,
751 2099 850 2162 quam
879 2075 1065 2161 relegimus,
1099 2076 1227 2141 directa
1256 2099 1328 2140 esse
1359 2078 1578 2162 cognoscitur,
1612 2077 1768 2161 quoniam
1803 2077 1872 2138 eins
1907 2087 2015 2139 textus
2048 2087 2218 2161 utramque

565 2193 695 2268 partem
717 2182 970 2269 reprehensione
994 2182 1128 2269 ὥςηαω
1150 2183 1396 2264 demonstrarit,
1427 2197 1460 2247 et
1483 2183 1572 2247 illam
1596 2182 1732 2260 scilicet,
1762 2204 1847 2267 quae
1875 2180 2020 2245 indebito
2047 2204 2085 2246 ac
2109 2204 2218 2268 super·
2238 2212 2266 2252 ιε

567 2290 694 2353 stitioso
718 2289 807 2354 cultu
829 2290 988 2375 imagines
1003 2289 1233 2371 venerabatur,
1257 2290 1404 2372 stillam,
1428 2313 1514 2377 quae
1530 2289 1573 2353 ab
1589 2288 1799 2353 inferioribus
1814 2288 1895 2352 locis
1910 2288 2043 2352 easdem
2060 2289 2218 2374 imagines

567 2409 718 2461 evertere
746 2419 786 2460 ac
816 2395 926 2461 delere
956 2398 1135 2485 praecepit.
1187 2398 1232 2461 Et
1259 2397 1334 2462 ideo
1365 2398 1539 2472 credimus,
1574 2419 1774 2483 quamquam
1804 2409 1914 2459 cetera
1943 2395 2008 2459 alia
2041 2394 2218 2459 secundum

567 2504 795 2567 auctoritatem
817 2505 974 2584 veritatis,
998 2506 1083 2569 sicut
1104 2506 1139 2568 in
1161 2507 1229 2569 suis
1252 2506 1383 2591 scriptis
1407 2506 1601 2585 continetur,
1632 2503 1719 2567 idem
1742 2504 1920 2589 imperator
1940 2502 2064 2582 fecerit,
2087 2513 2221 2588 propter

567 2609 631 2674 hoc
656 2623 768 2674 tamen
797 2610 920 2675 factum
950 2611 1110 2697 quosdam
1139 2611 1268 2677 illarum
1298 2614 1440 2698 partium
1471 2611 1616 2675 infirmos
1647 2609 1888 2674 scandalizasse
1911 2631 2039 2673 necnon
2062 2606 2219 2694 quosdam

566 2729 699 2782 nostrae
721 2716 812 2782 urbis
834 2718 1002 2783 &manae
1025 2717 1245 2804 perturbasse.
2239 2745 2269 2783 so

674 2825 729 2890 Ad
752 2825 985 2889 exaltationem
1008 2839 1042 2890 et
1063 2848 1180 2912 pacem
1202 2839 1336 2890 sanctae
1359 2849 1439 2890 suae
1463 2826 1623 2891 ecclesiae
1650 2823 1863 2889 humillimam
1886 2823 2025 2910 Deoque
2047 2820 2219 2886 amabilem

568 2955 608 2997 ac
631 2931 839 2997 Christianae
869 2932 1020 3018 religioni
1048 2934 1271 2997 necessariam
1300 2932 1555 2997 dominationem
1585 2934 1770 2996 serenitatis
1800 2943 1929 2994 vestrae
1957 2929 2105 2994 domiuus
2127 2928 2219 2992 Iesus

568 3038 718 3103 Christus
733 3039 928 3104 incolumem
951 3038 1089 3104 dextera
1110 3062 1190 3104 snae
1212 3042 1344 3127 pietatis
1367 3041 1452 3104 tueri
1474 3063 1513 3104 ac
1537 3040 1626 3104 felici
1649 3040 1851 3126 protectione
1875 3060 1935 3123 per
1948 3039 2128 3101 inmensum
2144 3058 2219 3101 con-

568 3169 701 3211 servare
724 3157 758 3210 ct
779 3158 853 3233 post
875 3146 972 3210 huius
994 3148 1083 3211 vitae
1105 3170 1237 3212 cursum
1261 3148 1410 3233 supernis
1433 3145 1562 3211 civibus
1585 3161 1769 3211 consortem
1793 3144 1946 3230 dignetur
1968 3143 2109 3207 efficere.

676 3287 786 3374 Caput
807 3288 834 3352 l.
875 3287 1063 3374 Congruum
1092 3291 1380 3375 necessariumque
1410 3288 1629 3353 iudicavimus
1658 3290 1800 3376 primum
1829 3288 2006 3350 sententias
2036 3297 2220 3350 sauctorum
2239 3312 2269 3351 ss

569 3407 699 3482 patrum
723 3394 877 3480 colligere
900 3405 1014 3459 contra
1037 3417 1104 3476 cos,
1135 3396 1192 3481 qui
1220 3397 1380 3481 imagines
1401 3419 1467 3460 non
1492 3395 1595 3460 solum
1619 3395 1662 3460 ab
1692 3394 1841 3464 aedibus,
1873 3394 2053 3458 sedetiam
2075 3416 2096 3456 a
2118 3394 2219 3456 sacris

570 3504 660 3565 vasis
682 3501 859 3566 indiscrete
883 3500 1014 3566 abolere
1037 3515 1259 3589 praesumunt„

676 3609 732 3673 Ex
760 3607 843 3673 libro
866 3607 1003 3672 Eusebii
1031 3608 1274 3673 ecclesiasticae
1297 3609 1451 3674 historiae
1469 3610 1543 3674 VII.
1575 3633 1648 3697 cap.
1665 3610 1759 3674 xil:
1791 3614 1921 3675 Verum²
1949 3619 2015 3690 quia
2041 3618 2117 3672 urbis
2138 3618 2221 3672 huius

569 3727 689 3782 fecimus
712 3726 895 3792 mentionem,
920 3725 1024 3779 iustum
1046 3726 1159 3780 ridetur
1181 3743 1398 3782 commemorare
1423 3728 1509 3780 etiam
1531 3726 1602 3780 illud
1625 3728 1654 3780 in
1679 3745 1714 3782 ea
1736 3735 1860 3798 gestum,
1884 3727 1960 3797 quod
1975 3726 2091 3780 historia
2106 3726 2221 3796 dignum

571 3833 710 3887 duximus.
755 3833 916 3899 Mulierem,
947 3850 1030 3903 quam
1059 3833 1203 3904 sanguinis
1233 3833 1370 3905 profluvio
1393 3833 1569 3888 laborantem
1593 3852 1611 3887 a
1632 3833 1774 3888 salvatore
1806 3843 1931 3887 curatam
1961 3832 2110 3903 euangelia
2131 3833 2219 3886 tradi·
2240 3848 2269 3888 to

412 3939 551 4041 άῖξεηῒδ.
570 3940 686 4006 derunt,
715 3939 798 3993 huius
827 3939 906 3994 urbis
936 3940 1026 3994 civem
1056 3947 1168 3994 constat
1197 3939 1295 3998 fuisse.
1328 3941 1484 4011 domusque
1515 3941 1576 3994 eius
1606 3942 1634 3995 in
1664 3959 1699 3996 ca
1729 3942 1814 3994 ctiam
1844 3959 1918 3994 nunc
1950 3939 2120 3994 ostenditur.
2164 3939 2221 3993 Pro

570 4046 678 4100 foribus
701 4063 769 4100 vero
792 4047 891 4100 domus
914 4046 1001 4116 ipsius
1023 4046 1099 4100 basis
1122 4047 1262 4117 quaedam
1286 4048 1314 4100 in
1337 4045 1400 4102 loce
1422 4049 1562 4102 aeditiore
1586 4048 1733 4103 conlocata
1754 4057 1937 4104 monstratur.
1968 4048 1997 4101 in
2020 4064 2077 4117 qua
2097 4046 2220 4100 mulieris

570 4153 659 4223 ipsius
689 4153 769 4207 velut
798 4153 919 4225 genibus
949 4153 1114 4223 provolutae
1142 4153 1308 4225 palmasque
1340 4155 1509 4227 suppliciter
1538 4157 1685 4210 tendentis
1715 4156 1807 4227 imago
1837 4174 1903 4210 aere
1933 4155 2047 4209 ridetur
2076 4171 2219 4224 expressa.

571 4259 657 4314 Astat
679 4277 747 4314 rero
770 4259 826 4314 alia
856 4279 890 4315 ex
920 4277 988 4315 aere
1017 4259 1195 4314 nihilomiuus
1217 4261 1282 4316 fusa
1304 4269 1400 4316 statua
1422 4263 1522 4316 habitu
1545 4262 1628 4322 uirili,
1659 4262 1732 4316 stola
1761 4271 1873 4332 compte
1901 4261 2074 4315 dmumdata
2096 4269 2126 4314 ct
2149 4261 2219 4314 dex·

572 4375 662 4421 teram
685 4365 796 4420 mulieri
825 4366 988 4437 porrigens,
1018 4365 1101 4420 huius
1131 4367 1168 4421 ad
1194 4369 1299 4439 pedem
1329 4376 1442 4424 statuae
1467 4387 1483 4422 e
1507 4370 1568 4423 basi
1590 4369 1681 4424 herba
1703 4369 1844 4439 quaedam
1871 4386 1944 4422 nora
1966 4368 2063 4438 specie
2085 4368 2219 4434 nascitur,
2238 4381 2267 4422 at

573 4491 659 4545 quae.
683 4491 747 4528 curu
768 4480 866 4527 exorta
887 4471 985 4538 fuerit,
1009 4491 1173 4529 excrescere
1197 4477 1343 4545 usquead
1366 4475 1457 4530 stolae
1481 4475 1556 4530 illius
1580 4477 1657 4531 aerei
1680 4476 1838 4530 indumenti
1858 4474 1995 4529 fimbriam
2010 4474 2093 4529 solet.
2129 4471 2219 4538 Quam

572 4599 636 4634 cum
665 4597 771 4634 summo
801 4579 909 4634 vertice
941 4596 1072 4634 crescens
1102 4580 1192 4635 herba
1221 4582 1382 4653 contigerit,
1413 4584 1487 4638 sires
1507 4557 1584 4638 'inde
1615 4583 1651 4637 ad
1682 4582 1871 4653 depellendus
1900 4599 1997 4636 omnes
2025 4581 2135 4636 morbos
2157 4585 2218 4635 lan·

570 4705 732 4759 guoreaque
756 4686 906 4757 conquirit,
938 4685 979 4740 ita
1001 4695 1032 4740 ut
1063 4704 1260 4759 quaecumque
1291 4688 1339 4744 illa
1368 4689 1455 4745 fuerit
1484 4689 1632 4745 infirmitas
1659 4690 1783 4760 corporis
1811 4689 1915 4743 hanun
1939 4689 2040 4760 exiguo
2067 4687 2220 4743 madefacti

571 4794 702 4848 salumris
732 4793 864 4866 graminis
894 4792 1066 4864 depellatur,
1096 4793 1165 4848 nihil
1194 4796 1306 4851 omnino
1329 4796 1428 4851 virium
1450 4815 1564 4868 gerens,
1597 4798 1631 4864 si,
1654 4805 1809 4867 antequam
1832 4813 1935 4851 aereae
1958 4794 2084 4850 fimbriae
2107 4795 2219 4848 summi·

571 4911 662 4956 tatem
691 4901 846 4955 crescendo
876 4900 1039 4970 contigerit,
1069 4901 1252 4972 decerpatur.
1297 4901 1379 4957 Hanc
1408 4911 1532 4958 statuam
1561 4906 1598 4959 ad
1628 4904 1841 4958 similitudinem
1867 4903 1963 4956 vultus
1984 4901 2051 4957 lesu
2074 4902 2220 4956 formatam
2239 4917 2269 4955 so

571 5009 735 5074 tradebant,
760 5024 835 5078 quae
858 5007 1014 5078 permansit
1037 5008 1074 5062 ad
1096 5013 1193 5062 nostra
1215 5025 1305 5078 usque
1329 5017 1469 5082 tempora,
1492 5011 1575 5065 sicuti
1591 5011 1644 5082 ipsi
1664 5010 1752 5066 oculis
1767 5010 1871 5065 nostris
1886 5010 2073 5081 inspeximus,
2098 5016 2128 5064 et
2150 5008 2221 5062 nihil

572 5116 670 5168 minim
700 5115 723 5168 si
753 5114 792 5180 hi,
824 5114 872 5184 qui
902 5131 937 5168 cx
966 5114 1100 5184 gentibus
1123 5114 1316 5182 crediderunt,
1346 5134 1397 5187 pro
1423 5115 1582 5184 beneficiis,
1612 5135 1686 5189 quae
1709 5135 1727 5172 a
1749 5117 1890 5172 salvatore
1920 5117 2034 5171 merant
2063 5116 2219 5182 consecuti,

681 5345 713 5391 14
738 5349 814 5392 textu
833 5339 863 5390 P.
954 5341 988 5391 tt
1008 5335 1126 5402 officere}
1153 5340 1182 5391 tn
1201 5339 1228 5390 P
1242 5341 1353 5407 aquirie
1371 5342 1546 5408 fimena·
1564 5343 1636 5393 terion·
1658 5343 1799 5404 Ίῑωηίαιῑ,
1825 5352 1905 5394 m
1922 5343 1981 5394 ῶπ·
1996 5342 2125 5408 qnando
2139 5343 2223 5408 Μὴ

570 5430 599 5481 t·
611 5431 664 5497 su
677 5434 720 5481 rr.

679 5537 702 5585 1.
729 5538 763 5587 28
782 5531 831 5598 Er}
852 5535 964 5588 Eusebii
982 5535 1010 5586 in
1028 5551 1107 5600 musy.
1127 5534 1158 5586 P.
1232 5537 1265 5586 ³3
1284 5531 1456 5602 suppliciter]
1474 5537 1636 5605 simpliciter
1655 5539 1686 5589 P.
1759 5542 1793 5590 84
1811 5556 1845 5590 ex
1862 5539 1930 5589 deest
1947 5537 1978 5590 P.
2241 5547 2273 5587 ab

683 5755 712 5808 lt
742 5752 773 5809 V.
798 5751 882 5823 cisra
901 5772 933 5827 p.
949 5753 1011 5811 487
1022 5771 1064 5828 sq.
1180 5751 1210 5820 2)
1244 5752 1357 5812 Euscdii
1386 5754 1503 5813 butema
1533 5757 1719 5814 ισοὶαίωᾶω
1748 5756 1857 5835 Rufino
1885 5757 2039 5832 nstoprctc
2059 5754 2119 5812 VH
2136 5774 2159 5811 c.
2184 5757 2224 5815 14

573 5861 618 5918 cd
641 5858 776 5916 Basileus
798 5859 886 5926 1523,
905 5878 938 5933 p.
955 5860 1022 5917 165.
