4884 6717
560 450 625 512 818
672 456 883 512 APPENDIX.
932 454 962 511 2.
993 455 1172 512 EDICTUM
1198 455 1373 512 SPURIUM
1398 457 1450 510 DE
1474 452 1705 511 METROPOLI
1728 454 1969 513 MOGUNTINA
1992 451 2125 511 1745.

697 749 743 858 2.
780 747 1112 860 EDICTUM
1151 747 1483 860 SPURIUM
1520 749 1614 858 Da
1652 747 2079 860 Marsorum

1148 944 1618 1057 MOGUN'PINA.

1353 1161 1429 1230 745.

667 1360 832 1438 Edictum
857 1375 895 1438 de
914 1374 1052 1439 Geaelib
1075 1377 1220 1461 episcopi
1232 1373 1417 1461 Mopantini
1435 1375 1628 1463 depositione
1651 1389 1679 1439 et
1694 1374 1866 1464 Bonifatii
1886 1377 1920 1439 in
1943 1374 2216 1460 arcbiepiseopum

560 1481 779 1568 Mapontiauns
804 1483 1003 1567 promotione
1032 1484 1179 1567 spurium
1210 1505 1274 1545 csse
1304 1482 1431 1546 uberius
1459 1484 1599 1547 eaiacere
1626 1507 1687 1547 noa
1717 1496 1844 1568 oportet.
1892 1481 2042 1546 Falaator
2071 1483 2247 1567 quinquus

560 1589 628 1674 fait
656 1626 700 1635 -
723 1589 868 1675 fortasse
898 1587 944 1650 M.
972 1587 1117 1667 Goldost,
1148 1591 1207 1673 qai
1234 1587 1320 1652 illud
1340 1591 1472 1675 primae
1502 1590 1643 1675 caleavit
1671 1627 1715 1636 -
1743 1591 1811 1654 sine
1840 1589 1936 1653 dubio
1965 1612 2040 1652 astra
2074 1602 2119 1652 est
2151 1590 2215 1652 nita

560 1720 584 1758 s.
611 1695 782 1780 Bonifatii
809 1697 848 1758 ab
883 1695 1014 1759 Orttoho
1045 1697 1198 1782 confecta,
1230 1697 1286 1760 ubi
1311 1696 1365 1760 lib.
1387 1695 1411 1758 I
1429 1721 1454 1760 c.
1477 1702 1523 1762 42
1554 1695 1647 1779 (MG.
1674 1695 1732 1760 88.
1758 1695 1806 1777 ll,
1830 1704 1899 1763 347
1927 1720 2001 1760 ann.
2026 1700 2080 1762 24.
2129 1694 2217 1759 Vitae

561 1828 585 1866 s.
611 1802 782 1890 Bonifatii
811 1804 858 1867 ed.
893 1802 938 1864 W.
969 1803 1106 1867 Leainon
1138 1827 1171 1888 p.
1200 1805 1293 1886 156),
1326 1817 1493 1889 postquam
1527 1804 1621 1868 aerbo
1647 1804 1744 1891 facta
1778 1816 1850 1867 sant
1881 1803 1920 1867 de
1951 1803 2097 1867 bellicosi
2125 1801 2217 1866 illias

562 1912 706 1995 epr‘scopi
719 1910 929 1997 facinoribus
952 1909 1206 1994 boneicidiisqae,
1237 1909 1313 1973 baec
1340 1910 1501 1997 lepaatar:
1532 1959 1539 1973 .
1566 1958 1573 1971 .
1599 1958 1606 1972 .
1632 1919 1763 1973 sanctus
1791 1907 1902 1995 presul
1924 1907 2108 1972 Bonifatius
2132 1908 2217 1971 inter

562 2027 671 2100 cetera
695 2016 904 2079 correctionis
928 2014 1089 2101 colloquia
1112 2014 1194 2079 haec
1218 2016 1341 2101 pariter
1356 2015 1389 2078 in
1406 2027 1570 2080 conventu
1586 2015 1736 2102 synodali
1752 2015 1895 2102 protulit,
1919 2025 2076 2080 attestans
2091 2013 2214 2079 nullum
2236 2037 2262 2075 ιο

562 2120 728 2185 homicidii
752 2133 845 2186 reatu
868 2121 1024 2207 pollutum
1049 2120 1169 2185 debere
1194 2121 1374 2208 episcopali
1398 2122 1580 2187 sacerdotio
1596 2123 1700 2209 fungi.
1735 2122 1789 2187 Ad
1812 2122 1894 2187 haec
1918 2123 2016 2187 edam
2040 2123 2071 2186 ei
2096 2118 2216 2186 obiecit

561 2229 701 2314 propriis
731 2251 766 2292 se
791 2227 893 2293 oculis
916 2229 1124 2315 perspexisse
1149 2226 1238 2291 illum
1262 2252 1336 2293 cum
1360 2226 1476 2293 avibus
1505 2227 1707 2315 canibusque
1738 2230 1911 2312 iocantem,
1943 2228 2032 2315 quod
2060 2229 2216 2315 episcopo

561 2334 745 2399 nullatenus
775 2334 898 2399 liceret
945 2335 1093 2399 Audiens
1124 2347 1231 2399 autem
1262 2334 1343 2400 haec
1369 2333 1529 2400 Gewiliob
1560 2338 1768 2422 sentiensque
1799 2359 1834 2400 se
1865 2336 1952 2404 nullo
1983 2336 2078 2400 modo
2104 2346 2217 2399 contra

562 2440 725 2506 stimulum
750 2441 803 2506 rel
828 2442 984 2505 secularis
1008 2444 1173 2527 potentiae
1198 2465 1254 2507 seu
1279 2444 1479 2507 auctoritatis
1496 2445 1683 2525 canonicae,
1709 2465 1793 2530 quae
1810 2442 1972 2507 mediante
1989 2452 2102 2506 sancto
2117 2441 2216 2506 Boni·

562 2549 640 2612 satio
671 2550 704 2612 in
729 2572 840 2613 omnes
865 2572 973 2612 coram
998 2549 1120 2634 positos
1145 2548 1363 2630 deferebatur,
1388 2548 1559 2614 calcitrare
1582 2572 1688 2637 posse,
1720 2549 1841 2614 iudicio
1866 2551 2029 2615 consensit
2053 2550 2217 2614 communi
2237 2569 2263 2609 rs

563 2655 793 2742 depositusque
820 2667 869 2720 est
893 2655 933 2718 ab
959 2654 1072 2719 ordine
1096 2653 1285 2742 episcopali.
1321 2655 1394 2735 Quo
1419 2656 1567 2743 deposito
1592 2658 1699 2721 statim
1723 2668 1853 2721 sanctus
1869 2656 2052 2722 Bonifatius
2069 2679 2089 2720 a
2105 2679 2215 2743 supra-

563 2762 657 2826 dictis
682 2761 895 2849 principibus,
920 2761 1121 2826 Karlmanno
1145 2761 1301 2826 videlicet
1325 2773 1357 2826 et
1379 2762 1520 2850 Pippino
1544 2764 1645 2827 fratre
1670 2765 1749 2846 eius,
1775 2763 1933 2852 ecclesiae
1957 2763 2217 2850 Mogontiaceusi

491 2867 497 2875 '
562 2869 738 2956 preficitur.
785 2870 828 2933 Et
851 2881 886 2934 ut
910 2870 979 2933 eius
1004 2869 1145 2955 dignitas
1170 2869 1364 2933 eminentior
1387 2868 1479 2952 foret,
1505 2870 1722 2934 decreverunt
1744 2869 1830 2934 idem
1856 2872 2018 2957 principes
2044 2871 2216 2956 ecclesiam

562 2976 872 3062 Mogontiacensem,
909 2999 992 3063 quae
1028 2977 1117 3063 prius
1148 2976 1242 3041 alteri
1274 2974 1421 3040 subiecta
1451 2987 1530 3058 erat,
1561 2976 1767 3063 metropolim
1798 2979 1942 3042 omnium
1973 2980 2006 3042 in
2038 2976 2218 3042 Germania

562 3085 739 3170 positarum
771 3082 982 3168 ecclesiarum
1014 3084 1145 3148 efficere
1175 3106 1335 3170 moxque,
1373 3083 1535 3169 legatione
1568 3084 1672 3167 iacta,
1708 3084 1787 3148 illud
1811 3107 1831 3148 a
1855 3085 2005 3171 praesule
2037 3084 2217 3172 apostolico
2237 3109 2265 3147 ro

561 3194 794 3278 impetravere3
831 3193 876 3279 cf.
902 3194 994 3256 etiam
1019 3194 1133 3278 passio
1166 3192 1214 3254 rel
1237 3194 1301 3256 nita
1325 3206 1439 3277 quarta
1462 3217 1486 3256 s.
1510 3191 1681 3278 Bonifatii
1702 3203 1775 3275 c.1,
1799 3193 1878 3258 ΜΟ.
1906 3191 1963 3258 88.
1990 3193 2137 3274 11,3oa,·
2166 3193 2216 3258 ed.

571 3300 615 3362 W.
633 3299 769 3363 Lesimn
790 3324 824 3384 p.
844 3308 894 3365 91.
932 3298 979 3361 Ite
998 3324 1068 3362 rero
1087 3299 1209 3362 decreta
1233 3299 1351 3384 synodi
1366 3323 1449 3363 anno
1467 3307 1541 3366 745.
1560 3301 1731 3364 celebratae
1751 3302 1924 3387 perierunt.
1960 3301 2000 3364 Ia
2023 3325 2061 3365 ea
2079 3299 2218 3365 Geaelib

563 3406 738 3492 depositam
762 3430 827 3470 esse
844 3420 933 3491 patet
956 3431 995 3468 er·
1009 3406 1187 3470 Zachariae
1212 3406 1344 3491 epistola
1362 3405 1392 3469 d.
1411 3405 1441 3468 d.
1462 3413 1527 3472 745
1545 3405 1608 3470 Oct.
1626 3415 1668 3474 31
1693 3408 1738 3472 ad
1752 3407 1960 3495 Bonifatium
1983 3407 2104 3471 directa
2121 3406 2216 3490 (MG.

561 3513 648 3599 Epp.
666 3510 733 3592 III,
750 3519 816 3580 325
841 3513 861 3574 l.
883 3522 981 3597 7sqq.
1017 3512 1174 3598 defi-E.
1192 3537 1221 3575 a.
1239 3513 1360 3596 2274),
1384 3512 1576 3600 Bonifatius
1598 3527 1699 3577 antem
1723 3514 1780 3578 boc
1803 3538 1885 3578 anno
1905 3513 2089 3578 Coloniensi
2106 3527 2218 3578 metro·

560 3621 634 3705 poli
657 3622 842 3706 praefectus
872 3635 925 3698 est,
958 3620 1038 3683 ande
1068 3644 1150 3683 anim
1178 3627 1252 3685 748.
1285 3619 1407 3682 dearum
1440 3622 1473 3683 ia
1496 3619 1715 3706 Mopantinara
1747 3623 2003 3709 aansms'praait3
2033 3622 2077 3707 cf.
2108 3620 2218 3702 Heba,
2236 3643 2265 3683 ss

563 3727 772 3791 ‘dabrbr‘r‘cber
804 3728 858 3791 eles
881 3727 1096 3814 franbiscben
1120 3726 1237 3790 Beiclrs
1263 3724 1466 3804 rer—7522
1489 3751 1525 3812 p.
1553 3735 1603 3793 74.
1626 3733 1700 3794 112.
1721 3733 1790 3794 203
1801 3753 1868 3815 sqq.
1894 3728 2020 3809 Hancclt,
2048 3727 2218 3792 ‘Kirclrea-

560 3834 733 3920 pescbirbte
763 3834 1010 3898 Beatsoblonds'
1041 3833 1089 3896 ed.
1106 3843 1137 3900 3.
1169 3832 1197 3912 I,
1221 3839 1285 3899 411
1309 3857 1381 3896 aaa
1407 3841 1473 3898 560
1484 3858 1551 3919 sqq.
1598 3834 1639 3897 A.
1672 3834 1908 3922 illerminpboff,
1939 3835 2054 3899 ‘Neues
2077 3834 2218 3899 Arabia’

563 3940 712 4018 XXXII,
729 3947 798 4008 221
811 3966 878 4027 sqq.
903 3946 970 4007 234
982 3967 1028 4025 sq.

675 4074 768 4130 Edd:
794 4072 924 4142 Goldast,
951 4071 1164 4130 Constitutioncs
1180 4071 1340 4148 imperiales
1357 4065 1506 4146 1(1613),
1526 4092 1559 4148 p.
1577 4076 1625 4131 15.
1664 4073 1766 4150 La'nip,
1784 4073 2010 4131 ‘Beicbsarcbie'
2029 4073 2112 4144 XVI,
2130 4077 2156 4133 1.
2174 4103 2216 4113 -

564 4181 651 4257 lira:
677 4178 1025 4248 atinae-atatatacter,
1050 4179 1140 4256 Bepp.
1165 4178 1277 4255 imperii
1300 4181 1341 4235 ed.
1359 4183 1388 4239 2.
1415 4179 1435 4235 I
1452 4199 1481 4235 a.
1499 4184 1548 4239 52.
1596 4179 1699 4237 ‘Neues
1721 4180 1841 4237 Arabia'
1866 4180 2065 4250 Kalliroe.
2236 4196 2265 4234 so

564 4366 904 4432 (larolomanni
941 4368 964 4431 l.
1002 4379 1045 4430 et
1082 4367 1249 4452 Pipini
1288 4366 1494 4431 edictum
1533 4366 1585 4431 de
1624 4367 1885 4454 metropoli
1923 4368 2216 4453 bloguntina.

670 4492 696 4555 Ι.
733 4491 976 4556 Gervilionem¹
1001 4492 1227 4577 bloguntinum
1259 4491 1455 4576 pontificem,
1486 4492 1552 4577 qui,
1584 4492 1671 4578 quod
1700 4491 1839 4556 hominis
1870 4491 1971 4556 caede
1999 4491 2140 4578 pollutus
2164 4493 2216 4574 sit,

564 4599 747 4663 sacerdotio
771 4598 864 4682 fungi
888 4621 951 4662 rron
975 4609 1090 4685 potest,
1116 4608 1148 4662 et
1171 4598 1259 4684 quod
1284 4621 1358 4662 cum
1381 4598 1497 4662 avibus
1521 4612 1554 4663 et
1577 4598 1712 4664 canibus
1736 4599 1859 4680 luserit,
1884 4598 1971 4685 quod
1994 4598 2217 4686 episcopales

563 4729 627 4769 non
653 4712 733 4786 est2,
758 4729 831 4770 cum
857 4708 999 4770 omnium
1023 4707 1250 4792 episcoporum
1275 4704 1409 4769 calculis
1433 4707 1717 4770 exauctoravimus
1741 4729 1780 4770 ac
1804 4705 2024 4792 deposuimus.

670 4831 713 4894 ll.
749 4831 798 4894 Eo
829 4843 937 4894 autem
973 4830 1120 4917 deposito
1152 4829 1357 4893 Bonifacium
1388 4828 1599 4915 bloguntinae
1635 4830 1704 4894 sedi
1739 4830 1974 4917 praefecimus3
2010 4842 2042 4895 et
2076 4843 2111 4897 ut
2145 4832 2216 4896 eius
2236 4854 2264 4894 u

563 4937 705 5023 dignitas
736 4949 822 5002 esset
853 4938 1055 5018 eminentior,
1087 4938 1256 5000 statuimus
1287 4937 1347 5000 hoc
1378 4949 1534 5023 perpetuo
1560 4937 1677 5018 edicta,
1708 4950 1743 5002 ut
1771 4936 1911 5002 ecclesia
1933 4938 2127 5024 Magantina
2151 4961 2216 5003 am-

563 5044 648 5130 plius
679 5044 771 5108 alteri
803 5042 949 5108 subiecta
979 5067 1044 5107 uon
1075 5044 1126 5124 sit,
1162 5043 1219 5106 sed
1250 5043 1283 5106 in
1314 5044 1412 5107 totius
1444 5041 1641 5108 Germaniae
1673 5055 1772 5130 caput
1801 5067 1839 5109 ac
1871 5045 2073 5131 metropolim
2109 5044 2218 5110 levata

563 5152 711 5216 existat³.

1222 5239 1341 5303 Actum
1365 5240 1399 5303 in
1423 5239 1558 5326 synodo,

674 5439 701 5518 l)
727 5445 772 5501 lle
795 5445 849 5501 bac
872 5442 991 5500 ›corrriais
1008 5444 1113 5513 sorrna
1137 5445 1177 5515 cs.
1202 5444 1282 5500 Vitae
1304 5465 1326 5501 a.
1351 5443 1498 5515 Bonifatii
1520 5446 1563 5500 ed.
1588 5445 1631 5502 W.
1659 5445 1778 5502 Leuisaa
1797 5465 1830 5521 p.
1848 5449 1885 5506 91
1909 5465 1979 5503 anri.
1999 5449 2026 5505 7.
2112 5439 2142 5522 2)
2168 5444 2217 5518 Os.
2236 5461 2266 5499 su

564 5552 661 5607 conscii.
688 5550 888 5608 Germanicum
914 5554 976 5609 742
1006 5571 1030 5606 c.
1055 5555 1084 5616 2.
1118 5549 1316 5607 Serenianum
1340 5554 1399 5610 744
1432 5572 1455 5608 c.
1481 5556 1516 5621 3,·
1546 5571 1636 5627 snpra
1661 5572 1694 5627 p.
1720 5555 1747 5611 3.
1772 5556 1821 5612 34.
1921 5551 1951 5623 3)
1979 5551 2027 5625 Os.
2053 5552 2219 5610 Zachariae

564 5657 680 5732 epistola
704 5659 730 5713 d.
754 5659 781 5712 d.
806 5661 864 5716 751
890 5657 997 5715 Aiunt
1023 5656 1112 5729 (tta
1133 5657 1210 5732 Epp.
1228 5657 1284 5726 Ill,
1303 5661 1378 5726 373,·
1408 5657 1557 5731 roffi-r).
1582 5679 1609 5715 a.
1630 5653 1738 5736 2292),
1768 5659 1819 5715 etsi
1840 5680 1896 5716 non
1915 5680 2039 5735 prorsus
2060 5659 2219 5736 suspicione

564 5773 642 5819 caret
658 5763 809 5836 falsitatis.

1241 5885 1549 5894 ———
