4884 6717
730 531 782 586 46.
819 530 1037 587 texemus
1061 531 1260 587 ROMANUM
1284 532 1321 585 Α.
1342 528 1416 586 826.
1834 523 1897 586 557

243 718 421 805 atquibus
445 719 618 782 commissa
647 729 721 783 sunt
745 717 857 781 divina
879 728 1020 783 tractare
1051 718 1196 780 misteria
1226 718 1403 803 prudenter
1433 729 1530 803 atque
1556 716 1711 781 decenter
1734 739 1808 781 eum
1833 717 1898 781 Dei

245 827 360 890 timore
385 848 443 888 sua
467 824 598 888 valeant
621 825 801 888 ministeria
821 823 1010 910 adimplere,
1034 836 1070 888 ut
1086 823 1170 902 Deo,
1196 825 1248 887 cui
1265 824 1429 902 assistunt,
1453 823 1600 910 profecto
1616 822 1747 909 placere
1763 825 1897 910 possint

245 930 437 996 Cavendum
462 932 584 1018 quippe
608 944 666 1010 est,
697 944 820 994 utnon
845 930 999 994 ineruditi
1029 930 1071 994 ad
1094 931 1309 995 ministerium
1333 929 1454 994 Christi
1486 929 1537 993 vel
1568 930 1746 1011 inlitterati,
1777 941 1814 994 ut
1844 929 1898 994 de·

245 1038 349 1118 dccet,
374 1037 544 1118 accedant,
574 1060 626 1116 ne,
657 1037 745 1124 quod
769 1035 863 1117 absit,
888 1039 1028 1119 eveniat,
1057 1038 1142 1101 sicut
1164 1036 1325 1100 Dominus
1349 1037 1410 1100 ait:
1444 1037 1485 1101 St
1505 1062 1615 1101 caecus
1637 1063 1728 1101 cucco
1752 1038 1899 1101 ducatum
1921 1058 2076 1108 mausus.

211 1169 227 1209 s
239 1148 390 1232 prestitit,
413 1147 504 1209 umbo
529 1148 560 1209 ia
578 1148 711 1232 jbaeom
737 1145 862 1224 cadunt,
893 1145 970 1230 quia
1000 1166 1065 1209 non
1096 1167 1151 1208 eos
1181 1144 1334 1208 convenit
1357 1143 1521 1207 seculares
1546 1166 1641 1208 curas
1664 1165 1822 1230 peragere
1846 1143 1898 1207 vel

245 1253 343 1316 etium
373 1273 433 1337 per
463 1249 576 1314 domos
607 1250 731 1314 alienas
755 1252 1023 1315 inconvenienter
1047 1252 1245 1330 conversari,
1274 1249 1333 1314 sed
1355 1252 1463 1337 potius
1487 1251 1519 1313 in
1543 1249 1692 1317 aeclesiis
1715 1249 1899 1315 habitantes

244 1357 356 1422 debita
379 1357 531 1421 studeant
555 1357 663 1421 officia
687 1379 853 1421 exercere.

351 1481 417 1545 VII
434 1485 487 1566 (8).
516 1481 620 1567 Igitur
642 1481 793 1546 monaehi
817 1493 851 1546 et
873 1482 1137 1548 sanctimoniales
1160 1482 1312 1560 feminae,
1337 1504 1421 1568 quae
1446 1503 1480 1545 se
1505 1493 1620 1567 sponte
1643 1480 1717 1545 Deo
1742 1491 1899 1546 voventes

245 1588 449 1653 tradiderunt
478 1601 510 1652 et
540 1600 615 1652 ante
647 1588 804 1652 humanos
835 1589 946 1653 oculos
970 1588 1083 1654 habitu
1106 1589 1326 1674 religiositatis
1350 1612 1385 1652 se
1410 1588 1582 1653 ostendere
1607 1588 1834 1662 decreverunt,
1866 1589 1901 1652 in

199 1721 228 1760 ιο
246 1717 285 1759 ea
308 1697 375 1759 vita
405 1717 444 1759 ac
468 1694 625 1780 religione
656 1708 689 1759 ct
719 1717 817 1781 opere
843 1695 995 1760 studeant
1017 1718 1221 1782 permanere,
1254 1697 1341 1782 quia,
1373 1719 1446 1760 cum
1478 1717 1513 1758 se
1537 1696 1571 1759 in
1601 1694 1703 1759 oculis
1733 1694 1900 1759 hominum

245 1802 429 1884 ostendunt,
460 1803 603 1866 maxime
634 1803 667 1865 in
695 1814 873 1888 conspectu
897 1803 961 1866 Dei
986 1803 1130 1889 profiteri
1155 1803 1403 1867 considerantur
1426 1803 1559 1866 aeterni.
1608 1801 1737 1866 Idcirco
1761 1822 1900 1887 pensare

245 1909 405 1990 studeant,
436 1932 477 1972 ne
508 1907 589 1972 falso
619 1909 749 1973 nominc
781 1920 813 1971 ct
843 1908 956 1974 habitu
984 1910 1161 1974 existentes
1192 1910 1360 1996 hypocrite
1385 1910 1603 1973 inveniantur.
1650 1908 1789 1994 Impium
1814 1909 1901 1972 enirn

245 2029 294 2079 est
318 2016 440 2080 homini
465 2016 538 2079 Deo
562 2016 701 2079 mentiri.
749 2015 865 2101 Itaque
888 2017 1110 2103 unusquisque
1135 2014 1311 2080 observare
1335 2016 1465 2079 studeat
1488 2027 1521 2080 et
1543 2014 1646 2080 verba
1669 2016 1901 2102 sapientissimi
1919 2017 2022 2122 ιξᾶζζζι

245 2123 423 2209 optimique
447 2121 683 2208 praedicatoris
707 2120 864 2201 attendat,
893 2145 967 2186 cum
998 2124 1059 2187 ait:
1097 2124 1327 2209 Isfnrrsquisqae,
1359 2126 1392 2187 r'n
1421 2149 1483 2208 qua
1516 2127 1674 2188 ιοιαιιόιιι
1698 2137 1824 2187 vocatus
1846 2138 1900 2203 est,
1919 2140 2065 2192 soonam.

201 2261 227 2300 ιι
246 2232 279 2293 in
303 2255 338 2294 eo
359 2245 554 2315 perorasset.
589 2228 673 2292 Nam
698 2230 754 2315 qui
778 2240 888 2294 votum
905 2230 1081 2293 mutaverit
1104 2228 1144 2293 de
1168 2239 1259 2293 reatu
1277 2251 1354 2292 suae
1375 2230 1593 2293 conscientiae
1611 2230 1899 2315 promissionisque

245 2336 477 2420 constringitur
499 2349 532 2399 et
555 2358 629 2398 reus
654 2336 686 2398 iu
711 2336 776 2399 Dei
801 2334 974 2421 apparebit
997 2335 1129 2414 iudicio,
1161 2337 1187 2398 si
1212 2358 1246 2398 se
1271 2335 1446 2399 emendare
1471 2337 1601 2399 omnino
1625 2335 1775 2399 noluerit.
1821 2336 1899 2399 Pro·

244 2440 423 2505 videndum
446 2441 588 2527 denique
613 2454 662 2505 cst
686 2456 718 2505 et
741 2442 935 2506 omnimodis
965 2441 1146 2507 curandum
1174 2453 1271 2528 atque
1296 2442 1470 2507 studiosius
1493 2441 1705 2528 vigilandum,
1737 2444 1789 2507 cui
1821 2465 1901 2506 cura

245 2548 413 2632 regiminis
437 2550 610 2613 commissa
634 2561 693 2627 est,
724 2559 760 2612 ut
789 2548 872 2614 Iraee
896 2551 1005 2614 omnia
1028 2560 1189 2636 oportuna
1213 2571 1287 2613 eum
1310 2549 1375 2614 Dei
1400 2551 1514 2613 timore
1544 2549 1746 2628 ordinentur,
1776 2571 1817 2612 ne
1840 2572 1901 2634 per

244 2654 428 2739 neglectum
445 2657 654 2741 pretermissa
670 2656 744 2735 sint,
762 2668 794 2719 et
809 2655 990 2741 periculum
1006 2656 1186 2728 adcrescat,
1212 2657 1366 2741 quoniam
1382 2679 1442 2741 per
1457 2655 1697 2740 neglegentiam
1715 2667 1747 2719 et
1762 2668 1900 2741 peccata

199 2794 228 2835 ,ο
245 2761 376 2826 adstant
399 2774 432 2826 et
459 2761 605 2848 pericula
634 2761 839 2826 adcrescunt.
888 2761 924 2826 Si
954 2785 1031 2827 vero
1060 2764 1224 2828 sanctitati
1248 2775 1378 2826 vestrae
1401 2762 1520 2849 placet,
1552 2761 1687 2828 abbates
1717 2761 1771 2826 vel
1798 2760 1898 2826 abba·

246 2871 342 2934 tissae
366 2893 426 2956 per
449 2869 654 2949 monasteria,
680 2891 764 2955 quae
789 2868 971 2933 ordinanda
994 2883 1078 2951 sunt,
1103 2894 1166 2934 non
1191 2892 1251 2956 per
1273 2892 1408 2933 munera
1424 2869 1625 2950 ordinentur,
1649 2869 1707 2933 sed
1724 2868 1898 2933 studiosius

245 2977 459 3062 inquirantur.
499 2977 564 3056 Qui
589 2977 693 3040 sciant
710 2976 774 3040 Dei
799 2974 920 3040 habere
944 2978 1091 3040 timorem
1116 2989 1148 3039 et
1172 2976 1311 3039 hominis
1327 2977 1544 3039 reverentiam
1570 2973 1728 3061 bonisque
1745 2974 1897 3062 operibus

245 3082 450 3170 perfulgcant
473 3095 508 3147 ut
532 3084 652 3169 optimc
676 3082 794 3146 eruditi
818 3084 851 3145 in
875 3082 935 3163 his,
960 3105 1023 3169 que
1048 3082 1110 3146 sibi
1134 3084 1306 3168 pertinent,
1331 3095 1484 3146 maneant
1500 3093 1533 3145 et
1548 3080 1712 3146 subiectos
1729 3080 1791 3146 sibi
1808 3095 1897 3147 recto

244 3188 465 3254 moderamine
497 3189 675 3254 secundum
701 3189 808 3253 Deum
840 3201 872 3253 et
902 3201 1048 3253 sanctam
1077 3189 1224 3274 regulam
1248 3188 1387 3275 pleniter
1418 3200 1450 3252 et
1479 3212 1580 3275 purae
1611 3199 1732 3275 queant
1763 3202 1896 3254 cunctos

199 3328 226 3368 ss
244 3296 393 3377 edocere,
424 3309 460 3360 ut
483 3295 524 3360 de
548 3297 706 3381 susceptis
731 3294 901 3359 animabus
925 3296 958 3358 in
983 3295 1047 3359 Dei
1071 3295 1192 3360 iudicio
1216 3319 1281 3360 nou
1305 3294 1446 3381 reprobi,
1478 3295 1536 3359 sed
1563 3296 1670 3381 potius
1700 3295 1897 3360 immaculati

244 3416 436 3490 appareant,
466 3416 625 3490 quatenus
656 3402 744 3466 illam
773 3400 1024 3466 desiderabilem
1053 3425 1169 3466 vocem
1199 3404 1325 3489 possint
1354 3401 1486 3467 audire:
1518 3403 1617 3490 Eripe,
1647 3428 1735 3466 serre
1765 3406 1841 3466 dorse
1871 3417 1899 3466 et
1916 3429 2077 3478 usstassai.

244 3513 360 3594 fidelis,
384 3513 462 3597 quia
488 3514 520 3575 in
538 3537 647 3597 prouca
663 3512 770 3598 ferrati
782 3510 907 3596 fideles,
930 3533 1030 3595 serpro
1062 3511 1158 3574 rastello
1190 3526 1217 3574 te
1241 3514 1443 3591 constituam
1476 3513 1560 3574 intra
1592 3513 1625 3574 ιἰι
1652 3509 1807 3596 paediam
1833 3508 1897 3572 Do-

243 3622 327 3684 mr'ut‘
346 3622 402 3684 tui.

349 3741 433 3805 VIII
451 3747 461 3824 t
487 3742 510 3827 l.
536 3739 816 3804 Considerandum
833 3763 911 3804 vero
927 3738 1023 3804 nobis
1047 3753 1097 3804 est
1119 3752 1151 3804 et
1174 3763 1194 3804 a
1217 3740 1337 3827 populo
1356 3741 1453 3804 nimis
1472 3739 1665 3820 cavendum,
1682 3752 1718 3805 ut
1732 3739 1839 3804 nullus
1855 3762 1898 3803 ex

199 3877 226 3918 ιο
244 3850 375 3935 propria
406 3849 600 3933 cognatione
631 3859 686 3911 aut
717 3847 868 3929 velatam,
904 3847 1077 3911 diaconam
1108 3846 1160 3910 vel
1191 3859 1317 3934 raptam
1349 3869 1485 3911 uxorem
1515 3848 1665 3932 accipiat,
1701 3870 1742 3910 ne
1777 3843 1897 3909 talibus

244 3954 341 4019 rebus
371 3957 512 4018 animani
544 3954 659 4039 perdat
694 3966 727 4017 et
761 3955 943 4041 principum
976 3955 1129 4018 institutis
1160 3954 1332 4018 damnatus
1360 3955 1425 4017 fiat.
1484 3954 1577 4018 IIacc
1609 3965 1735 4033 autern,
1769 3953 1896 4028 fratres,

244 4062 423 4126 commissis
453 4060 570 4124 ovibus
594 4083 613 4124 a
637 4059 731 4124 nobis
762 4060 874 4125 sedule
906 4060 1124 4125 ammonendo
1148 4073 1231 4138 sunt,
1263 4083 1303 4124 ne
1333 4060 1416 4124 forte
1446 4059 1585 4147 populus
1609 4059 1812 4158 Christianus
1839 4058 1897 4123 tali

244 4169 507 4254 praesumptione
531 4179 705 4231 temerator
727 4170 846 4231 existat
870 4179 990 4232 ettam
1016 4191 1074 4232 nos
1099 4190 1195 4254 quarn
1220 4169 1291 4254 ipse
1314 4179 1486 4254 peccatum
1510 4168 1663 4231 incurrat.

350 4292 449 4356 VIIII
467 4293 549 4379 (10).
582 4293 633 4356 Ile
658 4291 852 4378 quibusdam
876 4292 1064 4378 regionibus
1088 4291 1131 4356 ad
1154 4315 1212 4356 nos
1237 4292 1385 4366 refertur,
1410 4291 1497 4378 quod
1521 4292 1574 4356 die
1598 4302 1709 4356 sancto
1734 4289 1896 4354 dominico

197 4401 327 4468 sesicut
351 4401 383 4464 iu
408 4399 479 4464 aliis
503 4399 633 4463 diversa
657 4421 757 4484 opera
780 4414 984 4478 exercentur,
1009 4422 1093 4485 quae
1118 4400 1152 4462 in
1175 4398 1229 4462 illo
1253 4399 1324 4463 fieri
1348 4422 1411 4462 non
1437 4400 1644 4462 conveniunt.
1689 4397 1898 4484 Quapropter

243 4506 450 4570 admonenda
473 4504 567 4569 nobis
590 4506 776 4569 necessaria
800 4527 851 4569 res
876 4506 986 4569 existit
1010 4517 1042 4569 ct
1065 4505 1181 4591 grandi
1205 4507 1455 4570 connninatione
1479 4504 1634 4591 populum
1654 4504 1838 4584 cohercere,
1855 4526 1897 4567 ne

244 4613 304 4678 hoc
328 4613 391 4694 die,
416 4613 561 4677 divinam
585 4635 699 4676 vocem
724 4611 915 4684 obaudiens,
940 4611 1057 4675 servile
1082 4635 1163 4698 opus
1180 4611 1301 4675 audeat
1317 4635 1482 4692 exercere,
1508 4613 1585 4698 quia
1608 4637 1664 4676 ser
1686 4612 1796 4674 diebus
1811 4613 1899 4698 serit
1918 4635 2074 4686 aroucam.

244 4721 332 4785 Deus
354 4721 474 4784 caelum
498 4735 527 4784 et
548 4735 662 4785 terrum
688 4735 716 4784 et
738 4722 856 4788 onznia.
880 4745 959 4805 quoa
982 4735 1054 4782 sura
1079 4722 1109 4784 in
1135 4723 1191 4792 cis,
1216 4721 1329 4806 dieque
1352 4723 1483 4806 sethr'rao
1507 4721 1670 4804 requievit,
1694 4743 1784 4804 quem
1809 4719 1897 4782 bene·

244 4829 328 4892 desit
351 4842 379 4892 et
399 4829 619 4914 sanctificarit,
644 4838 676 4889 ct
700 4825 807 4912 Moysi
837 4823 940 4888 verba
970 4824 1052 4910 legis
1076 4828 1283 4912 praecipiens
1307 4827 1368 4891 ait:
1394 4826 1575 4890 ,ilementum
1607 4826 1676 4890 diei
1699 4827 1834 4906 sabboti,
1868 4838 1899 4886 ut
1917 4831 2074 4934 mgb&

197 4963 226 5001 so
243 4937 418 5021 sanctifices
442 4949 470 4998 ιι
494 4937 671 5019 requiescas
695 4949 725 4996 tu
750 4949 777 4998 et
800 4959 880 5019 praue
904 4948 955 4997 tuo
980 4949 1061 5013 saint,
1089 4945 1122 4996 et
1145 4946 1180 4997 ut
1203 4932 1371 5019 psalmista
1395 4931 1548 4996 aduronet
1571 4930 1700 4996 dicens:
1735 4932 1847 4995 Vocare
1871 4945 1899 4994 et
1917 4956 2038 5006 russas.

244 5041 355 5119 ru'dete,
385 5043 533 5126 quom'om
565 5065 619 5125 eqo
648 5065 715 5102 sirm
749 5041 916 5104 Dominus.
970 5039 1013 5102 Et
1043 5040 1069 5102 si
1100 5039 1238 5125 populus
1262 5037 1467 5103 Hebreorum
1499 5061 1572 5102 cum
1603 5048 1694 5102 tanta
1723 5037 1896 5101 devotione

244 5146 339 5210 hodie
363 5144 508 5210 celebrat
530 5145 617 5231 quod
642 5147 672 5208 ci
697 5147 729 5209 in
754 5145 859 5230 figura
882 5146 958 5208 novi
982 5147 1168 5209 testamenti
1191 5147 1396 5210 commissum
1414 5158 1473 5224 est,
1498 5157 1620 5231 quanto
1637 5145 1741 5228 magis
1757 5142 1896 5230 populus

243 5252 446 5318 Christianus
470 5252 558 5317 diem
582 5267 728 5317 sanctam
752 5253 1000 5316 resurrectionis
1024 5252 1146 5316 domini
1170 5253 1271 5316 nostri
1295 5252 1371 5316 Iesu
1392 5251 1513 5317 Christi
1538 5263 1569 5316 et
1593 5263 1722 5314 nostrae
1746 5248 1895 5336 redemp-

349 5454 396 5503 vt.
428 5457 438 5503 I
461 5448 597 5516 decenter]
617 5454 748 5503 docenter
768 5453 800 5502 G.
870 5447 1074 5516 3Cavendum]
1095 5453 1142 5502 vl.
1164 5453 1322 5503 Cavendum
1343 5453 1375 5506 G.
1437 5447 1561 5515 dedecet]
1581 5453 1661 5502 decet
1681 5451 1713 5505 G.
1782 5452 1894 5501 bsecu-

196 5556 224 5595 46
243 5543 311 5596 laria
330 5558 394 5593 cura
415 5545 447 5592 G.
521 5544 719 5592 ticonversare
741 5542 772 5591 G.
1230 5583 1236 5596 ,

350 5633 415 5683 VII.
452 5633 467 5681 S
493 5626 573 5696 quael
606 5647 730 5695 quaeque
758 5631 790 5680 G.
887 5632 903 5680 9
929 5648 958 5680 se
983 5630 1051 5680 deest
1076 5631 1108 5680 G.
1212 5633 1242 5682 17
1268 5625 1322 5693 cui]
1350 5631 1471 5696 intellige:
1497 5631 1522 5680 ei
1548 5632 1602 5680 cui.
1695 5631 1727 5679 ta
1754 5623 1894 5694 quoniam]

241 5740 321 5788 quarn
343 5723 375 5772 G.
449 5723 482 5771 23
501 5719 686 5786 perfulgentes
707 5723 739 5768 (ι’.
813 5722 846 5769 25
866 5714 984 5784 iudicio]
1002 5721 1094 5770 udicio
1115 5720 1146 5769 0.
1650 5725 1655 5734 ’

349 5810 427 5860 VIII.
454 5811 488 5860 29
508 5805 550 5872 erl
570 5817 597 5858 et
617 5809 649 5858 G.
723 5811 752 5858 31
774 5809 935 5873 principium
956 5809 989 5858 G.

350 5900 443 5949 v1111.
472 5900 506 5949 36
525 5899 734 5948 comminatione
752 5897 789 5946 tis
807 5898 897 5963 [epitas-
917 5899 948 5946 G.
1022 5899 1055 5947 38
1076 5896 1182 5948 coelum
1204 5894 1278 5960 (W).
1351 5900 1385 5950 42
1405 5893 1480 5961 novi]
1499 5898 1589 5948 rectius
1606 5897 1767 5948 macteris.
