4884 6717
536 523 601 586 524
1005 531 1057 585 44.
1093 528 1313 586 conclamat
1336 528 1563 585 PARISIENSE
1588 530 1624 585 A.
1645 529 1720 587 825.

644 716 794 781 RATIO.
833 715 933 802 Apud
949 738 1061 780 omnes
1077 717 1177 801 igitur
1193 717 1288 781 huius
1312 728 1444 781 sanctae
1463 715 1684 781 Occidentalis
1704 715 1874 798 ecclesiae,
1899 739 1982 803 quae
2000 739 2034 780 se
2051 718 2188 781 auctori·

536 833 601 888 tate
632 822 801 887 beatorum
833 821 1051 909 apostolorum
1082 824 1172 888 Petri
1203 835 1237 887 et
1265 822 1369 903 Pauli,
1401 822 1560 908 largiente
1584 822 1736 905 Domino,
1767 822 1855 903 fidei,
1887 824 1957 909 spei
1988 835 2021 888 et
2044 823 2188 887 caritatis

537 930 713 1017 sumpsisse
746 929 917 993 exordium
948 929 1113 1015 gloriatur,
1145 932 1190 994 ita
1219 930 1377 994 hactenus
1407 951 1467 1015 per
1496 929 1628 993 eosdem
1657 929 1820 1015 apostolos
1850 942 2041 1016 protegente
2066 929 2189 1016 Spiritu

537 1049 650 1100 saneto
681 1047 714 1100 et
743 1036 823 1122 ipsis
855 1035 1132 1100 intercedentibus
1163 1059 1203 1099 ac
1234 1034 1480 1122 protegentibus
1511 1034 1552 1099 ab
1577 1037 1663 1100 omni
1688 1035 1795 1099 heresi
1818 1035 1954 1100 inlibata
1976 1059 2189 1122 nuncusque

538 1155 731 1208 conservata
755 1153 814 1223 est,
839 1153 962 1206 utnon
987 1142 1089 1206 solum
1113 1143 1185 1229 ipsa
1208 1142 1252 1205 ad
1276 1141 1444 1228 quodlibet
1467 1143 1585 1206 erroris
1605 1142 1833 1207 diverticulum
1849 1145 1982 1208 minime
1999 1142 2188 1222 declinaret,
2207 1163 2220 1201 ι

539 1250 597 1314 sed
621 1252 728 1336 potius
752 1272 864 1314 omnes
888 1272 907 1313 a
930 1261 1019 1314 recto
1036 1248 1113 1313 iidei
1129 1250 1259 1313 tramite
1276 1271 1406 1335 quoquo
1423 1247 1519 1312 modo
1536 1248 1705 1313 desiantes
1721 1270 1781 1335 per
1797 1248 1995 1313 orthodoxos
2012 1247 2188 1313 eorundem

539 1378 744 1420 successores
775 1367 842 1420 toto
875 1354 953 1420 orbe
984 1367 1144 1420 terrarum
1175 1356 1217 1420 ad
1240 1355 1470 1420 rectitudinem
1493 1356 1600 1441 potius
1623 1367 1804 1420 revocaret.
1852 1356 1959 1420 Testis
1983 1358 2069 1420 enim
2094 1357 2189 1420 huius

537 1464 584 1526 rei
615 1485 681 1526 non
716 1461 853 1548 quilibet
887 1461 1042 1548 angulus,
1078 1463 1136 1527 sed
1172 1461 1260 1526 orbis
1295 1474 1454 1525 terramm
1488 1462 1676 1543 universus,
1709 1463 1803 1547 quia,
1840 1464 1990 1548 quotiens
2019 1462 2100 1527 tales
2131 1485 2190 1548 per

539 1568 696 1633 mundum
721 1570 929 1654 quaestiones
953 1580 1060 1632 motae
1085 1579 1170 1650 sunt,
1201 1591 1287 1654 quac
1311 1566 1353 1631 ad
1376 1566 1558 1653 periculum
1581 1567 1659 1632 fidei
1681 1568 1876 1632 universalis
1901 1567 2061 1633 ecclesiae
2085 1570 2189 1633 immi-

536 1698 615 1739 nere
639 1674 847 1761 putabantur,
872 1673 914 1738 ob
938 1675 1169 1739 inveniendam
1193 1676 1424 1760 inventamque
1449 1674 1707 1738 conservandam
1732 1675 1910 1740 catholicae
1926 1675 2003 1739 fidei
2020 1677 2189 1740 veritatem
2211 1696 2235 1733 ιο

538 1804 667 1868 semper
698 1782 758 1846 hoc
789 1781 983 1846 universalis
1015 1781 1164 1864 ecelesia,
1196 1780 1238 1846 ob
1269 1793 1440 1867 praesente
1472 1780 1567 1845 buius
1598 1783 1803 1845 sanctitatem
1834 1782 1920 1846 sedis
1952 1782 2104 1868 pontifice
2135 1794 2191 1847 aut

538 1903 626 1953 certe
658 1912 730 1953 cunr
756 1912 918 1953 consensu
942 1888 1027 1952 illius
1051 1887 1161 1953 verbis
1185 1888 1238 1952 vel
1261 1889 1376 1952 litteris
1400 1897 1560 1974 porrecto,
1592 1889 1754 1972 corrigere
1779 1900 2024 1975 correctumque
2048 1888 2090 1953 ad
2115 1912 2189 1954 con·

538 1995 735 2059 servandum
760 2006 901 2060 statuere
926 1996 1105 2060 consuevit.

646 2101 749 2166 Simili
774 2102 870 2166 modo
894 2103 991 2166 etiam
1017 2103 1106 2166 etin
1130 2102 1189 2181 his,
1215 2123 1299 2188 quae
1323 2101 1365 2166 ad
1389 2100 1647 2166 conservandum
1671 2102 1704 2164 in
1729 2101 1877 2165 humanis
1901 2100 2027 2166 actibus
2043 2101 2188 2166 eiusdem

538 2208 697 2273 ecclesiae
722 2207 1044 2274 incontaminabilem
1069 2219 1198 2289 statum,
1223 2208 1412 2272 moderante
1428 2230 1494 2271 non
1511 2206 1657 2293 qualibet
1673 2207 1785 2271 dolosa
1800 2207 1854 2271 vel
1870 2209 2047 2295 sophistica
2062 2231 2189 2273 necnon
2210 2235 2235 2274 rs

538 2315 660 2401 duplici
685 2315 872 2396 calliditate,
897 2314 955 2378 sed
978 2317 1116 2379 veritate
1141 2313 1292 2396 subnixa,
1317 2313 1455 2400 simplici
1479 2315 1605 2378 ratione
1627 2315 1763 2400 ipsaque
1780 2314 1986 2396 discretione,
2010 2314 2189 2397 honestate,

537 2421 688 2502 utilitate,
712 2422 836 2507 pariter
859 2421 1021 2485 inradiata
1043 2423 1179 2503 ratione,
1205 2444 1270 2485 non
1294 2420 1397 2485 solum
1421 2422 1520 2484 noxia
1543 2420 1596 2484 vel
1620 2422 1746 2502 nociva,
1770 2443 1883 2485 verum
1909 2443 2037 2508 quoque
2063 2424 2190 2509 etipsa

538 2527 703 2613 superflua
726 2539 758 2591 et
780 2551 846 2592 nou
868 2531 1054 2592 necessaria
1070 2550 1218 2593 resecare
1236 2528 1406 2592 consuerit
1421 2537 1453 2591 et
1469 2549 1518 2608 ea,
1543 2537 1578 2591 ut
1592 2527 1795 2613 praedictum
1812 2540 1869 2608 est,
1894 2550 1978 2614 quae
1994 2527 2036 2592 ad
2052 2528 2188 2593 salutem

538 2635 636 2699 totius
660 2634 820 2699 ecclesiae
844 2636 1007 2721 pertinere
1032 2646 1064 2698 et
1087 2636 1221 2721 insuper
1243 2636 1358 2697 merito
1376 2634 1486 2698 caveri
1508 2654 1574 2697 non
1598 2632 1796 2716 debuissent,
1828 2633 2018 2700 disserendo
2042 2645 2075 2699 et
2105 2636 2189 2700 ordi·

537 2741 646 2806 nando
671 2743 797 2805 sancire
822 2741 916 2805 solita
939 2741 1009 2822 fuit,
1034 2754 1067 2805 et
1089 2742 1150 2805 boc
1174 2764 1240 2805 non
1263 2739 1484 2804 tantummodo
1509 2739 1549 2804 de
1574 2762 1675 2804 causa
1697 2739 1774 2804 fidei
1790 2740 1853 2822 vel,
1877 2743 1962 2806 sicut
1977 2744 2190 2829 praemissum
2209 2767 2235 2807 ao

539 2859 598 2928 est,
624 2847 665 2911 de
689 2861 774 2912 statu
799 2848 931 2913 humani
955 2850 1085 2933 generis
1109 2848 1161 2911 rel
1186 2870 1282 2912 eursu
1305 2847 1519 2927 rectitudinis,
1544 2870 1656 2911 verum
1681 2869 1809 2934 quoque
1826 2848 1867 2912 de
1884 2850 1970 2912 omni
1987 2848 2189 2913 dissensione

538 2956 572 3019 in
595 2967 709 3019 sancta
732 2955 796 3019 Dei
821 2955 970 3036 ecclesia,
1002 2976 1085 3041 quae
1109 2977 1225 3040 pacem
1249 2953 1337 3018 illam
1360 2953 1492 3018 turbare
1517 2952 1699 3034 videbatur,
1730 2977 1828 3040 quarn
1851 2954 2012 3020 Dominus
2036 2956 2190 3042 apostolis

392 3082 521 3131 raama.
538 3073 571 3126 et
600 3085 660 3149 per
689 3061 851 3148 apostolos
880 3060 975 3126 nobis
1006 3060 1156 3126 omnibus
1186 3062 1344 3125 vicariam
1375 3061 1579 3147 praesentiae
1611 3082 1688 3124 suae
1720 3060 1893 3147 dereliquit
1916 3061 2045 3125 dicens:
2075 3063 2189 3128 Pacem

538 3194 637 3233 mecm
662 3170 702 3233 do
727 3170 824 3247 nobes,
841 3194 954 3255 pacem
980 3194 1077 3234 mecm
1103 3169 1248 3254 relinquo
1273 3170 1368 3233 vobis
1414 3166 1623 3254 Ubicumque
1652 3190 1712 3253 per
1741 3167 1910 3253 quodlibet
1939 3170 2070 3254 pietatis
2094 3191 2188 3255 argu-

538 3285 682 3339 mentum
710 3275 896 3361 pertingere
926 3276 1040 3361 potuit,
1067 3296 1197 3360 semper
1219 3275 1314 3338 buius
1338 3284 1471 3338 sanctae
1496 3274 1583 3337 sedis
1606 3274 1748 3338 vicarius
1773 3274 2001 3360 apostolorum,
2027 3275 2188 3361 quaedam
2208 3300 2235 3338 ιι

538 3380 720 3460 mulcendo,
756 3381 918 3467 quaedam
947 3403 1036 3462 vero,
1073 3382 1099 3444 si
1130 3382 1176 3445 ita
1205 3403 1258 3444 res
1288 3381 1499 3467 poposcisset,
1536 3380 1665 3444 sublimi
1694 3403 1733 3444 ac
1763 3381 1952 3444 veneranda
1986 3382 2188 3464 auctoritate,

538 3500 574 3551 ut
598 3488 732 3572 dignum
756 3497 835 3568 erat,
860 3487 1007 3551 docendo
1032 3488 1217 3574 pariterque
1242 3487 1472 3572 praedicando,
1492 3486 1535 3550 ad
1551 3487 1642 3573 pacis
1659 3486 1866 3551 concordiam
1883 3510 2038 3552 revocare
2055 3489 2188 3553 studuit.

647 3594 791 3674 Quorum
809 3595 926 3673 ricem,
951 3592 1204 3679 qualescumque
1222 3595 1332 3672 simus,
1356 3594 1569 3658 ministerium
1586 3605 1695 3658 tamen
1711 3595 1985 3658 etauctoritatem
2002 3593 2188 3678 subeuntes,

538 3701 675 3765 caritate
705 3701 827 3786 pariter
857 3711 890 3763 et
913 3699 1027 3763 eadem
1059 3701 1252 3764 auctoritate
1276 3698 1419 3764 roborati
1451 3700 1685 3764 dissensionem
1716 3699 1814 3782 illam,
1846 3723 1944 3786 quarn
1973 3702 2058 3766 inter
2084 3704 2188 3788 ipsam

538 3830 667 3893 semper
690 3806 762 3870 Deo
786 3805 959 3870 amabilem
983 3806 1201 3871 Romanorum
1226 3805 1470 3894 Grecorumque
1495 3806 1667 3871 ecclesiam
1689 3817 1834 3871 exortam
1860 3820 1892 3872 et
1916 3807 2027 3872 durius
2051 3808 2188 3872 eandem
2206 3831 2234 3872 ιο

539 3914 721 3994 ecclesiam,
746 3936 845 4000 quarn
868 3912 962 3978 saluti
987 3912 1072 3977 illius
1095 3912 1160 3976 ullo
1185 3912 1281 3977 modo
1306 3915 1480 3977 convenire
1504 3914 1615 4000 possit,
1641 3912 1841 3978 scindentem
1867 3914 2018 3978 diuturno
2042 3926 2188 4001 ternpore

539 4021 762 4106 cognovimus,
785 4042 850 4083 nou
874 4019 1031 4083 audemus
1056 4018 1232 4100 declinare,
1257 4030 1293 4084 ut
1315 4043 1381 4084 non
1403 4019 1491 4083 illam
1515 4042 1558 4083 ex
1582 4019 1774 4084 auctoritate
1791 4033 1952 4085 tantorum
1969 4021 2187 4107 apostolorum

539 4126 582 4191 ad
618 4127 709 4213 pacis
744 4126 953 4191 concordiam
987 4127 1066 4211 ipsis
1101 4125 1320 4190 mediantibus
1356 4124 1533 4190 debeamus
1566 4125 1745 4208 advocare,
1781 4128 1923 4191 maxime
1958 4151 2036 4192 vero
2072 4130 2104 4192 in
2138 4151 2186 4210 eo,

539 4233 627 4320 quod
657 4232 803 4296 eiusdem
833 4233 1012 4296 miserrime
1044 4232 1255 4297 dissensionis
1287 4255 1326 4297 ea
1356 4234 1398 4296 sit
1419 4234 1566 4314 materia,
1597 4234 1666 4297 sine
1697 4256 1771 4319 qua,
1803 4235 1887 4297 sicut
1917 4233 2025 4299 multis
2048 4236 2186 4316 ridetur,

539 4339 631 4403 salva
653 4362 712 4425 per
735 4339 842 4419 tidem,
867 4362 957 4425 spem
982 4351 1014 4402 et
1038 4340 1205 4403 caritatem
1229 4341 1456 4404 incunctanter
1479 4341 1569 4403 etin
1592 4339 1653 4403 hoc
1677 4340 1807 4403 saeculo
1831 4351 1864 4404 et
1887 4341 1920 4403 in
1944 4340 2051 4406 futuro
2068 4341 2187 4406 salvari
2206 4366 2232 4404 ss

538 4456 646 4534 potest
669 4445 818 4510 ccclesia.
855 4445 999 4526 Quomm
1024 4468 1138 4509 sensus
1162 4457 1194 4510 et
1217 4447 1378 4510 sententia
1400 4446 1474 4510 talis
1498 4457 1561 4510 est:
1586 4445 1666 4532 quid
1681 4446 1768 4527 fidei,
1793 4448 1863 4533 spei
1880 4459 1912 4511 ct
1928 4449 2055 4512 caritati
2071 4448 2186 4513 obesse

538 4555 706 4641 potuisset,
738 4554 765 4616 si
794 4554 902 4638 imago
933 4551 1022 4616 nulla
1052 4563 1118 4617 toto
1150 4551 1228 4616 orbe
1252 4563 1410 4617 terrarum
1441 4555 1530 4640 picta
1559 4553 1612 4617 vel
1640 4553 1716 4617 fieta
1738 4553 1878 4617 fuisset?
1923 4555 1967 4619 Et
1990 4578 2187 4642 quamquain

539 4659 625 4725 idem
650 4658 707 4723 filii
730 4660 841 4740 nostri,
866 4660 920 4745 qui
946 4659 1026 4722 lraec
1050 4659 1173 4736 dicunt,
1197 4658 1434 4724 rationabiliter
1457 4682 1491 4723 se
1516 4659 1688 4723 ostendere
1711 4683 1807 4745 posse
1831 4660 2014 4725 nullatenus
2038 4661 2188 4727 dubitant

538 4765 654 4832 melius
677 4764 756 4829 illud
780 4788 956 4851 numquam
979 4765 1090 4846 fuisse,
1115 4768 1185 4829 sine
1210 4767 1302 4830 euius
1326 4766 1414 4831 cultu
1438 4766 1583 4851 perfecta
1604 4765 1680 4846 lide,
1705 4788 1762 4852 spe
1787 4777 1820 4830 et
1843 4769 1978 4832 caritate
1994 4769 2187 4834 universalis

539 4885 652 4938 sancta
675 4872 741 4937 Dei
765 4871 905 4936 ecclesia
928 4871 1019 4936 salva
1042 4874 1200 4958 potuisset
1224 4874 1412 4955 consistere,
1444 4895 1540 4959 quam
1572 4871 1632 4937 sub
1663 4873 1724 4937 hae
1757 4874 1928 4938 occasione
1952 4898 2017 4939 non
2041 4874 2186 4958 dubium,
2206 4899 2234 4936 ιο

539 4980 597 5045 sed
621 4980 835 5044 certissimum
861 4978 940 5043 illud
965 4978 1082 5042 malum
1107 4978 1291 5044 discordiae
1316 4978 1435 5044 debere
1460 4981 1637 5060 incurrere,
1666 4979 1763 5066 quod,
1788 4981 1849 5044 nisi
1875 4992 2056 5046 correctum
2079 4982 2186 5066 fuerit,

538 5086 722 5151 nullatenus
747 5109 819 5149 cum
836 5085 898 5149 hac
916 5083 1117 5150 dissensione
1134 5085 1176 5149 ad
1192 5086 1380 5167 Dominum,
1405 5087 1460 5172 qui
1484 5098 1534 5150 est
1557 5109 1623 5172 pax
1647 5087 1788 5151 omnium
1813 5085 1875 5150 sibi
1899 5087 2052 5173 placitam
2071 5112 2187 5175 pacem

538 5193 737 5272 habentium,
770 5215 945 5278 numquam
975 5193 1007 5255 in
1037 5203 1195 5278 perpetuo
1228 5204 1339 5278 posset
1361 5194 1557 5279 pertingere,
1589 5204 1621 5256 ct
1643 5194 1792 5279 quamvis
1817 5192 1946 5258 devotio
1975 5194 2101 5259 illorum
2126 5196 2186 5261 boe

539 5312 724 5364 constanter
747 5299 896 5384 postulet,
921 5313 955 5363 ut
979 5300 1025 5362 eis
1049 5300 1284 5380 ratiocinando,
1309 5298 1448 5385 qualiter
1470 5299 1510 5364 de
1535 5300 1614 5386 ipsis
1630 5299 1828 5384 imaginibus
1843 5299 1983 5365 discrete
2000 5312 2032 5365 et
2048 5303 2186 5367 rationa-

647 5451 659 5497 l
682 5448 761 5512 Apud
782 5463 876 5497 omnies
896 5441 949 5510 etc]
969 5448 1020 5497 oco
1033 5446 1143 5511 sortasse
1160 5455 1277 5511 corrupto
1290 5445 1394 5511 frustra
1412 5446 1505 5496 mederi
1521 5445 1604 5497 certati
1621 5464 1714 5496 sumus.
1746 5447 1840 5497 Saum
1857 5446 1956 5497 uidetur
1974 5465 2038 5498 esse:
2059 5450 2095 5499 Ut
2114 5449 2186 5515 apud
2204 5462 2233 5500 cb

538 5553 632 5588 omnes
652 5545 767 5592 constat,
787 5537 853 5586 tides
873 5536 953 5586 liuius
972 5543 1082 5586 sanctae
1103 5536 1239 5586 ecclesiae
1259 5573 1265 5585 .
1286 5573 1291 5585 .
1312 5573 1319 5585 .
1339 5536 1372 5585 ab
1392 5537 1465 5586 omni
1485 5536 1573 5586 heresi
1593 5534 1771 5585 inlibata
1792 5545 1953 5586 conservata
1973 5545 2021 5586 est.
2099 5542 2129 5589 11
2151 5541 2186 5590 ob

539 5621 691 5692 praesente]
714 5635 856 5690 praesente
876 5627 911 5674 ob
931 5625 1042 5689 sortasse
1059 5625 1232 5690 corripendum
1258 5634 1300 5684 αἱ,
1326 5626 1498 5691 praesidente
1525 5626 1560 5675 ob
1585 5624 1642 5676 edd.
1725 5627 1757 5674 15
1782 5620 1889 5688 statum]
1913 5626 2016 5690 meppie:
2042 5628 2187 5692 pertinent.

539 5714 722 5765 19carercl'.
789 5714 929 5763 debuisset
944 5711 973 5763 Ρ.
1041 5716 1074 5764 25
1089 5715 1183 5763 vicarii
1200 5713 1230 5763 1².
1295 5715 1328 5763 28
1343 5708 1474 5776 Quorum]
1487 5714 1539 5765 scil.
1553 5712 1745 5779 apostolorum.
1810 5712 1959 5763 etdccstP.
2023 5717 2056 5764 29
2071 5733 2141 5780 quae
2155 5717 2185 5768 P.

537 5799 615 5866 interl
635 5804 705 5852 intra
725 5802 756 5852 Ι).
847 5805 881 5852 30
900 5811 926 5851 et
944 5803 1009 5851 deest
1030 5802 1059 5852 Ρ.
1145 5805 1178 5853 32
1199 5809 1229 5852 ut
1248 5797 1313 5864 uon]
1335 5802 1460 5868 intellipe:
1480 5804 1558 5867 quasi
1580 5819 1642 5852 uon.
1735 5804 1768 5852 33
1788 5799 1980 5866 mediantibus]
2002 5821 2056 5854 non
2074 5805 2135 5855 add.
2154 5805 2186 5856 P.

537 5895 572 5943 40
590 5889 711 5952 dubium]
730 5892 783 5942 scil.
803 5908 871 5941 esse.
944 5894 977 5940 43
997 5889 1121 5957 posseP.
2205 5906 2234 5946 ω
