4884 6717
465 545 517 603 55.
553 546 772 604 concmmn
794 547 851 604 AD
873 547 1277 606 mancum-vumere
1299 547 1604 606 CONGREGATUM
1626 549 1665 605 Α.
1686 547 1759 604 835.
1873 540 1939 605 699

284 731 401 814 locum,
424 731 483 797 ubi
503 733 617 820 Droga
640 744 783 816 steterat,
807 756 917 799 coram
941 733 1091 799 omnibus
1115 734 1281 823 professus
1304 746 1354 800 est
1377 735 1516 801 eundem
1531 733 1716 820 Augustum
1739 735 1859 799 iniuste
1883 733 1939 800 de·

284 840 425 925 positum
449 850 482 904 et
504 841 623 922 omnia,
648 862 733 927 quae
756 839 915 905 adversus
939 863 1013 905 eum
1036 852 1164 929 patrata
1186 841 1326 924 fuerant,
1350 843 1461 930 inique
1486 852 1518 906 et
1541 853 1654 906 contm
1677 842 1775 906 totius
1798 843 1939 906 auctori·

284 947 359 1010 tatis
382 947 545 1011 tramitem
568 946 668 1012 fuisse
692 946 891 1029 machinata,
915 948 1030 1013 merito
1053 949 1203 1036 iusteque
1227 949 1359 1036 proprio
1382 949 1511 1035 imperii
1535 947 1615 1013 solio
1639 947 1859 1013 reformatum.
1894 947 1939 1013 Et

284 1054 331 1117 sic
355 1052 505 1118 omnibus
529 1052 644 1118 laudes
666 1053 740 1118 Deo
765 1052 968 1135 canentibus,
996 1064 1136 1142 atquae
1160 1066 1238 1120 tunc
1261 1054 1386 1120 ibidem
1408 1054 1538 1120 fuerant
1561 1053 1689 1140 agenda
1711 1055 1863 1141 peractis,
1895 1054 1939 1120 ad

252 1158 596 1227 sTheodonis·villae
620 1159 778 1246 palatium
801 1161 941 1246 regressi
966 1172 1057 1244 sunt;
1085 1159 1195 1249 ibique
1219 1161 1482 1227 Hildemannus¹
1503 1162 1538 1226 in
1562 1160 1676 1226 sinodo
1700 1184 1834 1248 presens
1858 1184 1893 1226 se
1917 1185 1938 1226 a

284 1265 471 1353 calumpnia
500 1265 564 1330 sibi
593 1267 737 1353 impacta
766 1265 962 1353 regulariter
991 1289 1115 1332 exuens
1145 1268 1304 1334 satisfecit
1334 1268 1448 1333 sinodo
1479 1279 1512 1333 et
1540 1290 1600 1355 per
1629 1290 1702 1333 eam
1737 1269 1936 1356 imperatori.

282 1372 378 1438 Ebo²
401 1395 479 1437 vero
503 1374 537 1437 in
561 1372 677 1438 eadem
701 1371 815 1438 sinodo
839 1395 974 1460 presens
998 1371 1040 1437 ab
1064 1375 1259 1461 imperatore
1283 1385 1436 1462 presente
1459 1385 1632 1439 accusatus
1660 1386 1720 1454 est,
1752 1374 1838 1461 quod
1863 1397 1937 1439 eum

283 1478 364 1545 falso
388 1479 494 1544 fuerat
517 1480 706 1545 criminatus
731 1490 764 1544 et
787 1479 910 1545 eisdem
934 1480 1024 1544 falsis
1049 1479 1240 1546 criminibus
1263 1483 1441 1568 appetitum
1465 1504 1486 1546 a
1507 1503 1609 1567 regno
1633 1480 1799 1546 deiecerat
1825 1482 1936 1546 armis

283 1608 346 1673 que
371 1585 413 1651 ab
437 1609 476 1652 eo
500 1584 617 1651 ablatis
640 1608 702 1651 uec
727 1585 912 1651 confessum
935 1608 996 1651 nec
1021 1588 1206 1652 convictum
1231 1597 1343 1652 contra
1364 1586 1494 1674 regulas
1518 1587 1758 1653 ecclesiasticas
1774 1583 1816 1651 ab
1832 1586 1936 1652 eccle·

238 1721 265 1760 ro
283 1694 351 1758 siae
375 1693 466 1759 aditu
489 1715 528 1758 ac
548 1692 809 1758 Christianorum
832 1695 987 1758 societate
1012 1693 1238 1758 eliminaverat
1246 1697 1268 1776 ⁸,
1293 1695 1378 1758 sicut
1392 1705 1425 1759 et
1440 1694 1544 1759 isdem
1561 1695 1681 1780 scripto
1697 1692 1936 1781 subscriptione

283 1823 343 1865 sua
371 1799 523 1866 roborato
555 1811 587 1864 et
617 1798 727 1864 verbis
759 1822 869 1865 coram
900 1799 1049 1865 omnibus
1079 1800 1244 1887 professus
1275 1798 1391 1865 fuerat.
1436 1800 1481 1865 Et
1511 1822 1584 1865 cum
1616 1813 1725 1865 essent
1749 1799 1814 1865 alia
1838 1801 1936 1866 etiam

282 1908 430 1989 camina,
454 1905 495 1971 de
520 1905 638 1994 quibus
661 1905 841 1994 posthanc
864 1908 1105 1971 accusationem
1129 1906 1335 1972 accusandus
1351 1917 1423 1972 erat
1438 1917 1470 1971 et
1485 1905 1526 1971 de
1543 1905 1660 1994 quibus
1684 1906 1774 1994 apud
1797 1908 1936 1994 impera·

282 2024 384 2078 torem
419 2014 484 2078 iam
516 2025 613 2078 antea
642 2013 750 2078 fuerat
779 2024 951 2078 aecusatus
982 2023 1015 2078 et
1044 2035 1109 2078 non
1140 2014 1299 2078 canonice
1329 2023 1497 2099 purgatus,
1532 2013 1617 2077 sicut
1644 2024 1676 2078 et
1702 2026 1777 2101 post
1800 2012 1937 2101 epistola

282 2121 509 2208 episcoporum
540 2120 584 2184 ad
614 2119 766 2205 Sergium
795 2123 936 2206 papam*
967 2118 1176 2200 demonstrat,
1209 2130 1242 2184 et
1272 2141 1330 2207 pro
1362 2117 1557 2206 quibusdam
1587 2142 1699 2186 eorum
1730 2123 1886 2186 extiterat
1915 2143 1936 2184 a

237 2252 263 2292 n
282 2227 417 2292 consilio
440 2227 645 2315 imperatoris
669 2227 815 2292 eiectus⁶
830 2263 873 2274 —
889 2248 974 2313 quae
997 2225 1164 2313 patefacta
1185 2227 1324 2292 veritate
1341 2247 1462 2312 negare
1478 2248 1542 2291 non
1557 2225 1690 2292 valebat
1706 2266 1759 2310 -,
1776 2229 1870 2315 petiit
1885 2249 1935 2292 se·

282 2357 420 2416 cessum,
454 2345 491 2399 ut
525 2336 594 2398 sine
624 2334 789 2421 presentia
817 2334 1024 2419 imperatoris
1054 2331 1170 2398 liceret
1199 2335 1230 2398 ei
1260 2334 1293 2398 in
1324 2332 1440 2398 sinodo
1464 2333 1689 2421 episcoporum
1718 2357 1810 2399 suam
1834 2356 1934 2420 agere

283 2462 426 2506 cansam.
473 2440 572 2521 Quod
601 2439 751 2504 obtinens
783 2439 978 2504 convocavit
1007 2438 1050 2504 ad
1080 2462 1116 2504 se
1147 2439 1305 2527 quosdam
1329 2441 1500 2527 episcopos
1524 2452 1555 2505 et
1578 2440 1665 2505 nullo
1696 2451 1843 2526 cogente,
1875 2439 1934 2505 sed

281 2548 413 2634 propria
442 2557 556 2634 sponte
586 2545 766 2610 secundum
789 2568 902 2610 eorum
925 2546 1096 2612 consilium
1119 2549 1325 2635 sequentium
1347 2547 1550 2613 Affn'canum
1575 2547 1748 2613 concilium
1757 2552 1779 2629 ⁶,
1802 2558 1838 2613 ut
1861 2569 1934 2634 par-

282 2665 410 2717 ceretur
432 2653 535 2739 ipsius
557 2651 777 2717 verecundiae
801 2674 840 2717 ac
863 2663 998 2739 propter
1021 2652 1182 2718 ecelesiae
1198 2652 1410 2741 opprobrium
1427 2664 1459 2718 et
1478 2653 1670 2719 insolentem
1692 2653 1934 2719 insultationem

235 2785 264 2826 ao
281 2759 485 2841 secularium,
516 2782 558 2824 ne
582 2758 724 2845 dignitas
748 2758 960 2824 sacerdotalis
983 2759 1191 2846 pollueretur,
1219 2761 1247 2825 si
1272 2761 1317 2848 (p
1334 2763 1416 2846 473)
1441 2758 1570 2847 publice
1594 2759 1635 2825 de
1660 2759 1721 2843 his,
1751 2760 1792 2825 de
1816 2758 1935 2848 quibus

281 2868 446 2954 impetitus
470 2877 503 2931 et
525 2865 632 2931 adhuc
656 2864 862 2952 impetendus
886 2876 966 2946 erat,
997 2866 1164 2930 confessus
1194 2876 1251 2931 aut
1274 2867 1443 2932 convictus
1471 2865 1564 2948 foret,
1595 2864 1739 2932 libellum
1769 2888 1848 2931 suae
1879 2865 1934 2931 de·

281 2974 450 3060 positionis
474 2972 611 3038 dictavit
633 2983 666 3037 et
689 2970 789 3037 scribi
813 2994 924 3037 coram
949 2994 983 3036 se
1007 2971 1086 3037 fecit
1109 2983 1141 3037 et
1163 2974 1297 3060 propria
1318 2995 1417 3038 mauu
1432 2971 1625 3059 subscripsit
1640 2972 1820 3038 secundum
1835 2972 1935 3038 tradi·

282 3081 403 3144 tionem
426 3078 681 3145 ecclesiasticam
698 3077 903 3165 eundemque
920 3075 1066 3143 libellum
1082 3080 1234 3165 propriae
1251 3102 1290 3145 ac
1306 3081 1403 3145 rivae
1420 3080 1510 3145 vocis
1527 3079 1731 3144 confessione
1747 3089 1935 3145 attestatum

282 3187 314 3249 in
338 3184 579 3251 abdicationem
603 3186 663 3261 sui,
687 3184 774 3249 nullo
799 3181 841 3247 ab
866 3205 905 3247 eo
930 3194 1107 3269 quaerente
1127 3184 1180 3249 vel
1204 3187 1369 3272 exigente,
1393 3185 1508 3251 sinodo
1523 3184 1606 3252 ultro
1623 3187 1768 3272 porrexit
1783 3196 1825 3265 et,
1850 3185 1936 3250 sicut

235 3317 263 3359 a
280 3292 385 3357 videri
408 3305 486 3358 tanc
509 3291 552 3357 ab
576 3292 635 3373 his,
667 3292 723 3379 qui
745 3289 970 3372 interfuerant,
1002 3291 1115 3377 potuit,
1145 3292 1329 3358 sacerdotio
1360 3315 1395 3358 se
1425 3302 1539 3379 sponte
1570 3290 1743 3370 submovit,
1774 3313 1936 3378 quaerens

279 3399 459 3465 remedium
483 3397 680 3486 poenitendi,
710 3398 797 3462 sicut
824 3398 859 3461 iu
882 3396 998 3462 eodem
1028 3398 1238 3484 professionis
1262 3421 1301 3464 ac
1325 3398 1571 3487 subscriptionis
1595 3420 1673 3466 suaa
1696 3396 1805 3463 libello
1829 3398 1931 3463 confi·

280 3518 375 3572 netur
397 3507 459 3571 hoc
481 3505 595 3571 modo:
621 3505 703 3590 ‘Ego
719 3503 793 3570 Ebo
817 3503 971 3591 indignus
995 3506 1168 3593 episcopus
1184 3546 1228 3554 —
1243 3502 1316 3571 Ebo
1333 3505 1497 3593 quondam
1514 3506 1687 3593 episcopus
1708 3503 1887 3592 subscripsi
1903 3504 1934 3584 †'

281 3615 323 3696 (a.
348 3616 441 3702 infra
465 3615 522 3678 aab
545 3613 573 3678 A
600 3637 634 3699 p.
654 3620 718 3680 701
743 3613 763 3678 l.
781 3621 825 3681 10
840 3637 907 3700 sqq.
933 3627 961 3677 et
982 3614 1039 3677 aab
1063 3613 1096 3677 B
1113 3638 1148 3700 p.
1169 3619 1238 3682 702
1260 3615 1280 3680 l.
1299 3623 1342 3683 10
1357 3615 1450 3701 aaa).
1497 3612 1542 3677 Et
1563 3623 1600 3676 ut
1623 3614 1732 3677 omnia
1755 3612 1934 3678 secundum

280 3720 380 3806 leges,
405 3718 522 3807 quibus
544 3718 732 3800 moderatur
747 3718 896 3802 ecclesia,
921 3719 954 3783 in
971 3717 1085 3784 sinodo
1101 3717 1251 3804 legaliter
1268 3719 1470 3807 adimpleret,
1495 3718 1589 3784 simul
1607 3740 1683 3784 curu
1698 3720 1755 3802 eis,
1780 3741 1861 3806 quos
1884 3740 1933 3783 se·

235 3850 263 3891 n
280 3826 422 3892 cundum
444 3826 588 3891 Affricae
612 3826 803 3912 provinciae
827 3848 969 3890 canones
994 3824 1139 3912 elegerat
1162 3824 1225 3890 sibi
1256 3826 1390 3909 iudices,
1418 3825 1547 3890 dicente
1575 3825 1739 3913 apostolo:
1771 3826 1936 3891 Adversas
1953 3843 2114 3895 amasne

276 3936 484 4021 presbiteram
517 3937 746 3998 accusationem
778 3934 849 3999 noli
877 3936 1017 4021 recipere
1048 3935 1117 3998 nsar'
1144 3934 1201 3998 snb
1233 3933 1352 3998 dandas
1382 3935 1432 3997 vel
1459 3934 1560 3997 trt'dns
1589 3935 1727 4013 mabar,
1761 3943 1797 3997 ut
1818 3933 1853 3996 in
1876 3954 1933 3997 ore

280 4040 418 4105 duorum
440 4038 494 4104 vel
516 4040 613 4104 trium
637 4040 768 4104 testium
792 4050 956 4105 constaret
979 4041 1076 4105 etiam
1100 4061 1179 4104 suae
1202 4039 1419 4103 accusationis
1449 4049 1493 4119 et,
1523 4048 1559 4103 ut
1586 4038 1669 4103 alius
1692 4061 1727 4104 se
1751 4038 1933 4104 sacerdotio

280 4146 433 4212 defuncto
457 4146 488 4210 ei
511 4146 713 4229 succederet,
738 4145 974 4212 testificationis
998 4144 1145 4227 verbum,
1176 4145 1293 4210 ascivit
1322 4156 1355 4210 et
1384 4144 1463 4209 alios
1493 4155 1559 4209 tres
1590 4146 1762 4231 episcopos
1785 4146 1933 4210 veritatis

280 4252 321 4318 de
345 4275 404 4317 sua
427 4254 636 4319 accusatione
660 4263 693 4318 et
715 4252 942 4318 testificatione
967 4253 1114 4318 conscios
1137 4253 1170 4317 in
1194 4253 1413 4317 testimouium
1436 4273 1516 4316 suae
1539 4252 1761 4339 professionis,
1785 4250 1932 4316 Theode-

235 4381 262 4422 a
279 4361 404 4425 ricum⁷
428 4360 553 4426 scilicet
582 4361 772 4448 episcopum
803 4370 836 4424 et
857 4358 1071 4424 Achardum⁸
1099 4355 1291 4446 episcopum
1320 4357 1489 4424 dioceseos
1520 4363 1621 4423 suae⁹
1650 4369 1683 4423 et
1713 4357 1935 4422 Nothonem¹⁰

279 4467 572 4555 archiepiscopum.
618 4466 662 4532 Et
685 4467 733 4532 sic
756 4467 826 4553 ipse
857 4466 1023 4552 professus
1051 4475 1084 4530 et
1106 4488 1165 4530 sex
1188 4466 1351 4551 episcopis
1375 4487 1452 4530 suae
1476 4465 1672 4552 professioni
1695 4462 1933 4546 attestantibus,

279 4585 314 4639 ut
337 4573 549 4661 prediximus,
580 4571 725 4637 libellum
756 4571 870 4637 sinodo
901 4573 1056 4659 porrexit,
1087 4573 1263 4657 cunctique
1294 4572 1451 4658 episcopi,
1482 4572 1538 4659 qui
1569 4570 1683 4636 sinodo
1707 4571 1934 4651 interfuerunt,

279 4679 466 4767 singillatim
490 4702 529 4744 ac
559 4680 682 4744 viritim
712 4678 866 4744 dixerunt
895 4677 958 4743 illi:
991 4677 1189 4744 ‘Secundum
1220 4688 1311 4744 tuam
1341 4678 1576 4765 professionem
1606 4689 1639 4743 et
1662 4676 1934 4764 subscriptionem

279 4810 373 4853 cessa
396 4809 416 4852 a
439 4786 646 4868 ministeria,
671 4796 704 4851 et
727 4807 836 4851 coram
861 4782 1010 4850 omnibus
1033 4783 1117 4849 hanc
1140 4785 1296 4849 noticiam
1319 4806 1394 4850 cum
1409 4786 1590 4872 prescripto
1606 4783 1718 4850 libello
1734 4782 1934 4871 temporibus

234 5057 263 5097 so
390 5044 419 5114 1)
444 5043 670 5114 Bellovacenes's5
692 5064 718 5101 n.
742 5063 833 5119 supra
851 5063 885 5119 p.
904 5046 966 5103 698
985 5044 1004 5100 l.
1021 5046 1068 5102 19.
1150 5041 1181 5112 2)
1202 5041 1355 5118 Sequentia
1377 5041 1546 5100 adverbum
1564 5043 1636 5116 sere
1654 5063 1713 5099 cans
1733 5042 1850 5119 epistola
1870 5061 1934 5098 can·

281 5151 338 5209 cilii
366 5151 522 5209 Tricassini
544 5145 648 5227 (snpra
669 5171 699 5226 p.
718 5153 779 5210 697
798 5145 967 5227 t22sqq.)
992 5149 1175 5206 concordant.
1260 5148 1290 5218 3)
1315 5148 1427 5206 Scilicet
1448 5168 1525 5206 anno
1541 5153 1631 5219 333.‚·
1655 5151 1696 5220 cs.
1711 5169 1803 5225 snpra
1821 5151 1933 5226 12695

282 5259 402 5328 Simeon,
427 5260 446 5314 l,
463 5260 481 5314 l.
498 5258 538 5329 II,
556 5262 597 5318 66
607 5277 669 5334 sqq.
739 5255 770 5327 4)
795 5259 975 5316 sea—847.
1046 5257 1075 5326 5)
1094 5253 1143 5329 Cf.
1161 5255 1282 5326 Simson,
1307 5256 1326 5312 l.
1343 5257 1362 5312 l.
1380 5255 1419 5326 II,
1437 5259 1497 5316 133
1519 5275 1588 5313 ann.
1607 5259 1636 5314 6.
1706 5256 1737 5326 6)
1762 5253 1812 5327 Cf.
1837 5254 1935 5313 condi,

283 5363 518 5441 Carthaginiense
540 5367 602 5425 407
626 5357 670 5440 (in
693 5363 787 5420 codice
810 5383 948 5420 canonum
980 5362 1112 5420 ecclcsiae
1137 5362 1302 5434 Africanae
1329 5382 1352 5419 c.
1376 5364 1477 5422 96:
1496 5364 1577 5437 apud
1598 5361 1765 5436 Dionysium
1791 5362 1935 5440 Enipeum

282 5471 379 5529 concil.
403 5472 576 5542 Africanum
607 5491 629 5528 c.
656 5475 696 5530 63
702 5492 713 5540 ,·
745 5469 845 5528 Menai
867 5469 929 5541 111,
953 5465 1049 5546 802).-
1076 5470 1116 5526 Ut
1145 5470 1182 5525 ab
1207 5470 1308 5527 electis
1337 5471 1478 5527 iudicibus
1505 5488 1658 5542 provocare
1682 5489 1738 5525 non
1759 5470 1857 5525 liceat.
1904 5469 1934 5525 Si

235 5603 263 5644 a
281 5586 376 5634 autem
400 5579 487 5633 fuerit
510 5586 703 5650 provocatum,
729 5578 818 5650 eligat
841 5579 889 5649 qui
912 5578 1107 5650 provocaverit
1129 5578 1238 5632 iudices
1258 5585 1288 5633 et
1306 5596 1369 5633 cum
1386 5596 1419 5634 eo
1436 5585 1466 5633 et
1489 5577 1549 5645 ille,
1573 5584 1673 5633 contra
1691 5595 1770 5649 quen
1799 5594 1935 5646 provoca·

281 5686 366 5754 serit,
390 5693 421 5739 ut
445 5686 481 5740 ab
504 5686 571 5756 ipsis
598 5686 735 5757 deinceps
764 5685 835 5739 nulli
864 5685 950 5740 liceat
979 5702 1144 5756 provocare.
1191 5683 1227 5739 A.
1251 5683 1340 5755 Masi,
1365 5683 1439 5740 ‘Der
1463 5681 1682 5741 Gnicltastand
1703 5684 1751 5740 des
1776 5681 1875 5740 Oleros
1897 5682 1935 5739 ira

276 5790 470 5865 frankisclren
490 5791 577 5847 Reielr
602 5787 783 5864 (Inmemor
803 5784 908 5866 1886),
929 5809 961 5865 p.
980 5793 1021 5849 77
1039 5810 1108 5846 nnn.
1126 5793 1155 5849 4.
1241 5789 1272 5860 i)
1297 5787 1537 5848 Cameracensern.
1623 5789 1654 5859 8)
1677 5787 1936 5847 Noniomacensem.

283 5898 314 5968 9)
339 5898 529 5975 Suffrapanei
551 5906 635 5955 mant
657 5896 863 5973 archiepiscopi
884 5896 1039 5954 Rernensra.
1134 5896 1185 5964 10)
1209 5898 1411 5954 Arelatenses.

1672 6013 1723 6068 88*
