4884 6717
736 499 788 555 50.
824 497 1043 556 CONCILIUM
1066 496 1292 554 PARISIENSE
1315 498 1352 552 A.
1374 495 1449 552 829.
1848 488 1912 552 65⁷

263 696 394 767 telligere
418 696 578 749 acutissime
601 702 747 767 satagunt,
771 703 803 750 ut
826 695 869 749 his
893 696 966 750 bens
991 695 1074 760 notis,
1104 694 1172 765 quid
1195 711 1303 760 verum,
1335 693 1402 763 quid
1432 691 1544 757 falsum,
1575 691 1643 762 quid
1672 691 1776 745 iustum
1808 691 1913 762 quidve

263 803 395 856 iniustum
419 801 467 866 sit,
490 802 519 855 in
542 801 594 856 hac
617 808 695 855 terra
718 802 896 856 morientium
918 800 1026 871 liquido
1050 801 1211 857 discernere
1238 805 1354 871 queant,
1387 805 1493 869 quanto
1523 797 1611 869 magis
1640 798 1700 852 iura
1730 797 1867 853 caelestia
1896 816 1913 853 a

263 927 369 962 summo
384 907 485 979 opifice
502 908 576 974 Deo,
601 909 722 963 omnium
738 915 877 972 creatore,
901 907 1060 962 hominibus
1076 907 1255 979 promulgata
1270 906 1479 976 salubriterque
1495 904 1619 972 conlata,
1636 904 1738 976 quibus
1755 905 1912 960 carendum

263 1015 364 1070 malum
387 1014 606 1086 faciendumque
630 1015 732 1069 bonum
756 1016 936 1087 perdocetur,
961 1032 1034 1086 quae
1059 1015 1144 1069 etism
1167 1019 1322 1069 sectatores
1345 1030 1410 1067 suos
1433 1012 1470 1066 ad
1497 1019 1601 1067 terram
1624 1010 1783 1083 provehunt
1813 1011 1911 1066 vireu

231 1123 339 1188 suum,
371 1122 481 1176 cunctis
510 1120 641 1175 fidelibus
671 1122 781 1177 discere
813 1128 843 1176 et
874 1121 1036 1193 intelligere
1067 1120 1213 1176 intentioni
1250 1138 1312 1175 esse
1349 1119 1446 1175 debet.
1504 1118 1565 1172 Lex
1596 1119 1692 1189 itaque
1723 1116 1825 1172 Christi
1855 1137 1911 1173 non

262 1229 425 1301 specialiter
448 1228 567 1294 clericis,
591 1229 642 1284 sed
666 1228 841 1300 generaliter
863 1229 973 1283 cunctis
1001 1226 1134 1282 fidelibus
1165 1233 1210 1282 est
1234 1245 1250 1282 a
1273 1227 1392 1281 Domino
1421 1226 1576 1293 adtributa,
1606 1224 1674 1279 licet
1704 1226 1732 1279 in
1763 1225 1912 1297 evangelio

263 1337 385 1407 quedam
408 1336 465 1390 sint
487 1343 644 1407 praecepta
666 1337 801 1407 specialia
812 1331 832 1403 ¹,
857 1354 930 1407 quae
954 1334 1127 1388 solummodo
1151 1334 1390 1405 contemptoribus
1413 1333 1510 1388 mundi
1541 1339 1571 1386 et
1600 1331 1789 1403 apostolorum
1817 1339 1911 1388 secta·

263 1443 370 1496 toribus
400 1444 580 1508 conveniant,
612 1450 711 1498 cetera
740 1451 833 1498 tamen
864 1442 973 1498 cunctis
1002 1439 1146 1506 fidelibus,
1179 1440 1331 1511 uuicuique
1362 1439 1470 1494 scilicet
1501 1440 1530 1493 iu
1559 1439 1670 1506 ordine,
1701 1455 1757 1509 quo
1787 1457 1817 1493 se
1848 1440 1912 1494 Deo

262 1550 367 1605 servire
391 1549 516 1614 devovit,
540 1549 778 1604 indissimulanter
801 1549 979 1604 observanda
1001 1555 1163 1602 censentur.
1212 1535 1331 1617 Qu0d²
1357 1558 1435 1600 vero
1465 1535 1547 1599 fides
1578 1536 1647 1600 sola
1676 1536 1838 1599 neminem
1870 1535 1913 1601 ad

218 1678 245 1717 ιο
262 1670 398 1733 regnum
422 1645 582 1733 provehat
604 1645 757 1724 celorum,
781 1647 847 1710 iam
875 1647 907 1709 in
938 1642 1159 1731 superioribus
1190 1642 1363 1729 capitulis⁸
1393 1641 1649 1707 demonstratum
1683 1653 1741 1706 est
1788 1642 1911 1706 Verum

263 1754 421 1841 professio
445 1751 674 1817 Christianae
704 1750 812 1816 multis
842 1762 875 1815 et
905 1753 938 1815 in
968 1749 1076 1816 multis
1107 1760 1240 1837 propter
1270 1748 1502 1813 delectationes
1538 1747 1685 1814 carnales
1716 1758 1749 1812 et
1780 1759 1935 1835 propter·

262 1861 501 1926 diversissimas
539 1859 634 1923 huius
673 1858 794 1924 saeculi
833 1860 994 1923 vanitates
1033 1868 1066 1921 et
1099 1857 1362 1944 perversissimas
1397 1854 1648 1920 consuetudines
1686 1854 1913 1920 miserabiliter

263 1968 462 2054 neglegitur3
488 1964 606 2052 quibus
629 1976 751 2053 quanto
782 1966 854 2052 plus
885 1965 1025 2030 inaniter
1053 1965 1244 2045 inserviunt,
1276 1972 1365 2027 tanto
1396 1963 1501 2027 minus
1531 1959 1683 2047 operibus
1707 1959 1912 2026 Christianae

263 2075 472 2162 professionis
496 2083 625 2138 vacant.
673 2078 801 2145 Quodsi⁴
831 2090 897 2137 acta
925 2085 1115 2152 apostolorum
1144 2079 1305 2152 relegamus
1337 2086 1367 2134 et
1397 2079 1577 2133 devotionem
1601 2076 1778 2134 Christianae
1808 2077 1911 2149 plebis,
1930 2086 2049 2140 cluens,

218 2210 244 2250 ro
262 2209 337 2263 quae
371 2190 424 2244 sub
453 2190 560 2245 eisdem
590 2190 725 2261 apostolis
755 2189 858 2254 floruit,
893 2188 1037 2242 subtiliter
1067 2186 1326 2252 animadvertimus,
1361 2184 1478 2240 multam
1509 2185 1594 2240 nostri
1625 2184 1732 2240 saeculi
1762 2182 1911 2240 Christiani
1950 2140 2030 2190 Μ’

261 2298 358 2370 populi
382 2297 561 2352 devotionem
584 2297 621 2351 ab
644 2295 753 2351 illorum
777 2295 883 2350 distare
907 2294 1119 2365 repperiemus3
1145 2300 1176 2348 et
1198 2299 1307 2364 quanto
1331 2291 1371 2347 illi
1394 2292 1538 2346 ardentius
1561 2308 1593 2346 ac
1618 2291 1746 2346 devotius
1770 2308 1831 2346 eam
1847 2298 1913 2346 sunt

262 2405 374 2471 sectati,
399 2410 477 2458 tauto
508 2403 633 2459 nonnulli
664 2403 700 2457 ab
731 2403 791 2457 eius
820 2402 954 2473 operibus
984 2400 1144 2471 torpentius
1179 2407 1245 2453 suut
1279 2399 1408 2470 digressi.
1466 2398 1590 2452 Proinde
1625 2398 1697 2453 sicut
1730 2404 1799 2452 tunc
1833 2398 1913 2452 initio

262 2511 401 2566 nascentis
426 2510 547 2565 ecclesie
572 2510 672 2564 eadem
695 2509 768 2563 fides
791 2508 924 2580 operibus
948 2507 1053 2574 floruit,
1077 2507 1119 2561 ita
1140 2524 1215 2560 nunc
1233 2507 1339 2563 eisdem
1355 2504 1495 2577 neglectis
1510 2505 1587 2576 apud
1603 2504 1738 2575 quosdam
1753 2506 1912 2560 marcescit.

263 2617 301 2673 Ut
327 2618 400 2672 enim
424 2617 518 2671 verbis
541 2616 619 2671 beati
642 2616 793 2688 Augustini
817 2615 964 2670 scribentis
987 2614 1015 2668 in
1039 2613 1111 2668 libro
1134 2630 1292 2668 sermonum
1317 2621 1476 2678 utamur,
1501 2605 1653 2666 Christus⁵
1674 2611 1702 2664 in
1726 2611 1806 2666 uobis
1836 2611 1912 2667 idem

216 2747 245 2787 ao
263 2733 317 2793 est,
342 2726 389 2797 qui
415 2731 443 2778 et
465 2725 493 2777 in
518 2723 590 2790 illis3
615 2723 666 2778 sed
691 2740 746 2776 non
770 2722 845 2776 idem
868 2722 976 2776 animus
998 2722 1027 2775 in
1051 2720 1142 2786 nobis,
1166 2720 1214 2791 qui
1238 2719 1292 2773 fuit
1317 2720 1345 2772 in
1368 2718 1440 2786 illis3
1466 2719 1566 2773 eadem
1588 2716 1661 2773 fides
1684 2718 1713 2772 in
1739 2717 1830 2783 nobis,
1861 2719 1913 2773 sed

262 2851 317 2887 nou
341 2833 441 2888 eadem
464 2830 588 2886 devotio.
635 2830 667 2883 In
691 2829 745 2883 illis
769 2830 843 2883 enim
866 2829 952 2882 maior
977 2834 1038 2882 erat
1068 2826 1232 2881 fraternitas
1256 2823 1360 2880 Christi
1392 2842 1474 2895 quam
1505 2823 1665 2896 sauguinis3
1697 2824 1726 2878 in
1755 2823 1810 2879 illis
1839 2825 1912 2879 sicut

262 2957 318 2994 uua
340 2938 424 3005 fides,
448 2939 488 2992 ita
511 2944 573 2993 erat
597 2943 627 2992 et
658 2954 715 2990 una
745 2936 914 3000 substantia,
944 2941 987 3002 ut,
1018 2934 1120 3005 quibus
1151 2941 1213 2988 erat
1244 2933 1396 2987 communis
1420 2929 1561 2996 Christus,
1592 2931 1744 2986 communis
1775 2940 1852 2987 esset
1882 2937 1913 2987 et

262 3051 399 3117 sumptus.
447 3043 535 3099 Nefas
560 3044 633 3098 enim
656 3043 797 3115 putabant
822 3059 885 3096 eum
909 3042 962 3096 sibi
984 3041 1151 3114 participem
1175 3057 1231 3095 non
1254 3039 1413 3094 adsciscere
1438 3039 1466 3093 iu
1490 3038 1660 3104 substantia,
1690 3038 1739 3109 qui
1768 3038 1912 3110 particeps

263 3159 340 3207 esset
367 3153 396 3205 in
419 3152 520 3222 gratia.
566 3151 631 3205 Non
662 3167 730 3222 ergo
759 3149 942 3215 verebantur,
974 3167 1009 3204 ne
1042 3148 1192 3214 esurirent,
1223 3147 1275 3202 sed
1306 3145 1400 3217 potius
1430 3145 1580 3212 timebant,
1612 3162 1648 3200 ue
1679 3145 1749 3199 alius
1780 3145 1911 3200 esuriret.

217 3278 245 3318 aa
264 3254 367 3314 Nunc⁶
396 3265 502 3325 antem,
538 3265 570 3312 ut
599 3258 675 3312 idem
705 3257 807 3311 beatus
837 3255 1013 3327 Augustinus
1043 3254 1094 3322 ait,
1129 3255 1170 3309 ita
1204 3252 1279 3308 alter
1311 3253 1347 3307 de
1378 3252 1493 3308 alterius
1523 3251 1618 3322 inopia
1647 3269 1703 3305 non
1733 3251 1849 3322 cogitat,
1880 3258 1912 3306 ut

263 3366 333 3420 illud
356 3366 402 3433 sit,
427 3366 503 3436 quod
526 3365 594 3420 dicit
618 3364 779 3436 apostolus:
811 3361 891 3418 Alius
920 3360 1030 3436 guidem
1057 3360 1152 3428 merit,
1182 3358 1257 3417 alius
1279 3357 1391 3415 achim
1414 3366 1461 3415 est.
1507 3358 1547 3412 Et
1577 3357 1662 3429 paulo
1694 3365 1775 3429 post:
1807 3352 1912 3414 Nuuc⁷
1931 3372 2091 3424 1.cor.1r,tt.

264 3479 318 3539 est,
342 3464 456 3549 inquit,
480 3471 550 3526 illud
573 3478 697 3543 tempus,
721 3470 798 3541 quod
814 3469 950 3524 Dominus
974 3468 1001 3521 in
1026 3467 1173 3538 evangelio
1197 3467 1254 3521 ait:
1279 3463 1440 3521 Abundalit
1461 3463 1603 3540 iniquitas,
1623 3462 1791 3540 refrigescet
1805 3463 1913 3522 caritas
1930 3479 2093 3532 uanusque.

264 3579 419 3636 semitarum.
467 3579 552 3633 Modo
576 3579 650 3633 euim
673 3577 799 3632 abundat
823 3575 941 3630 arantis
964 3581 993 3630 et
1016 3574 1160 3644 iniquitas,
1184 3590 1259 3643 quae
1283 3579 1348 3626 ante
1378 3572 1513 3627 bonitatis
1544 3571 1677 3643 largitate
1708 3572 1849 3636 cessabat,
1882 3579 1912 3628 et

263 3685 421 3758 refrigescit
451 3685 638 3740 fraternitatis
668 3684 781 3750 caritas,
813 3698 886 3754 quae
916 3682 994 3752 prius
1025 3678 1129 3734 Christi
1160 3697 1253 3734 mucre
1284 3677 1424 3733 fervebat.
1478 3678 1560 3732 Tunc
1590 3677 1665 3733 enim
1694 3678 1747 3732 sub
1778 3679 1912 3750 apostolis

216 3811 246 3851 ao
263 3801 343 3848 tauta
364 3792 551 3848 fraternitatis
575 3791 691 3846 dilectio
718 3790 784 3856 fuit,
814 3795 846 3843 ut
876 3789 905 3843 in
935 3793 1077 3842 conventu
1106 3803 1157 3840 suo
1187 3784 1266 3839 nulla
1295 3784 1470 3840 inveniretur
1499 3784 1673 3857 indigentia3
1704 3790 1788 3840 tauta
1815 3793 1912 3841 autem

263 3901 345 3954 modo
368 3899 578 3954 christianitatis
607 3896 790 3952 dissimulatio
820 3902 875 3963 cst,
906 3901 938 3948 ut
967 3894 996 3948 in
1027 3900 1112 3948 coetu
1141 3899 1237 3946 nostro
1261 3892 1305 3945 vir
1335 3892 1461 3946 invenias
1490 3891 1673 3962 locupletem.
1726 3891 1912 3963 Iocupletem

264 4015 355 4062 autem
379 4007 424 4061 vir
447 4006 566 4060 inveniri
590 4005 664 4071 dico,
687 4021 743 4059 uon
766 4002 961 4068 facultatibus,
985 4000 1037 4056 sed
1065 3999 1209 4070 operibus.
1263 3997 1312 4052 Ait
1341 4004 1437 4053 autem
1467 3997 1629 4069 apostolus:
1660 3996 1769 4054 Diuites
1798 3997 1855 4055 sint
1882 3998 1912 4055 in
1931 4013 2082 4065 extiment.

263 4112 392 4188 operibus
413 4111 500 4169 bonu.
546 4112 733 4183 locupletem
759 4111 832 4165 enim
856 4110 884 4163 iu
909 4107 1030 4163 ecclesia
1052 4105 1171 4177 intelligi
1194 4105 1294 4170 voluit,
1320 4105 1369 4175 qui
1391 4105 1470 4159 dives
1493 4105 1521 4158 in
1538 4102 1649 4160 Christo
1673 4111 1727 4159 est.
1765 4094 1810 4158 Et
1825 4094 1911 4159 idem

264 4220 337 4296 post
360 4232 480 4296 pauca:
505 4213 602 4273 Raro⁸
625 4218 709 4289 igitur
731 4218 759 4271 in
782 4216 834 4270 hoc
862 4221 990 4285 tempore
1021 4214 1050 4266 in
1074 4209 1234 4266 Christiano
1265 4210 1369 4282 populo
1399 4211 1556 4266 invenimus
1585 4210 1768 4282 locupletem.
1820 4211 1858 4265 Et
1888 4211 1911 4266 si

219 4327 392 4398 repletique
417 4327 445 4380 iu
468 4326 596 4379 domibus
619 4341 686 4378 auro
709 4329 776 4378 sunt
798 4322 912 4387 divites,
936 4322 965 4375 in
988 4318 1110 4375 ecclesia
1133 4325 1230 4374 tamen
1245 4325 1310 4372 sunt
1328 4318 1460 4372 mendici.
1500 4317 1574 4371 Duru
1591 4317 1665 4372 enim
1681 4317 1756 4372 circa
1770 4335 1912 4389 pauperes

372 4536 434 4585 Vll.
463 4533 696 4600 3salubriterquq
717 4532 744 4581 V.
802 4533 834 4581 12
853 4529 1064 4596 consuetudines
1085 4527 1111 4577 Γ.
1169 4528 1201 4578 13
1221 4520 1403 4590 Christianae]
1422 4524 1508 4592 plebis
1526 4524 1587 4577 add.
1607 4524 1634 4577 l'.
1691 4527 1722 4576 19
1741 4527 1868 4592 Agustini
1883 4520 1912 4577 P.

266 4627 299 4676 23
318 4625 465 4676 adsciscire
485 4623 511 4671 ῐῖ
573 4623 720 4687 participes
740 4626 830 4671 esseut
852 4611 880 4668 P.
942 4621 975 4668 sl
995 4617 1148 4668 aesurireut
1168 4616 1194 4665 Γ.
1257 4617 1290 4667 25
1310 4615 1461 4680 Agaminus
1481 4607 1511 4664 P.
1573 4615 1606 4665 28
1626 4614 1757 4666 bonitatis
1777 4610 1912 4682 largitate]

265 4715 386 4765 bonitate
406 4712 541 4779 largitatis
561 4705 591 4760 P.
665 4713 698 4761 33
718 4707 868 4775 Locuplcte
889 4701 919 4763 P.
992 4700 1071 4768 enim]
1091 4711 1183 4755 autem
1203 4697 1234 4754 P.
1307 4705 1341 4754 35
1361 4704 1459 4754 medici
1479 4702 1505 4753 Γ.

376 4895 404 4962 l)
423 4894 471 4967 Cs.
487 4913 578 4968 supra
596 4913 630 4968 p.
648 4894 707 4950 394
722 4910 783 4966 agg.
809 4909 832 4946 c.
851 4892 917 4948 114.
1009 4886 1040 4955 2)
1064 4885 1155 4942 Verba
1179 4885 1263 4949 Quod
1281 4915 1318 4923 —
1337 4886 1558 4940 demonstratum
1582 4893 1626 4941 est
1649 4877 1681 4959 (l.
1698 4880 1759 4961 10),
1783 4904 1856 4961 guae
1874 4886 1916 4942 ud

219 5019 249 5058 co
266 5021 365 5059 nouum
389 5008 582 5077 argumentum
607 4998 707 5075 capiti
729 4998 842 5065 duasne,
872 4994 979 5070 scripta
1001 5001 1067 5050 eunt
1087 4992 1238 5049 secundum
1261 4990 1364 5048 verbm
1394 4991 1477 5055 Quod
1506 5010 1573 5064 ergo
1596 4993 1736 5048 nemiuem
1759 4992 1820 5048 sola
1841 4990 1914 5049 fides

267 5108 371 5164 Christi
394 5109 454 5163 sine
478 5108 613 5180 operibus
635 5108 671 5162 ad
691 5122 809 5177 regnum
832 5103 970 5175 provehat
993 5109 1151 5166 aetemum‚
1175 5101 1203 5154 in
1227 5100 1413 5171 subsequenti
1430 5099 1669 5154 demonstrabitur
1684 5099 1818 5171 capitulo,
1842 5117 1916 5175 gnae

268 5214 376 5273 aehibet
389 5214 478 5271 lonae
493 5214 589 5271 Aurei.
614 5212 683 5270 liber
698 5213 733 5267 de
747 5208 916 5267 institutione
930 5207 1028 5265 laicali
1042 5205 1158 5266 1019.
1194 5203 1259 5261 Hoc
1273 5205 1303 5261 in
1319 5212 1442 5261 tractatu
1456 5212 1527 5279 apta
1541 5203 1672 5262 videnter
1688 5223 1754 5274 esse,
1778 5204 1808 5260 in
1824 5203 1916 5281 capite

268 5321 378 5379 concilii
400 5320 571 5378 Parieiersais
594 5337 654 5375 eum
673 5316 821 5394 proposita
844 5315 935 5371 minue
957 5321 1130 5391 congruunt,·
1161 5313 1201 5383 es.
1227 5311 1373 5387 Arusiang,
1397 5313 1416 5366 I.
1440 5311 1459 5365 l.
1478 5331 1512 5386 p.
1529 5314 1571 5370 47
1581 5331 1623 5386 sq.
1669 5311 1700 5367 V.
1726 5310 1807 5368 etiam
1831 5310 1916 5383 infra

269 5449 292 5485 c.
310 5432 348 5488 10
371 5428 452 5485 huius
473 5426 554 5495 sitm
572 5446 606 5501 p.
624 5427 682 5485 001
698 5444 759 5500 sqq.
841 5422 870 5492 3)
897 5420 945 5493 Cf.
961 5439 1051 5496 supra
1074 5418 1119 5475 lii.
1136 5418 1158 5475 Ι
1175 5438 1198 5475 c.
1217 5421 1233 5477 1
1241 5439 1252 5486 ,·
1269 5437 1304 5493 p.
1322 5419 1382 5476 609
1397 5438 1439 5494 aq.
1520 5418 1551 5488 4)
1575 5417 1727 5493 Sequentia
1749 5417 1917 5494 dcprongrta

220 5551 250 5590 ss
267 5544 333 5592 sunt
354 5554 390 5592 ea
412 5534 486 5591 lorea
508 5533 616 5601 Aurei,
647 5530 693 5588 De
722 5529 890 5587 institutione
915 5526 1013 5585 laicali
1034 5525 1056 5583 f
1077 5545 1101 5582 c.
1125 5529 1176 5585 20.
1291 5523 1321 5592 5)
1352 5523 1444 5581 Verba
1467 5523 1595 5580 Christus
1613 5553 1651 5564 -
1670 5526 1791 5581 esuriret
1814 5517 1846 5598 (i.
1862 5528 1916 5612 24)

269 5642 434 5716 depromptu
463 5649 529 5697 eunt
554 5659 590 5696 er
614 5635 841 5712 Ps.·Augustino,
873 5633 972 5691 Seruio
995 5636 1055 5693 100
1076 5623 1101 5710 ἕ
1124 5634 1158 5701 1,·
1190 5629 1264 5707 opp.
1289 5629 1438 5706 Augustini
1463 5631 1495 5700 V,
1519 5635 1549 5700 2,
1575 5633 1649 5690 178.
1763 5630 1794 5700 6)
1825 5630 1917 5688 Verba

268 5748 350 5802 Nunc
373 5754 469 5803 autem
492 5749 532 5803 ita
552 5776 588 5785 -
607 5745 720 5800 aebrius
744 5751 787 5800 est
811 5735 917 5818 (1267
941 5741 1070 5817 leguntur
1093 5737 1158 5795 ibid.
1181 5729 1259 5815 §25
1282 5739 1301 5793 1.
1326 5738 1345 5793 l.
1437 5737 1467 5806 7)
1500 5736 1590 5795 Verbo
1613 5739 1695 5793 Nunc
1719 5745 1763 5793 est
1786 5739 1856 5793 illud
1876 5767 1913 5778 -

269 5852 381 5911 Christo
398 5863 441 5911 est
465 5847 497 5927 (l.
514 5848 566 5926 33)
589 5851 688 5909 ibidem
711 5850 899 5908 inueniuntur.
977 5845 1008 5914 8)
1031 5843 1122 5902 Verba
1146 5845 1220 5900 Raro
1239 5874 1275 5883 —
1295 5844 1404 5916 largiris
1420 5836 1460 5918 (p.
1479 5847 1542 5903 658
1565 5844 1583 5899 l.
1601 5839 1633 5920 A)
1656 5843 1754 5900 ibidem
1778 5847 1915 5921 legenter.

321 5969 367 6013 nu.
383 5969 484 6010 mooun
496 5969 526 6009 11.
1669 5966 1703 6017 33
