4884 6717
697 537 749 593 56.
786 536 1004 593 CONCILIUII
1028 537 1359 601 AQUISGRANENSE
1384 540 1419 594 Α.
1440 538 1516 594 836.
1869 531 1931 595 733

385 726 461 789 XII.
501 727 566 789 Per
588 723 719 788 beatum
736 723 891 788 videlicet
906 725 1038 788 Petrum
1056 724 1274 810 apostolorum
1291 726 1473 810 principem
1489 727 1523 788 in
1540 725 1694 806 occiduis,
1718 747 1779 811 per
1801 724 1931 789 beatum

277 855 356 897 vero
372 832 550 896 Iohannem
571 831 752 917 apostolum
773 844 805 894 et
822 831 1056 916 evangelistam
1073 833 1105 894 in
1124 832 1277 910 Orientis,
1302 831 1334 895 id
1352 843 1401 895 est
1416 830 1527 913 Asiae,
1543 830 1701 917 partibus,
1726 855 1786 917 per
1800 830 1931 896 beatum

279 941 376 1003 etiam
400 938 537 1004 Paulum
561 939 594 1001 in
618 948 686 1002 tota
709 937 905 1022 generaliter
928 937 1040 1001 mundi
1066 937 1236 1001 latitudine
1259 938 1396 1002 fundata
1419 949 1451 1002 et
1474 962 1517 1002 ex
1541 937 1760 1003 oblationibus
1786 937 1931 1002 fidelium

279 1058 405 1110 constat
429 1045 532 1109 ditata
555 1057 652 1131 atque
677 1044 844 1108 honorata.
893 1043 1041 1124 Qualiter
1071 1057 1179 1108 autem
1204 1047 1303 1109 ceteri
1329 1046 1505 1132 coapostoli
1535 1045 1661 1109 illorum
1687 1047 1721 1108 in
1744 1043 1932 1128 regionibus

247 1151 342 1218 ssibi
374 1176 393 1215 a
424 1150 554 1216 Christo
585 1152 727 1215 Domino
759 1151 800 1215 ad
830 1150 1067 1236 predicandum
1099 1152 1279 1215 commissis
1313 1151 1485 1216 eeclesiam
1510 1152 1631 1217 Christi
1662 1152 1871 1216 fundaverint
1901 1163 1934 1215 et

278 1258 423 1323 fidelium
448 1258 541 1322 donis
570 1268 719 1322 constare
743 1258 889 1330 fecerint,
921 1269 1013 1341 gesta
1043 1256 1182 1332 illorum,
1213 1280 1296 1344 quae
1328 1259 1361 1321 in
1391 1269 1543 1344 promptu
1573 1258 1735 1323 habentur
1765 1258 1933 1323 evidenter

279 1377 447 1429 testantur.
496 1364 589 1445 Quae
614 1364 666 1427 hie
691 1386 813 1449 ponere
838 1386 976 1448 magnae
1001 1377 1050 1427 est
1073 1364 1278 1449 prolixitatis.

387 1506 481 1570 XIII.
521 1507 701 1569 Memorata
725 1506 825 1590 igitur
848 1507 938 1591 origo
963 1518 994 1569 et
1018 1504 1132 1590 religio
1156 1507 1296 1591 primum
1321 1509 1428 1592 coepit
1452 1509 1521 1570 siue
1546 1507 1640 1571 altari
1664 1506 1705 1570 ab
1729 1506 1814 1570 Abel
1838 1509 1931 1587 iusto,

281 1613 321 1676 de
346 1636 410 1699 quo
435 1615 468 1677 in
491 1612 573 1676 libro
599 1611 766 1676 Geneseos
797 1614 843 1674 ita
867 1611 1000 1696 legItur:
1033 1614 1115 1676 „thel
1143 1639 1264 1698 quoque
1295 1616 1405 1679 obtulit
1432 1615 1469 1677 de
1496 1617 1718 1701 prirnoyenitis
1746 1618 1853 1701 gregis
1882 1617 2092 1688 scismata.

237 1748 263 1786 ro
280 1736 309 1785 et
331 1721 369 1784 de
393 1721 544 1807 adipibus
567 1745 681 1784 eorrun.
730 1720 774 1782 Et
797 1723 933 1805 resperit
956 1720 1113 1783 Doruiaas
1136 1720 1181 1782 orl
1202 1721 1286 1784 ridel
1307 1736 1335 1784 et
1357 1722 1402 1785 ud
1423 1747 1553 1784 rnrtrrero
1577 1725 1662 1802 eins,-
1685 1722 1731 1784 ad
1757 1720 1837 1784 Cain
1862 1745 1933 1784 rere

280 1828 376 1892 etad
399 1853 527 1891 martura
553 1829 642 1891 illius
667 1851 724 1890 aon
751 1829 895 1912 resparit.
944 1824 1070 1905 Quibus
1095 1824 1203 1888 verbis
1228 1850 1291 1889 non
1317 1827 1584 1890 inconvenienter
1612 1828 1719 1913 accipi
1742 1838 1877 1912 possunt
1900 1827 1932 1889 in

280 1955 421 2019 persona
444 1931 529 1996 Abel
553 1932 595 2011 hi,
621 1934 677 2018 qui
701 1955 760 1995 sua
784 1944 909 2017 sponte,
934 1931 967 1994 id
992 1943 1041 1994 est
1065 1955 1113 2010 ea,
1139 1955 1222 2017 quae
1248 1932 1288 1995 de
1312 1956 1410 1996 manu
1427 1933 1490 1997 Dei
1515 1944 1722 2020 aeceperunt,
1747 1933 1820 1997 Deo
1845 1955 1934 1996 crea·

280 2041 343 2104 tori
367 2063 426 2103 suo
450 2051 618 2124 gratanter
642 2039 789 2114 offerunt,
814 2040 847 2101 in
871 2061 1011 2123 persona
1034 2062 1111 2102 vero
1137 2038 1219 2102 Cain
1244 2039 1287 2118 bi,
1312 2041 1367 2125 qui
1392 2039 1544 2103 malivolo
1569 2051 1601 2104 et
1625 2040 1735 2104 invido
1759 2042 1867 2104 animo
1892 2063 1933 2104 ex

281 2146 365 2210 male
401 2145 574 2232 adquisitis
606 2147 780 2231 quicquam
811 2145 884 2209 Deo
916 2145 1031 2207 offerre
1062 2157 1189 2229 gratum
1223 2157 1347 2231 putant.
1403 2146 1611 2232 Quapropter
1639 2169 1775 2211 neeesse
1806 2157 1864 2228 est,
1899 2159 1935 2212 ut

238 2280 264 2319 rs
282 2252 402 2317 facturn
427 2252 512 2317 Abel
536 2254 679 2316 Imitetur
703 2263 735 2314 et
758 2252 880 2315 factum
905 2250 987 2314 l'ain
1012 2275 1142 2337 prorsus
1167 2252 1355 2316 detestetur.

390 2395 500 2458 XIIII.
536 2394 606 2457 Noe
627 2415 766 2479 quoque,
792 2394 932 2477 ingentis
949 2391 1127 2457 cataclismi
1148 2394 1302 2480 periculo,
1327 2396 1468 2458 Domino
1493 2417 1527 2458 se
1552 2405 1753 2481 protegente,
1777 2394 1933 2460 liberatus

282 2524 385 2587 eoque
417 2499 547 2564 iubente
580 2500 620 2563 de
652 2523 728 2562 arca
759 2522 919 2584 egressus
951 2522 1016 2562 non
1046 2511 1141 2563 extra
1170 2500 1282 2581 altare,
1314 2501 1372 2566 sed
1403 2503 1466 2565 iam
1497 2524 1595 2587 super
1626 2501 1726 2565 altare
1752 2501 1793 2565 ob
1818 2501 1934 2566 libera-

281 2609 403 2671 tionem
428 2608 478 2670 sui
502 2606 691 2670 holocausta
716 2607 788 2669 Deo
814 2605 938 2692 optulit,
972 2607 1056 2670 sicut
1079 2608 1112 2669 iu
1137 2606 1252 2670 eodem
1277 2606 1359 2671 libro
1385 2606 1552 2671 Greneseos
1575 2607 1709 2692 legitur:
1741 2610 1936 2696 Aedificas-it
1953 2633 2081 2682 creasse

281 2730 383 2778 oretria
408 2714 475 2779 Noe
504 2716 605 2778 altare
630 2714 767 2776 Donu'no
800 2728 827 2777 et
856 2714 966 2776 tollens
997 2714 1034 2776 de
1065 2717 1183 2777 caracae
1209 2715 1386 2799 pecudibus
1416 2729 1444 2779 et
1472 2716 1652 2779 volucribus
1675 2717 1802 2780 natradis
1827 2717 1936 2780 (adtulit

237 2848 264 2888 το
282 2822 462 2885 holocausto
485 2845 580 2906 serpet·
603 2822 723 2900 altore,
747 2820 955 2904 odoratusque
978 2834 1022 2883 est
1045 2820 1201 2883 Ilonu'uns
1225 2821 1349 2884 odore-m
1374 2824 1550 2884 saturitatis.

390 2964 464 3027 XI'.
504 2961 743 3048 Perpendenda
774 2971 849 3024 sunt
878 2961 959 3024 haec
992 2959 1095 3024 verba
1125 2960 1242 3047 quibus
1278 2961 1413 3025 dicitur:
1453 2964 1670 3049 (ldorutusqae
1704 2979 1749 3028 ast
1778 2965 2079 3030 Doruinusoenmo.

282 3071 407 3135 odorem
431 3072 607 3134 saturitatis.
654 3068 863 3131 Manifestum
888 3068 1007 3152 quippe
1040 3079 1088 3130 cst
1119 3079 1151 3130 et
1182 3068 1346 3131 offerentis
1377 3070 1520 3132 animum
1551 3080 1583 3132 ct
1606 3068 1721 3133 eadem
1745 3069 1935 3134 holocausta

281 3176 355 3240 Deo
380 3198 612 3261 usquequaque
637 3174 809 3260 placuisse,
842 3174 993 3259 quoniam
1024 3196 1084 3238 nee
1115 3176 1148 3236 in
1173 3174 1329 3238 offerente
1363 3198 1423 3239 nec
1448 3176 1481 3238 in
1512 3175 1572 3257 his,
1604 3198 1688 3262 equae
1717 3175 1826 3241 oblata
1849 3189 1933 3252 sunt,

282 3283 458 3369 quIcquam
482 3282 555 3344 Deo
580 3279 699 3344 odibile
731 3304 769 3343 ac
794 3277 984 3343 detestabile
1017 3280 1160 3344 creditur
1183 3281 1342 3362 extitisse,
1374 3293 1406 3345 et
1436 3295 1570 3368 propter
1600 3282 1718 3347 donum
1744 3305 1821 3346 suae
1846 3281 1933 3346 obla-

238 3416 265 3456 ιι
282 3390 379 3452 tionis
411 3389 563 3451 continuo
594 3385 855 3450 benedictionem
880 3409 899 3449 a
923 3386 1065 3449 Domino
1097 3387 1236 3450 eundem
1260 3387 1331 3452 Noe
1361 3390 1560 3475 percepisse.
1607 3391 1789 3468 Benedicat,
1820 3390 2066 3475 inquit,n‚a,1.r.

284 3496 370 3558 Iuro
394 3496 462 3558 Noe
486 3509 514 3558 ct
528 3497 616 3580 ⁴tiliis
640 3497 707 3556 cias
731 3508 758 3558 et
782 3495 866 3558 dr‘rit
888 3494 934 3560 ud
956 3517 1024 3556 cos:
1058 3493 1193 3558 Crescite
1217 3510 1245 3558 et
1267 3497 1532 3581 multiplicurru‘ni
1552 3510 1580 3560 et
1602 3498 1717 3582 replete
1744 3512 1878 3578 terram
1908 3511 1937 3560 et

283 3617 383 3665 terror
410 3616 505 3664 restet·
528 3627 565 3664 oe
589 3615 703 3663 trenror
726 3604 768 3664 sit
790 3626 885 3686 super
908 3615 1015 3663 carrecta
1041 3602 1198 3665 urtirnaliu
1222 3617 1324 3666 terrae
1348 3615 1381 3666 et
1404 3613 1523 3682 cetera,
1554 3624 1638 3688 quae
1662 3613 1851 3688 sequuntur.
1899 3602 1934 3667 Si

283 3710 369 3772 enirn
394 3707 590 3771 oblationem
615 3706 685 3770 Xoe
710 3707 871 3770 Dominus
895 3707 928 3769 in
953 3706 1085 3770 odorem
1110 3709 1279 3772 suavitatis
1304 3708 1457 3772 odoratus
1481 3719 1539 3790 est,
1571 3708 1684 3794 procul
1716 3707 1815 3772 dubio
1846 3707 1934 3772 abla-

283 3816 404 3878 tionem
428 3813 491 3878 sibi
515 3813 695 3878 oblatarum
720 3836 827 3877 rerum
859 3825 892 3877 et
922 3813 1101 3878 detestatur
1124 3827 1157 3877 et
1180 3814 1358 3878 detestatus
1384 3826 1441 3878 est.
1488 3815 1531 3878 Et
1556 3816 1581 3878 si
1606 3838 1665 3901 pro
1690 3838 1749 3878 sua
1772 3813 1934 3879 oblatione

238 3951 265 3990 ιο
283 3919 545 3985 benedictionem
569 3943 588 3983 a
612 3920 684 3983 lieo
710 3919 813 3982 isdem
837 3920 907 3983 Xoe
932 3921 1118 4004 promeruit,
1144 3932 1233 4006 patet
1257 3922 1411 4006 profecto,
1443 3922 1520 4006 quia
1550 3922 1605 4007 qui
1629 3921 1702 3985 Deo
1733 3919 1843 3985 oblata
1873 3920 1934 3985 sibi

284 4029 416 4114 surripit
439 4038 494 4091 aaut
516 4026 586 4090 aliis
611 4025 775 4089 distribuit
799 4049 857 4112 pro
881 4024 1108 4088 benedictione
1133 4026 1393 4091 maledictionem
1418 4028 1562 4090 incurrit.

391 4169 483 4232 XVI.
522 4167 690 4232 Abraham
721 4180 840 4246 autern,
876 4169 967 4230 cuius
998 4191 1062 4230 non
1093 4178 1218 4248 natura,
1255 4168 1313 4231 sed
1348 4169 1452 4250 gratia
1486 4169 1544 4232 filii
1575 4193 1685 4233 sumus
1716 4179 1749 4233 et
1778 4171 1812 4232 in
1843 4170 1935 4233 cuius

284 4277 417 4356 semine,
444 4275 477 4340 id
496 4287 545 4339 est
562 4277 594 4338 in
617 4275 756 4352 Christo,
782 4274 1016 4354 benedicimur,
1049 4276 1103 4359 qui
1129 4273 1269 4338 credidit
1293 4275 1365 4338 Deo
1390 4285 1422 4338 et
1445 4286 1629 4361 reputatum
1653 4288 1701 4340 est
1725 4277 1755 4339 ei
1779 4275 1822 4338 ad
1845 4277 1934 4339 iusti·
1953 4300 2099 4344 carmus.

284 4384 372 4462 tiam,
402 4397 432 4447 ct
464 4384 520 4469 qui
541 4383 683 4446 Domino
707 4382 887 4467 imperante
913 4404 1062 4466 egressus
1087 4393 1134 4444 est
1159 4381 1199 4444 dc
1225 4392 1310 4444 terra
1334 4405 1393 4445 sua
1417 4393 1448 4445 ct
1473 4382 1513 4445 de
1538 4384 1730 4466 cognatione
1755 4405 1814 4446 sua
1838 4395 1871 4444 et
1894 4381 1934 4445 de
1953 4406 2112 4448 erumnas.

238 4519 265 4560 ss
284 4488 378 4553 domo
402 4490 503 4575 patris
528 4490 577 4552 sui
602 4501 634 4552 et
657 4489 746 4551 venit
771 4490 802 4551 in
828 4499 957 4568 terram,
982 4510 1079 4573 quam
1104 4489 1132 4550 ci
1156 4488 1247 4550 Deus
1271 4487 1515 4568 demonstrauit,
1540 4490 1592 4552 cui
1610 4500 1642 4551 et
1659 4489 1818 4551 llominus
1834 4475 1933 4552 dixit:

284 4597 417 4660 Faciam
443 4610 469 4659 te
496 4599 526 4660 in
549 4611 666 4682 pentem
694 4621 835 4679 rucrprunn
861 4609 889 4657 rt
911 4596 1119 4680 rnapm'fieato
1144 4621 1251 4658 rroaren
1275 4610 1360 4658 tutuo
1376 4597 1500 4680 erisque
1516 4596 1701 4659 berredictus.
1741 4596 1933 4659 Benedicent
1954 4619 2079 4666 urrann.

284 4704 533 4767 bertcrlircatidus
564 4705 625 4766 riti
654 4717 681 4764 ct
713 4703 898 4764 irraledicurn
932 4702 1187 4764 nuiledr'ceutilms
1218 4703 1279 4764 tibi
1306 4716 1398 4787 utque
1424 4705 1454 4766 in
1480 4717 1507 4766 te
1530 4703 1747 4765 berrcdiecntur
1773 4704 1936 4764 unirersue

283 4813 480 4896 cogitationes
504 4823 615 4886 terrac,
644 4809 696 4871 eui
721 4808 817 4870 etiam
842 4829 968 4869 rursum
991 4808 1151 4870 Dominus
1176 4830 1337 4892 apparens
1362 4807 1461 4870 dixit:
1494 4809 1620 4872 b'rraini
1640 4823 1689 4870 tuo
1714 4808 1795 4872 dtrbe
1819 4823 1934 4872 terrant
1954 4832 2052 4882 n.1s,r.

283 4917 374 4996 harre,
398 4955 440 4963 —
464 4917 647 5003 aedificarit
670 4916 770 4978 tritara
796 4914 943 4992 Dourion,
971 4914 1026 4998 qui
1050 4925 1248 4998 apparuerat
1277 4915 1317 4977 ei.
1365 4914 1409 4978 L't
1432 4917 1508 5000 ipse,
1539 4925 1573 4977 nt
1602 4915 1636 4977 iu
1659 4913 1742 4977 libro
1767 4915 1934 4978 Geneseos

391 5187 454 5236 XII.
484 5186 546 5236 uid
567 5186 714 5235 estricourt
735 5186 791 5235 L'z'.
867 5179 1024 5246 3snndatal
1046 5181 1175 5233 stertire-tr
1198 5186 1258 5250 ipsa
1279 5183 1374 5246 religio
1393 5201 1514 5249 sarperrcr.
1535 5184 1572 5235 Δι’.
1644 5185 1856 5250 tapostoliJI.

391 5276 469 5324 XIII.
502 5279 529 5325 11
552 5271 634 5335 illius]
657 5275 792 5324 eiusBI.
815 5274 849 5322 Μ.
926 5276 957 5322 15
977 5268 1054 5334 atet]
1076 5275 1188 5338 «quisque
1207 5273 1347 5323 alab-2.
1361 5279 1385 5327 3.
1459 5275 1593 5324 imitemur
1612 5273 1643 5324 L.

391 5365 484 5413 XIIII.
514 5367 548 5414 ‘20
567 5362 709 5412 olocausta
729 5363 766 5412 II.

390 5453 448 5502 XV.
476 5452 976 5516 21xv.onrirtmrrcatct.praeert'.
1032 5451 1243 5502 (irrorasset.
1258 5456 1282 5501 2.
1296 5455 1321 5502 3.
1336 5449 1373 5498 u.
1427 5453 1461 5500 23
1479 5450 1615 5516 placuisse
1628 5451 1694 5500 dem
1708 5451 1735 5500 e.
1791 5448 1932 5516 quoniam]

284 5541 393 5606 quando
412 5560 424 5590 e
442 5559 506 5591 corr.
527 5540 562 5590 u.
643 5537 780 5603 offerente]
800 5542 938 5590 offerentis
958 5542 1076 5590 animum
1097 5541 1133 5589 Μ.
1212 5542 1246 5590 25
1267 5534 1419 5603 benedixit]
1437 5540 1482 5588 bor
1500 5540 1570 5588 tarto
1585 5540 1753 5604 praestiterant
1771 5540 1844 5589 XVI.
1863 5540 1934 5590 codd.

238 5646 265 5685 ιι
284 5629 315 5680 L.
334 5630 360 5680 B
371 5637 393 5679 2,
408 5635 432 5680 3.
453 5631 489 5680 JI.
571 5633 604 5680 ‘26
626 5624 757 5692 Crescite]
777 5629 821 5679 boe
840 5630 909 5678 serbo
926 5628 1154 5694 praenuttitXVI.
1174 5629 1233 5677 Bt.
1316 5631 1348 5678 ‘27
1369 5634 1498 5678 scetantur
1517 5628 1547 5678 L.
1567 5629 1592 5678 B
1603 5634 1627 5677 2.
1641 5633 1665 5678 3.
1685 5628 1722 5678 M.
1806 5631 1839 5678 28
1859 5629 1933 5679 abla-

284 5714 396 5781 tionem]
417 5719 584 5769 oblsti0uem
604 5718 635 5768 L.
655 5718 713 5767 Ba
811 5720 844 5767 29
864 5713 1014 5778 oblatione]
1038 5719 1228 5767 benedictione
1248 5718 1284 5766 M.
1374 5719 1407 5768 30
1426 5735 1442 5766 a
1462 5714 1532 5780 Deo]
1553 5735 1570 5768 u
1591 5719 1707 5767 DomIno
1726 5716 1759 5768 L.
1778 5717 1838 5768 Bu.
1852 5723 1876 5768 3.
1897 5719 1933 5768 n.

285 5811 464 5874 promeruerit
483 5809 515 5857 L.

391 5898 466 5946 ΧΠ.
495 5892 676 5958 seribere]
699 5895 874 5945 DeuseiJL
965 5899 998 5944 3s
1018 5896 1063 5944 cui
1081 5895 1147 5944 aar
1165 5895 1196 5944 L.
1288 5897 1321 5944 39
1341 5890 1421 5958 lianc]
1441 5902 1467 5945 et
1484 5895 1545 5945 add.
1565 5895 1601 5945 n.
1675 5891 1732 5960 qui]
1752 5897 1816 5961 quia
1835 5895 1867 5947 L.
