4884 6717
732 532 784 589 50.
820 531 1039 591 corronium
1061 532 1289 592 PARISIENSE
1313 535 1350 591 A.
1372 535 1447 592 829.
1846 531 1909 594 651

257 730 386 802 religioni
410 749 440 786 se
464 731 600 798 subiciat3
625 732 649 785 si
672 731 761 802 magns
784 732 812 784 in
836 731 934 787 timore
958 731 1063 785 servire
1079 732 1143 788 Deo
1167 748 1252 803 quam
1276 732 1303 785 in
1327 738 1437 788 tumore
1461 733 1596 788 dominari
1613 733 1718 805 populo
1735 733 1910 803 delectetnr3

257 839 281 892 si
304 839 332 892 in
356 855 390 893 eo
414 837 517 892 leuitas
541 838 713 892 iracundiam
735 838 855 909 mitiget,
879 847 962 892 amet
985 838 1147 910 benignitas
1174 845 1358 909 potestatem,
1390 839 1413 893 si
1444 857 1475 894 se
1505 840 1593 911 magis
1623 839 1796 912 diligendum
1827 859 1911 913 quam

257 946 440 999 metuendum
462 947 570 999 cunetis
593 945 742 1012 exhibeat3
767 945 791 999 si
813 945 951 1000 subiectis
974 945 1124 1001 salubriter
1146 946 1289 1012 consulat,
1321 946 1343 1000 si
1367 946 1499 1000 iustitiam
1527 947 1567 1002 sic
1599 954 1708 1014 teneat,
1740 957 1772 1002 ut
1802 948 1910 1003 miseri-

258 1051 379 1106 cordiam
402 1069 459 1105 nou
487 1050 647 1123 relinquat3
680 1052 702 1106 si
732 1070 801 1124 prae
832 1051 960 1106 omuibus
991 1052 1032 1106 ita
1061 1070 1091 1107 se
1122 1059 1219 1106 sancte
1255 1052 1352 1106 matris
1387 1052 1526 1108 ecclcsiae
1562 1052 1718 1109 catholicae
1753 1054 1912 1108 meminerit

226 1156 354 1222 utilium,
379 1167 410 1212 ut
441 1159 502 1213 eius
532 1159 594 1228 paci
625 1166 709 1229 atque
740 1158 937 1230 tranquillitati
967 1176 1020 1230 per
1053 1159 1215 1214 universum
1248 1159 1384 1213 muudum
1417 1161 1555 1231 prodesse
1590 1159 1677 1215 faciat
1711 1161 1910 1233 principatum.

258 1263 347 1335 Magis
371 1266 445 1319 enim
469 1263 657 1319 Christianum
680 1265 790 1336 regitur
812 1274 901 1336 atque
925 1273 1099 1337 propagatur
1121 1266 1279 1336 imperium,
1303 1265 1370 1319 dum
1394 1267 1586 1322 ecclesiastico
1609 1267 1696 1321 statui
1718 1285 1772 1338 per
1800 1285 1911 1323 omnem

258 1379 361 1427 terram
384 1371 548 1436 consulitur,
574 1389 657 1442 quarn
681 1389 743 1426 cum
767 1372 796 1425 in
822 1381 903 1443 parte
935 1389 1110 1443 quacumque
1141 1380 1280 1426 terrarum
1309 1389 1360 1443 pro
1391 1373 1539 1445 temporali
1570 1373 1724 1428 securitate
1755 1382 1910 1445 pugnatur.

258 1467 417 1532 Isidorus:
444 1474 500 1541 Qui
522 1474 625 1532 recte¹
649 1478 737 1532 utitur
760 1479 840 1550 regni
864 1486 1010 1550 potestate
1042 1479 1081 1533 ita
1108 1496 1139 1532 se
1163 1485 1308 1549 praestare
1332 1479 1460 1534 omnibus
1487 1480 1587 1546 debet,
1618 1487 1659 1546 ut,
1691 1487 1798 1551 quanto
1821 1481 1910 1552 magis

257 1584 367 1640 honoris
391 1584 562 1639 celsitudine
587 1584 688 1652 claret,
712 1591 788 1639 tanto
812 1585 994 1656 semetipsum
1016 1593 1113 1640 mente
1137 1584 1274 1652 humiliet,
1297 1602 1478 1656 praeponens
1501 1586 1553 1641 sibi
1571 1585 1728 1664 exemplum
1744 1586 1910 1642 humilitatis

213 1708 240 1748 ro
258 1692 360 1756 Dadd,
386 1691 434 1762 qui
457 1692 494 1746 de
517 1693 575 1745 suis
598 1692 705 1747 meritis
727 1709 783 1746 non
807 1692 918 1759 tumuit,
943 1693 994 1745 sed
1017 1690 1161 1747 humiliter
1184 1709 1248 1747 sese
1273 1692 1399 1747 deiciens
1422 1692 1506 1746 dixit:
1531 1692 1602 1747 Vilis
1633 1693 1762 1748 incedam
1793 1701 1823 1749 et
1846 1693 1910 1749 vilis
1928 1683 2078 1779 ‘lprgff‘b

257 1798 401 1868 apparebo
424 1806 491 1853 aute
516 1797 620 1864 Deum,
645 1798 693 1868 qui
717 1797 805 1869 elegit
828 1816 884 1853 me.
931 1788 1013 1852 Item
1038 1788 1199 1853 Isidorus:
1233 1794 1310 1863 Qui²
1333 1799 1405 1853 intra
1434 1799 1579 1855 saeculum
1608 1801 1684 1855 bene
1715 1801 1911 1871 temporaliter

256 1904 376 1974 imperat
399 1905 459 1958 sine
483 1902 540 1959 tine
563 1906 592 1959 in
615 1913 787 1975 perpetuum
810 1911 912 1976 regnat
935 1912 965 1958 et
989 1905 1025 1960 de
1049 1904 1139 1976 gloria
1161 1904 1269 1959 saeculi
1292 1904 1375 1958 huius
1391 1905 1428 1958 ad
1444 1914 1587 1960 aeternam
1604 1914 1759 1962 transmeat
1774 1906 1908 1979 gloriam3

256 2012 303 2082 qui
326 2029 394 2066 vero
417 2029 503 2083 prave
527 2029 645 2083 reguum
669 2021 805 2067 exercent
828 2019 892 2083 post
915 2020 1026 2066 uestem
1049 2011 1207 2082 fulgentem
1233 2019 1262 2066 et
1285 2009 1391 2065 lumina
1414 2010 1573 2082 lapillorum
1595 2013 1665 2066 nudi
1688 2021 1718 2067 et
1748 2014 1842 2069 miseri
1873 2014 1910 2068 ad

255 2117 366 2173 interna
389 2119 540 2189 torquendi
564 2119 754 2172 (tencaudam.
802 2118 898 2189 Reges
921 2136 938 2173 a
960 2126 1039 2174 reete
1063 2118 1175 2189 agendo
1199 2117 1291 2173 vocati
1323 2125 1397 2184 sunt,
1430 2117 1554 2189 ideoque
1584 2126 1663 2174 recte
1694 2120 1805 2191 agendo
1834 2121 1911 2192 regis

212 2241 238 2280 rs
256 2241 357 2281 nomeu
380 2233 506 2288 tenetur,
530 2225 677 2296 peccando
700 2224 848 2279 amittitur.
896 2213 1076 2300 Gregorius
1099 2216 1133 2278 in
1156 2212 1351 2278 moralibus:
1380 2219 1474 2278 Nam³
1497 2231 1527 2278 et
1551 2225 1624 2280 viros
1648 2233 1761 2280 sanctos
1790 2227 1909 2297 proinde

256 2350 339 2403 reges
362 2333 454 2387 vocari
478 2332 507 2386 in
531 2332 616 2386 sacris
641 2332 772 2402 eloquiis,
796 2350 830 2387 eo
855 2332 929 2403 quod
954 2339 1031 2386 recte
1056 2339 1143 2402 agant
1173 2348 1331 2401 sensusque
1362 2331 1490 2401 proprios
1517 2330 1593 2386 bene
1624 2339 1726 2404 regant
1758 2339 1788 2388 et
1818 2340 1911 2389 motus

255 2440 422 2494 resistentes
456 2439 510 2493 sibi
540 2437 700 2493 rationabili
731 2439 902 2493 discretione
935 2446 1115 2509 componant.
1168 2436 1260 2492 Recte
1292 2437 1378 2508 igitur
1407 2436 1447 2491 illi
1477 2454 1561 2509 reges
1592 2445 1735 2504 vocantur,
1772 2440 1819 2509 qui
1852 2447 1909 2494 tam

256 2546 422 2617 semetipsos
446 2563 528 2616 quarn
552 2546 696 2600 subiectos
719 2546 794 2600 bene
818 2545 944 2616 regendo
967 2542 1117 2615 pacificare
1140 2550 1291 2598 nonerunt.
1345 2538 1488 2606 Quidam*
1514 2544 1605 2615 ipsum
1634 2562 1737 2600 nomeu
1766 2547 1910 2617 regiminis

257 2653 291 2707 ad
315 2653 510 2707 inmanitatem
534 2659 729 2706 transvertunt
752 2650 940 2715 crudelitatis,
964 2651 1088 2721 dumque
1119 2650 1155 2705 ad
1186 2649 1297 2705 culmen
1324 2650 1478 2721 potestatis
1509 2651 1650 2718 venerint,
1682 2652 1711 2706 iu
1740 2654 1910 2723 apostasiam

213 2774 240 2814 so
257 2758 403 2814 confestim
426 2758 576 2824 labuntur3
602 2767 739 2829 tantoque
763 2776 793 2813 se
817 2766 926 2813 tumore
951 2757 1041 2812 cordis
1066 2756 1217 2816 extollunt,
1240 2762 1273 2810 ut
1296 2764 1413 2811 cunctos
1437 2757 1564 2812 subditos
1588 2759 1616 2811 in
1640 2759 1684 2813 sui
1700 2760 1909 2830 comparatione

258 2866 406 2937 dispiciant
424 2883 541 2936 eosque,
566 2866 668 2936 quibus
692 2883 826 2936 praeesse
851 2864 980 2935 contigit,
1004 2881 1059 2918 non
1083 2871 1248 2935 agnoscant.
1284 2853 1328 2917 Et
1351 2852 1448 2939 paulo
1472 2864 1561 2939 post:
1586 2859 1684 2918 Dum⁵
1706 2867 1801 2920 mundi
1825 2883 1910 2937 reges

258 2972 432 3027 sublimiores
455 2991 486 3028 se
510 2973 616 3027 ceteris
638 2973 775 3039 sentiunt,
799 2971 932 3026 mortales
963 2979 1058 3025 tamen
1088 2988 1119 3025 se
1151 2987 1213 3024 esse
1245 2977 1400 3041 agnoscant
1434 2988 1488 3025 uec
1523 2971 1602 3042 regni
1637 2971 1764 3043 gloriam,
1796 2991 1853 3043 qua
1881 2973 1910 3027 in

258 3083 370 3134 saeculo
393 3079 589 3146 sublimantur,
612 3080 761 3149 aspiciant,
793 3080 844 3134 sed
875 3096 957 3149 opus,
988 3077 1063 3148 quod
1093 3094 1189 3131 secum
1219 3077 1384 3148 deportent,
1415 3077 1575 3132 intendant.
1628 3067 1711 3133 Item
1741 3091 1806 3134 uon
1837 3080 1911 3155 post

258 3175 374 3240 multa:
399 3185 495 3257 Reges
504 3181 526 3252 ⁰,
551 3186 664 3256 quando
688 3186 754 3240 boni
777 3193 854 3252 sunt,
878 3185 1001 3239 muneris
1025 3201 1088 3239 esse
1113 3183 1185 3249 Dei3
1214 3183 1328 3254 quando
1356 3201 1425 3238 vero
1454 3182 1530 3250 mali,
1561 3183 1677 3240 sceleris
1708 3202 1771 3240 esse
1801 3185 1910 3257 populi.

213 3307 241 3347 ro
258 3291 417 3348 Secundum
448 3293 578 3347 meritum
610 3293 684 3347 enim
713 3292 840 3363 plebium
872 3291 1031 3362 disponitur
1060 3290 1120 3345 sita
1149 3297 1301 3356 rectorum,
1333 3297 1460 3345 testante
1484 3289 1562 3346 lob.:
1596 3289 1655 3353 Qui
1683 3309 1808 3367 reptare
1832 3290 1914 3362 fucit
1930 3308 2054 3359 soumis.

259 3397 424 3474 bipartitum
443 3406 566 3474 propter
583 3406 706 3474 peccata
725 3397 835 3473 pastali.
873 3398 1017 3452 Irascente
1043 3397 1116 3452 enim
1140 3396 1203 3452 Deo
1228 3396 1315 3452 talem
1337 3403 1478 3453 rectorem
1501 3397 1597 3469 populi
1614 3398 1781 3470 suscipiunt,
1798 3397 1911 3470 qualem

258 3524 309 3578 pro
331 3513 451 3578 peccato
475 3515 629 3562 merentur.
676 3505 892 3576 Nonnumquam
915 3521 966 3576 pro
990 3503 1098 3558 malitia
1119 3503 1212 3574 plebis
1237 3503 1323 3560 etiam
1345 3521 1430 3574 reges
1453 3511 1598 3559 mutantur
1621 3512 1651 3560 et
1674 3505 1723 3577 qui
1745 3513 1813 3561 aute
1829 3505 1910 3561 vide-

258 3614 362 3668 bantur
384 3631 448 3668 esse
472 3613 538 3667 boni
562 3621 681 3684 accepto
704 3629 792 3684 regno
816 3610 888 3666 liunt
917 3611 1017 3682 iniqui.
1071 3600 1132 3664 His
1161 3600 1208 3664 ita
1237 3602 1426 3686 praemissis
1456 3600 1652 3665 studendum
1683 3612 1733 3666 est
1764 3604 1845 3689 regi,
1876 3614 1912 3668 ut

258 3733 322 3774 nou
346 3709 449 3774 solum
473 3711 507 3773 in
531 3731 576 3789 se,
601 3732 714 3774 verum
739 3710 837 3774 etiam
860 3709 894 3771 in
922 3705 985 3771 sibi
1015 3707 1170 3772 subiectis
1201 3708 1288 3794 regis
1317 3729 1437 3772 nomen
1468 3706 1645 3795 adimpleat
1674 3708 1910 3797 provideatque

213 3843 241 3884 ro
258 3830 293 3883 ut
316 3815 454 3903 populus
477 3815 540 3881 sibi
563 3814 729 3880 subiectus
752 3816 883 3902 pietate,
907 3836 1000 3900 pace,
1024 3814 1170 3895 caritate,
1195 3814 1319 3878 iustitia
1334 3823 1366 3878 et
1381 3813 1604 3879 misericordia
1621 3825 1719 3901 atque
1736 3817 1912 3882 concordia

259 3936 291 3989 et
313 3924 526 3988 unanimitate
550 3924 732 4008 ceterisque
756 3920 850 3986 bouis
874 3918 1034 3985 exuberet
1056 3919 1220 4006 operibus,
1244 3933 1280 3984 ut
1302 3919 1385 3985 hsce
1408 3917 1567 3985 habentes
1590 3921 1768 3986 Dominum
1800 3945 1910 3988 secum

258 4029 378 4096 habere
402 4040 604 4110 mercantum
629 4029 776 4115 sciatque
800 4028 990 4107 certissime,
1014 4026 1103 4113 quod
1124 4049 1189 4091 non
1213 4026 1317 4091 solum
1341 4026 1382 4092 de
1409 4049 1455 4110 se,
1486 4049 1599 4093 verum
1630 4029 1729 4094 suam
1759 4029 1800 4094 de
1831 4031 1911 4116 ipsis

258 4137 419 4202 Dominus
442 4136 484 4201 ab
508 4158 547 4201 eo
570 4136 710 4201 fructum
733 4132 818 4198 bone
842 4134 1039 4221 operationis
1063 4145 1239 4198 exacturus
1263 4146 1321 4198 est.

366 4260 572 4348 (56).Cap.
592 4260 635 4324 11.
676 4258 1610 4346 Quidsitproprieminiateriumregis.
1650 4259 1909 4346 Regalelmini·

213 4395 241 4436 ss
259 4370 390 4433 sterium
415 4367 601 4454 specialiter
624 4379 673 4432 est
695 4365 850 4454 populum
874 4364 941 4429 Dei
963 4363 1147 4451 gubernare
1171 4374 1204 4429 et
1227 4387 1341 4451 regere
1372 4387 1447 4430 cum
1477 4366 1620 4452 equitate
1650 4376 1683 4448 et
1713 4368 1835 4431 iustitia
1866 4379 1909 4449 et,

259 4487 294 4539 ut
316 4497 430 4561 pacem
461 4485 494 4538 et
523 4473 733 4539 concordiam
763 4471 915 4552 habeant,
946 4470 1087 4536 studere.
1144 4471 1221 4558 Ipse
1256 4472 1344 4536 enim
1379 4469 1478 4537 debet
1511 4473 1615 4558 primo
1651 4471 1804 4538 defensor
1838 4495 1910 4538 esse

259 4580 471 4646 ecelesiarum
494 4588 527 4643 et
550 4602 717 4644 servorum
734 4578 810 4654 Dei,
833 4577 1017 4661 viduarum,
1041 4577 1229 4643 orfanorum
1252 4589 1499 4664 ceterorumque
1522 4601 1703 4666 pauperum
1726 4601 1854 4643 necnon
1878 4592 1911 4643 et

259 4687 401 4751 omnium
424 4684 649 4772 indigentium.
687 4685 795 4772 Ipsius
811 4686 898 4749 enim
921 4695 1025 4749 terror
1048 4694 1081 4749 et
1102 4683 1245 4749 studium
1268 4683 1503 4766 huiuscemodi,
1527 4685 1733 4771 inquantum
1755 4683 1910 4772 possibile

260 4803 318 4873 est,
343 4814 414 4857 esse
440 4791 539 4857 debet
562 4793 677 4878 primo,
700 4791 846 4857 utnulla
869 4792 1027 4856 iniustitia
1048 4790 1122 4874 fiat3
1154 4790 1285 4870 deinde,
1316 4791 1343 4853 si
1367 4792 1521 4873 evenerit,
1545 4790 1692 4857 utnulla
1719 4790 1816 4856 modo
1840 4814 1913 4855 eam

213 4929 244 4966 ss
260 4897 435 4963 subsistere
458 4899 626 4985 permittat
648 4920 710 4962 nec
733 4920 825 4985 spem
850 4895 1055 4963 delitiscendi
1079 4898 1149 4962 sive
1172 4897 1346 4962 audaciam
1368 4898 1453 4963 mals
1484 4897 1605 4984 agendi
1635 4900 1787 4985 cuiquam
1817 4898 1913 4963 relin-

368 5102 390 5151 1.
418 5101 433 5152 ‘i
454 5116 651 5166 quamcumque
673 5099 701 5148 V.
719 5097 751 5150 P.
842 5101 859 5150 8
885 5092 975 5164 regni]
994 5099 1071 5164 genti
1089 5098 1121 5148 P.
1211 5099 1228 5148 9
1251 5093 1434 5164 praeponens]
1454 5114 1610 5165 proponens
1630 5097 1662 5150 P.
1753 5100 1787 5150 10
1807 5093 1914 5164 tumuit]

261 5191 351 5241 timuit
371 5190 398 5240 V.
466 5189 534 5240 dicit
552 5189 581 5240 Γ.
647 5190 681 5240 24
701 5182 831 5251 muneris]
849 5189 969 5238 numeris
989 5187 1016 5237 V.
1083 5188 1118 5238 25
1137 5186 1203 5238 lecit
1222 5186 1249 5236 V.
1317 5187 1350 5238 27
1371 5183 1495 5253 peccato]
1514 5186 1617 5254 populo
1637 5186 1669 5242 P.
1733 5189 1768 5240 at
1786 5190 1868 5256 etiam
1888 5187 1916 5240 V.

368 5279 405 5330 11.
434 5281 468 5330 st
486 5280 612 5345 propriae
632 5278 658 5327 V.
732 5279 766 5328 38
785 5271 906 5341 studere]
924 5282 1044 5327 statuere
1064 5275 1096 5327 P.
1171 5276 1206 5327 40
1225 5273 1393 5328 dilitisceudi
1413 5277 1445 5328 P.

371 5452 401 5538 1)
424 5459 561 5530 mana,
587 5459 711 5517 emant.
736 5457 790 5515 111
808 5479 831 5516 c.
848 5460 889 5518 49
910 5449 986 5536 §n
1018 5454 1092 5533 opp.
1116 5454 1251 5526 Viaco.
1345 5448 1376 5534 2)
1400 5456 1477 5514 rus.
1501 5455 1556 5514 111
1573 5477 1597 5513 c.
1620 5459 1663 5518 ra
1683 5449 1708 5536 ἕ
1732 5462 1760 5518 6.
1787 5462 1823 5526 7,·
1853 5460 1872 5515 z.
1896 5460 1916 5516 1.

214 5591 245 5631 a
268 5566 317 5636 vr,
335 5570 405 5627 aas.
476 5561 507 5644 s)
530 5565 658 5624 ladam
674 5561 743 5640 (non
761 5563 919 5642 asyma
936 5554 1652 5639 M),sentent.llrc.le§7;1.1.V1,339.
1724 5541 1753 5642 4')
1777 5564 1853 5623 rsa.
1870 5563 1925 5622 ΠΙ

262 5674 345 5733 ars
367 5667 444 5748 §a
468 5674 487 5730 ι.
512 5674 531 5729 ι.
646 5662 1138 5752 5)1aid.111c.48§9;l.1.
1247 5661 1278 5745 a)
1301 5668 1378 5725 isis.
1403 5667 1457 5725 111
1474 5689 1498 5726 c.
1514 5672 1556 5730 rs
1578 5664 1673 5746 §11,·
1696 5673 1714 5728 ι.
1739 5673 1758 5729 ι.
1781 5671 1830 5742 Vr,
1847 5673 1917 5732 340.

263 5774 295 5856 7)
326 5778 376 5851 Cf.
407 5779 506 5836 relatio
543 5778 736 5855 episcopcrum
766 5797 792 5835 c.
815 5781 857 5836 56
864 5799 873 5846 ,·
909 5779 928 5834 l.
953 5778 972 5832 l.
996 5776 1037 5846 II,
1060 5776 1102 5834 47
1116 5795 1158 5852 sq.
1204 5773 1292 5832 Ionas
1322 5776 1430 5845 claret,
1461 5775 1508 5832 De
1537 5777 1707 5836 incubatione
1733 5778 1815 5855 regia
1845 5798 1868 5836 c.
1888 5780 1918 5839 4.

263 5885 370 5945 Concil.
394 5885 624 5962 Aquispruaeusc
646 5887 710 5945 836
733 5885 810 5942 deor.
830 5904 894 5960 cap.
915 5882 969 5940 111
986 5902 1026 5939 cc.
1045 5883 1109 5942 3.AE
1132 5875 1196 5957 (43.
1216 5877 1288 5958 4205
1314 5882 1399 5955 infra
1416 5901 1450 5956 p.
1468 5885 1542 5942 716.

1647 6001 1700 6057 sa·
