4884 6717
729 532 780 589 50.
817 533 1035 592 CONCILIUM
1059 533 1285 591 PARISIENSE
1309 536 1346 590 Α.
1368 533 1442 594 829.
1848 526 1912 590 617

232 719 345 807 ‚quod
368 719 429 785 hoc
452 718 555 785 rerho
580 720 614 784 in
637 720 698 785 hoe
723 743 820 785 sensu
844 721 983 807 exprimi
1007 732 1124 807 potest.
1172 721 1282 807 Opera
1306 721 1375 785 eius
1400 731 1483 802 sunt,
1508 742 1592 806 quae
1616 720 1727 805 utique
1759 719 1912 807 operibus

256 826 427 891 salvatoris
451 828 613 892 contraria
636 828 790 908 existrmt,
814 829 955 913 primurn
978 825 1141 915 superbia,
1166 828 1259 891 cuius
1283 826 1338 891 ille
1362 837 1476 892 auctor
1506 838 1555 891 est
1588 839 1620 890 et
1650 849 1734 914 quae
1764 849 1840 891 eum
1870 849 1912 892 ex

256 932 373 1018 angelo
397 933 589 998 daemonem
612 932 701 1014 fecit,
726 955 810 1020 quae
834 945 884 999 est
908 934 1006 999 etiam
1029 934 1156 998 initium
1180 934 1285 998 omnis
1308 935 1447 1021 peceati,
1473 945 1505 998 et
1529 943 1638 998 cetera
1660 933 1751 1014 vitia,
1768 956 1852 1020 quae
1870 956 1912 999 ex
1931 950 2038 994 anam.

256 1038 367 1104 radice
391 1039 553 1126 prodeunt
576 1038 760 1127 superbiae.
807 1040 933 1127 Pompa
957 1038 1080 1105 diaboli
1104 1039 1185 1105 haec
1217 1050 1266 1105 est
1298 1063 1382 1128 quae
1413 1050 1445 1104 et
1480 1062 1600 1127 pompa
1635 1039 1759 1117 mundi,
1794 1039 1829 1104 id
1863 1051 1912 1106 est
1946 1007 2019 1056 Μ’

224 1145 401 1226 sambitio,
425 1146 623 1232 amogautia,
647 1169 733 1210 rana
756 1145 861 1232 gloria
884 1148 1054 1234 omnisque
1078 1145 1253 1212 cuiuslibet
1276 1149 1324 1211 rei
1348 1145 1554 1234 superfluitas
1570 1147 1605 1211 iu
1621 1146 1770 1211 humanis
1787 1146 1911 1214 usibus.

257 1251 353 1317 Unde
377 1253 497 1317 crescit
519 1251 628 1334 elatio,
652 1274 736 1339 quae
760 1251 923 1317 multoties
947 1252 1108 1317 honestati
1133 1253 1214 1318 solet
1238 1252 1392 1334 adscribi,
1417 1265 1450 1318 et
1474 1263 1583 1318 cetera
1606 1253 1801 1330 huiusmodi,
1826 1277 1910 1341 quae

257 1358 298 1424 de
322 1359 411 1424 fonte
435 1358 609 1446 superbiae
633 1357 810 1447 procedere
835 1371 1023 1424 noscuntur.
1070 1359 1163 1424 Haec
1187 1359 1293 1424 ethis
1317 1359 1436 1425 similia
1459 1371 1545 1440 sunt,
1574 1382 1657 1447 quae
1687 1361 1910 1448 unusquisque

254 1465 360 1531 fidelis
384 1478 529 1554 tempore
553 1465 757 1554 baptismatis
780 1489 801 1529 a
824 1489 858 1531 se
882 1467 1013 1531 reiecit:
1039 1463 1234 1553 Christoque
1258 1488 1293 1530 se
1309 1467 1509 1554 manciparit
1528 1479 1725 1554 pactumque
1745 1489 1819 1531 cum
1836 1467 1909 1532 Deo

256 1572 343 1653 fecit,
367 1595 408 1637 ne
432 1574 560 1659 penitus
584 1572 627 1637 ad
658 1595 708 1653 ea,
740 1571 858 1659 quihus
889 1571 1141 1654 abrenuntiavit,
1172 1571 1303 1640 rediret.
1350 1573 1474 1638 Verum
1505 1574 1532 1637 si
1562 1574 1634 1638 iura
1664 1573 1803 1638 humane
1834 1596 1910 1660 pac·

212 1707 238 1746 so
255 1679 352 1744 tionis
375 1678 510 1744 firmiter
533 1690 778 1761 conservantur,
801 1679 899 1744 fixius
923 1691 1032 1744 tamen
1054 1690 1152 1766 atque
1176 1675 1354 1745 ferventius
1378 1680 1449 1744 iura
1479 1679 1561 1744 tanti
1591 1679 1689 1767 pacti,
1721 1702 1805 1767 quae
1836 1703 1911 1746 eum

255 1785 329 1850 Deo
353 1785 548 1868 factasunt,
573 1784 806 1851 inviolabiliter
829 1796 903 1850 sunt
927 1784 1142 1851 obseruanda.

363 1926 466 2015 Cap.
491 1928 551 1993 XI.
592 1927 1910 2015 Qualiterohservandumsitdeelectioneetpromo·

255 2036 385 2099 tione
417 2057 596 2117 eorum,
627 2036 707 2122 qui
736 2034 791 2099 ad
821 2035 1011 2099 formam
1043 2045 1087 2099 et
1118 2034 1383 2122 exemplum
1414 2035 1530 2099 aliis
1562 2035 1909 2122 preficiantur.

255 2140 521 2206 Prosidenduml
544 2163 583 2206 ac
607 2163 811 2228 summopere
836 2140 1019 2206 cavendum
1043 2152 1101 2224 est,
1126 2153 1161 2206 ut
1184 2141 1228 2224 hi,
1253 2164 1313 2229 per
1336 2164 1417 2229 quos
1441 2152 1473 2206 et
1496 2141 1610 2228 religio
1628 2140 1814 2206 Christiana
1834 2165 1908 2207 eon·

211 2275 237 2315 ιο
255 2259 340 2313 stare
364 2261 397 2313 et
420 2250 519 2313 aeteri
544 2247 585 2313 ab
610 2247 788 2313 offensione
812 2246 933 2313 dehent
956 2247 1087 2330 salvari,
1111 2248 1193 2313 tales
1216 2246 1403 2336 posthabita
1419 2249 1610 2335 symoniaca
1629 2259 1721 2336 peste
1737 2248 1908 2335 eligantur,

255 2355 366 2444 quales
391 2367 423 2420 et
446 2354 644 2443 apostolicus
669 2377 774 2420 sermo
799 2366 832 2419 et
847 2356 1024 2421 canonieus
1041 2354 1121 2420 ordo
1138 2369 1170 2420 et
1184 2354 1274 2420 beati
1290 2353 1443 2441 Gregorii
1464 2355 1635 2442 pastoralis
1652 2353 1786 2442 regula²
1802 2354 1908 2438 doeet,

255 2460 378 2528 scilicet
401 2474 437 2527 ut
459 2461 578 2526 nullius
602 2473 752 2526 terrenae
775 2463 823 2526 rei
847 2463 953 2548 gratia
975 2462 1038 2526 nisi
1054 2461 1120 2526 Dei
1144 2462 1243 2526 solius
1267 2461 1438 2549 eligantur.
1479 2461 1641 2543 Quoniam
1665 2463 1692 2525 si
1716 2485 1775 2549 pro
1799 2462 1908 2549 aliquo

255 2591 387 2633 munere
410 2570 592 2656 praesentis
616 2568 808 2654 futuraeque
833 2566 1052 2632 retributionis
1076 2568 1130 2633 vel
1153 2591 1211 2655 pro
1237 2566 1382 2655 qualibet
1404 2566 1531 2650 aliare,
1556 2590 1640 2655 quae
1657 2570 1820 2633 contraria
1836 2590 1908 2633 esse

254 2678 356 2763 possit
378 2676 507 2740 veritati
531 2674 706 2762 divineque
730 2675 925 2755 auctoritati,
949 2674 1098 2759 elegitur,
1121 2674 1224 2762 liquet
1246 2675 1403 2762 profecto,
1428 2675 1515 2762 quod
1540 2697 1582 2740 ex
1598 2685 1664 2740 toto
1681 2674 1775 2740 aliter
1790 2677 1907 2761 agitur,

210 2806 237 2846 so
255 2806 351 2870 quam
376 2782 489 2847 divina
519 2783 697 2846 auctoritas
727 2792 873 2863 testetur,
905 2793 938 2846 et
968 2780 1055 2868 quod
1086 2783 1119 2845 in
1155 2780 1381 2846 huiuscemodi
1412 2781 1500 2846 facto
1523 2781 1616 2847 Deus
1647 2781 1840 2863 offendatur,
1876 2795 1908 2847 et

255 2890 361 2955 taliter
385 2889 488 2955 electo
512 2901 545 2954 et
576 2888 637 2970 his,
673 2887 791 2975 quibus
821 2889 997 2975 preficitur,
1033 2890 1111 2976 quin
1146 2887 1337 2953 scandalum
1367 2899 1551 2975 generetur,
1588 2886 1722 2953 dubium
1753 2910 1818 2953 non
1849 2900 1905 2954 est.

254 2996 395 3063 Proinde
418 3006 555 3083 oportet,
579 2996 672 3061 utin
695 2995 853 3060 electione
884 3005 916 3059 et
947 2993 1150 3059 ordinatione
1174 2993 1354 3060 sacerdotis
1377 2993 1474 3059 valde
1504 2994 1692 3059 execranda
1719 2997 1908 3082 symoniaca

254 3104 387 3185 heresis,
412 3125 495 3191 quae
519 3113 654 3190 propter
676 3101 880 3189 quorundam
904 3102 1075 3167 avaritiam
1100 3112 1132 3166 et
1155 3099 1367 3167 ambitionem
1390 3100 1555 3166 modernis
1579 3100 1778 3188 temporibus
1802 3101 1907 3188 digni·

254 3221 352 3276 tatem
377 3208 612 3275 sacerdotalem
642 3208 771 3274 fuscare
802 3207 1030 3295 conprobatur,
1060 3207 1141 3273 nihil
1170 3208 1221 3272 sui
1256 3206 1440 3273 detestandi
1475 3208 1554 3272 iuris
1589 3206 1719 3289 haheat,
1755 3231 1839 3294 quae
1873 3209 1907 3273 iu

208 3338 236 3379 ss
254 3316 431 3404 primordio
455 3327 587 3381 sauctae
611 3315 677 3379 Dei
704 3314 864 3380 ecclesiae
888 3337 907 3378 a
929 3313 1027 3379 beato
1050 3315 1148 3379 Petro
1172 3315 1319 3401 principe
1344 3314 1563 3402 apostolorum
1587 3337 1662 3379 cum
1692 3327 1824 3380 auctore
1848 3338 1906 3380 suo

255 3423 429 3510 dampnata
453 3433 512 3487 est.
559 3421 653 3502 Quae
678 3422 774 3487 etiarn
799 3421 872 3486 Deo
897 3420 1028 3486 odibilis
1051 3422 1152 3508 pestis
1176 3423 1316 3508 primum
1339 3444 1474 3486 necesse
1499 3432 1548 3486 est
1574 3433 1610 3486 ut
1639 3421 1800 3508 imperiali
1832 3445 1906 3487 auc·

254 3532 382 3596 toritate
406 3542 439 3595 et
461 3540 621 3617 potestate
645 3551 720 3593 cum
744 3550 905 3594 consensu
927 3526 1164 3594 venerabilium
1189 3528 1395 3593 sacerdotum
1419 3550 1439 3592 a
1461 3528 1609 3593 Romana
1632 3528 1772 3593 ecclesia
1794 3551 1906 3616 ampu-

253 3646 348 3718 tetur,
372 3638 537 3724 quoniam,
561 3637 589 3700 si
612 3646 712 3723 caput
740 3635 912 3721 languerit,
942 3633 1089 3700 membra
1123 3636 1286 3700 ineassum
1316 3636 1450 3721 vigeant
1479 3656 1615 3699 necesse
1646 3645 1704 3700 est.
1758 3634 1908 3715 Qualiter

253 3766 331 3809 vero
355 3742 471 3808 eadem
494 3742 618 3808 heresis
642 3765 662 3808 a
683 3740 781 3808 beato
804 3742 902 3807 Petro
926 3740 1103 3829 dampnata
1126 3742 1177 3822 sit,
1201 3740 1285 3806 liber
1312 3753 1443 3807 actuum
1467 3739 1689 3828 apostolorum
1712 3740 1818 3822 docet,
1850 3739 1906 3806 ubi
1925 3769 2079 3820 susanam.

208 3877 235 3916 so
252 3851 421 3916 scribitur:
450 3850 528 3917 Cam
552 3851 684 3916 vidisset
705 3865 818 3930 autera,
842 3850 956 3937 inquit,
981 3848 1109 3937 Symou,
1133 3853 1210 3936 qaia
1228 3875 1291 3937 per
1313 3852 1544 3936 impositionem
1567 3874 1680 3914 suarius
1694 3851 1906 3935 apostoloram

253 3959 383 4024 daretem
406 3957 549 4045 Spiritus
571 3972 707 4037 sanetus,
731 3958 841 4022 obtulit
863 3961 909 4022 eis
928 3959 1108 4044 pecaniam,
1134 3957 1260 4022 dicem:
1283 3956 1366 4021 Date
1389 3971 1418 4021 et
1441 3956 1525 4022 mitt
1545 3956 1626 4021 hasac
1650 3970 1843 4043 potestatem,
1875 3971 1908 4021 ut

253 4068 435 4151 cuicumque
458 4068 636 4152 imposuero
659 4089 782 4143 triarius,
805 4066 946 4150 accipiat
968 4062 1125 4150 Spiritum
1152 4078 1302 4128 soractem.
1358 4062 1470 4127 Petrus
1499 4078 1600 4130 uatem
1632 4062 1716 4127 deicit
1744 4063 1791 4128 ad
1819 4088 1906 4128 erem:

253 4172 392 4238 Pecunia
415 4187 468 4236 trra
492 4186 589 4237 tecam
613 4174 656 4237 sit
678 4173 712 4236 ia
733 4170 954 4257 perditionem,
978 4172 1127 4256 qnoniam
1152 4170 1267 4234 dariam
1284 4170 1351 4234 Dei
1368 4171 1559 4234 existimasti
1575 4171 1712 4256 pecunia
1733 4170 1903 4256 praesideri.

252 4279 326 4344 Noa
349 4281 430 4344 enim
456 4279 583 4343 esttibi
597 4302 681 4365 pars
703 4301 801 4364 neque
823 4300 893 4341 sors
922 4278 955 4341 in
984 4300 1124 4342 ammone
1154 4278 1222 4342 ista
1280 4274 1344 4341 Cor
1378 4277 1459 4341 enim
1495 4290 1580 4340 taam
1614 4301 1676 4340 reon
1711 4291 1756 4342 est
1787 4291 1904 4342 rectam

208 4410 235 4451 ss
252 4409 357 4451 coram
382 4385 460 4451 Deo.
507 4384 735 4450 Paenitentiam
760 4386 865 4470 itaque
887 4407 944 4470 ape
967 4385 1007 4447 ab
1032 4383 1090 4447 hac
1112 4384 1253 4469 nequitia
1277 4396 1330 4446 tua
1354 4396 1381 4445 et
1403 4405 1480 4468 repa
1504 4381 1617 4462 Deam,
1640 4385 1674 4447 si
1686 4384 1778 4468 forte
1800 4386 1905 4448 remit·

252 4507 336 4556 tatur
359 4493 420 4558 ati
440 4492 516 4557 haee
539 4493 684 4578 capitatio
708 4491 815 4556 cordis
838 4492 893 4554 tai.
941 4488 980 4553 In
997 4490 1082 4576 felle
1105 4492 1188 4554 enim
1212 4489 1441 4554 antariturlinis
1464 4503 1493 4553 et
1514 4490 1702 4577 oblr'petiane
1726 4492 1906 4576 im'qaitates

253 4599 344 4664 video
367 4614 394 4663 te
417 4622 490 4663 esse.
530 4597 574 4662 Et
596 4598 630 4661 in
654 4596 790 4662 coneilio
808 4594 1046 4661 Caloedonensi
1070 4593 1212 4681 capitulo
1236 4593 1380 4660 secundo
1404 4591 1572 4659 scribitur:
1598 4599 1649 4659 Sit
1672 4605 1735 4676 quis
1756 4605 1905 4677 episcopus

252 4733 305 4786 per
327 4713 476 4786 pecuniam
499 4712 603 4769 fecerit
626 4713 832 4769 ordinationem
857 4719 887 4768 et
910 4712 964 4766 sub
987 4712 1080 4783 pretio
1103 4711 1250 4783 redegerit
1272 4711 1403 4783 gratiam,
1428 4727 1501 4781 quse
1525 4727 1581 4766 uon
1604 4719 1700 4782 potest
1716 4713 1812 4779 vendi,
1828 4713 1904 4768 ordi·

253 4821 420 4892 asseritque
444 4837 498 4892 per
519 4820 671 4892 pecuniam
695 4819 858 4890 episcopum
888 4825 939 4874 aut
968 4818 1160 4890 presbiterum
1189 4825 1240 4873 aut
1270 4817 1418 4872 diaconum
1448 4816 1494 4873 rel
1522 4816 1678 4888 quemlibet
1710 4835 1744 4874 er
1773 4819 1826 4886 his,
1858 4819 1906 4891 qui

207 4945 236 4983 so
253 4934 491 4984 connumerantur
512 4928 542 4982 iu
565 4926 653 4992 clero,
677 4933 726 4981 sut
749 4925 919 4996 promoverit
942 4943 994 4996 per
1016 4924 1166 4996 pecaniam
1190 4925 1417 4996 dispensatorem
1439 4931 1489 4978 sut
1520 4923 1699 4980 defensorem
1729 4924 1776 4981 rel
1806 4943 1904 4997 quem·

253 5052 347 5106 quam,
371 5035 420 5105 qui
442 5034 589 5090 subiectus
612 5040 657 5088 est
681 5030 809 5104 regulae,
833 5049 884 5102 pro
907 5032 950 5085 sui
973 5030 1126 5103 turpissimi
1149 5029 1220 5085 lucri
1243 5030 1464 5096 commodabis,
1488 5031 1534 5085 eui
1557 5030 1609 5086 hoc
1632 5030 1823 5103 adtemptsnti
1839 5050 1905 5103 pro·

252 5141 350 5196 batum
373 5141 469 5208 hrerit,
493 5140 597 5213 proprii
621 5140 727 5212 gradus
749 5138 877 5211 periculo
900 5138 1075 5202 subiacebit;
1102 5145 1131 5193 et
1154 5138 1201 5208 qui
1229 5137 1376 5193 ordinatus
1407 5145 1452 5193 est
1482 5136 1551 5192 nihil
1582 5155 1617 5192 ex
1646 5137 1698 5194 hec
1728 5139 1905 5194 ordinatione

360 5331 392 5381 X.
421 5333 473 5382 Sa
500 5331 534 5381 ad
555 5330 582 5381 Γ.

360 5421 411 5471 XI.
441 5326 482 5471 12]
492 5413 673 5488 promotione]
693 5420 841 5470 remotione
862 5418 889 5468 Γ.
980 5419 1015 5468 20
1033 5425 1190 5468 testestetur
1209 5416 1240 5468 P.
1332 5418 1363 5467 21
1385 5410 1487 5480 taliter]
1507 5415 1585 5468 aliter
1604 5415 1632 5467 Γ.
1652 5417 1682 5467 Ρ.
1749 5411 1905 5484 generetur]

207 5516 368 5575 tegeretur
386 5509 417 5560 Ρ.
508 5511 542 5561 22
569 5509 736 5560 exsecranda
762 5507 791 5558 P.
883 5508 916 5558 37
944 5505 1132 5557 Calcedouens
1158 5505 1185 5566 Γ,
1215 5504 1423 5556 calcedonensi
1450 5503 1480 5554 Ρ.
1571 5506 1604 5556 38
1631 5499 1733 5572 potest]
1759 5509 1849 5573 potest
1875 5506 1904 5557 P.

253 5601 285 5648 οι
306 5593 358 5663 un]
378 5618 409 5637 =
424 5598 455 5649 ts.

364 5779 392 5848 l)
424 5776 473 5851 Cf.
503 5780 605 5838 retatia
635 5778 825 5856 episcoporum
857 5797 880 5836 c.
903 5780 941 5847 4,·
971 5778 990 5834 l.
1015 5778 1034 5833 l.
1063 5776 1103 5846 II,
1126 5779 1221 5851 29sq.
1337 5775 1368 5846 2)
1401 5774 1558 5853 Gregorius
1583 5775 1636 5846 lt,
1667 5776 1780 5854 Reputo
1807 5786 1905 5853 pasto·

254 5885 342 5955 ratim
367 5883 441 5961 Opp
466 5885 506 5955 Π,
531 5890 620 5962 Isqq.
713 5885 743 5955 3)
771 5884 923 5944 Concilium
949 5883 1175 5943 Chalcedonense
1199 5902 1222 5940 c.
1247 5886 1285 5951 2,·
1310 5882 1410 5941 Marsi
1431 5883 1494 5954 VH,
1511 5886 1586 5943 373.

307 6001 351 6044 Lis.
364 6000 466 6042 &uetus
479 6002 511 6046 11.
1658 6008 1692 6058 73
