4884 6717
533 528 597 590 688
645 534 697 590 53.
730 532 994 589 CONSTITUTIO
1011 534 1064 587 DE
1082 531 1323 587 PARTITIONE
1339 531 1536 587 BONORUM
1550 529 1794 587 MONASTERII
1811 529 1840 586 S.
1856 529 2034 586 DYONISII
2057 531 2092 586 A.
2111 530 2188 587 832.

574 831 636 900 53.
680 823 1035 902 0οΝ8Τ1Τ11ΤΙΟ
1061 825 1139 898 DE
1162 824 1496 900 PARYITIONE
1518 822 1790 899 BONORUM
1809 820 2149 898 MONASTERII

1198 942 1236 1019 8.
1264 941 1522 1019 οΥΟΝΙ811.

1234 1106 1310 1168 832.
1336 1100 1407 1164 lon.
1432 1106 1489 1167 22.

639 1252 758 1346 Causa
788 1295 817 1345 ct
845 1294 931 1366 poam
963 1282 1095 1344 alterius
1125 1279 1242 1366 synodi
1269 1303 1351 1344 3333
1382 1284 1459 1346 832.
1489 1302 1591 1343 mense
1619 1279 1775 1343 Ianuario
1804 1282 1837 1343 in
1868 1281 2057 1343 monasterio
2087 1280 2192 1343 33336

531 1390 688 1478 Dyonisii
714 1389 839 1452 habitae
871 1390 904 1450 iri
934 1386 1105 1472 diplomate
1128 1386 1320 1450 llludouici
1345 1388 1548 1471 imperatoris
1576 1386 1668 1450 modo
1692 1387 1826 1473 ollepoto
1851 1385 1895 1472 (p.
1915 1394 1981 1452 686
2005 1387 2025 1450 1.
2043 1391 2090 1454 20
2104 1388 2220 1472 sqq.)s

531 1512 714 1562 narrantur.
765 1495 852 1572 Quae
876 1495 926 1557 ibi
946 1507 1125 1556 erruruerata
1149 1507 1221 1555 3333
1244 1492 1437 1572 documenta,
1469 1506 1568 1556 tomus
1590 1493 1711 1556 scilicet
1732 1495 1944 1556 aestuationis
1966 1494 2188 1557 monachorum

532 1607 567 1669 in
591 1607 754 1691 episcopos
778 1615 947 1688 tenpestas,
972 1600 1049 1663 ordo
1074 1625 1178 1663 rerum
1200 1613 1358 1685 pastorum
1382 1623 1451 1662 cam
1474 1601 1654 1663 nominibus
1677 1602 1809 1678 testium,
1834 1600 1974 1664 cartulae
1993 1600 2127 1685 deni'que
2150 1600 2189 1664 de

532 1714 645 1775 iterato
675 1709 896 1773 nemraclzorum
922 1708 1125 1794 professione
1156 1706 1215 1793 (rs.
1235 1730 1271 1792 p.
1297 1715 1364 1773 686
1391 1706 1411 1769 1.
1431 1710 1488 1787 27,
1517 1730 1550 1791 p.
1569 1714 1637 1772 687
1659 1707 1681 1769 1.
1698 1714 1743 1772 17
1766 1709 1874 1791 3323)
1906 1706 1952 1771 ael
1976 1709 2188 1793 posteritatem

531 1843 592 1882 aon
616 1829 837 1903 pervenerunt.
891 1815 961 1878 Uno
996 1829 1113 1878 truttam
1143 1813 1304 1877 llildaini
1334 1814 1457 1876 obbatis
1491 1814 1667 1877 constitutio
1701 1827 1855 1892 servatur,
1895 1837 1975 1898 3333
2003 1811 2192 1877 Hludowici

533 1926 735 2010 imperatoris
766 1922 936 2007 diplomate
967 1922 1065 1984 altero
1096 1921 1126 1984 el.
1153 1921 1184 1984 d.
1210 1927 1279 1987 832
1301 1919 1383 2007 slep.
1408 1925 1455 1988 26
1480 1917 1650 2000 (Filibien,
1675 1919 1829 1983 ‘Histoire
1853 1920 1891 1984 cle
1915 1921 2057 2007 l’abbape
2080 1921 2189 2008 royale
2209 1945 2234 1983 ro

533 2031 571 2094 de
595 2029 639 2094 St.
657 2028 779 2116 Derips'
801 2030 890 2114 prob.
908 2035 968 2108 515
991 2027 1371 2111 Μ13131633133323606)
1397 2028 1581 2113 confirmata
1605 2040 1657 2090 est.

640 2137 710 2199 Hoc
737 2136 946 2221 pricilepium
977 2136 1165 2219 irnperialc¹
1192 2148 1363 2220 propterea
1393 2133 1444 2197 tic
1476 2132 1672 2196 laudandum
1703 2147 1756 2212 est,
1787 2133 1874 2218 quod
1894 2135 1986 2220 ‘tacit
2007 2134 2053 2198 od
2074 2148 2186 2199 33333333

526 2243 712 2330 parandum
744 2242 972 2305 constitutionis
995 2240 1162 2320 Iltldutnt,
1194 2243 1255 2303 etsi
1282 2240 1535 2325 compendiosius
1566 2239 1604 2303 de
1634 2241 1690 2318 eis,
1721 2264 1801 2325 quae
1830 2241 1879 2304 ibi
1900 2242 2053 2326 13933333,
2077 2242 2186 2327 refert.

536 2350 632 2414 Carta
664 2351 746 2412 enirn
776 2347 936 2411 Ililrlnini
965 2350 996 2410 in
1028 2349 1209 2410 mernbrana
1239 2348 1368 2411 arcliici
1388 2345 1585 2410 Porisiensis
1614 2348 1788 2410 nationalis
1817 2347 1873 2428 (K.
1893 2355 1914 2412 9
1936 2372 1968 2410 n.
1984 2357 2005 2413 5
2021 2378 2062 2400 =
2079 2346 2188 2410 Musis

531 2456 603 2520 ΑΕ
625 2455 668 2518 Π
686 2481 714 2518 n.
732 2457 788 2539 53)
814 2455 925 2517 anutila
949 2455 1144 2538 rnsacnlisque
1160 2454 1267 2539 foeda
1291 2453 1462 2533 celebatur,
1487 2478 1547 2538 qua
1563 2456 1615 2539 fit,
1639 2468 1674 2517 ut
1695 2453 1909 2540 compluribus
1926 2453 2003 2517 13313
2019 2453 2100 2539 qnid
2112 2477 2186 2540 sup·
2208 2477 2233 2516 ro

529 2565 657 2649 plectar
688 2562 817 2625 cleobium
847 2564 898 2642 sit,
929 2561 1014 2624 alibi
1042 2547 1172 2624 lacunae
1203 2585 1260 2646 ope
1291 2561 1475 2645 diplomatis
1498 2560 1726 2624 Lndorcioiani
1747 2561 1803 2644 (=
1819 2560 1876 2644 L),
1896 2584 2064 2646 perpauca
2093 2564 2186 2624 etiam

535 2695 592 2756 ope
615 2670 800 2756 diplomatis
823 2669 965 2747 alterius,
990 2667 1027 2730 ele
1051 2692 1111 2751 qno
1136 2669 1199 2730 iam
1223 2691 1323 2752 supra
1340 2691 1376 2752 p.
1396 2675 1462 2733 683
1487 2668 1506 2730 1.
1523 2672 1571 2733 20
1581 2691 1648 2752 sqq.
1673 2681 1775 2730 actam
1800 2682 1853 2746 est,
1879 2667 2028 2753 suppleri
2048 2667 2185 2731 debeant.

537 2775 732 2862 Oripiualem
757 2776 838 2838 banc
862 2776 1073 2838 rnenrbranam
1097 2777 1132 2837 ia
1156 2799 1230 2837 osus
1253 2788 1374 2837 nostros
1397 2775 1467 2837 item
1493 2775 1623 2837 coritalit
1644 2799 1672 2837 3.
1697 2774 1735 2838 31.
1755 2773 1801 2836 Μ.
1824 2773 1855 2836 Τ
1852 2775 1937 2860 ampl,
1968 2776 2023 2837 citi
2042 2789 2186 2837 notarum

533 2907 654 2968 quoqne
693 2881 941 2945 Tironianoram
979 2883 1193 2966 interpretatio
1228 2880 1363 2944 debetur.
1426 2878 1490 2943 Cui
1521 2904 1600 2964 quac
1638 2882 1854 2967 supplevimus
1892 2883 1982 2944 aricio
2020 2880 2188 2965 quadratis

532 2991 771 3076 sz'yrriflcontum
794 2988 871 3052 aliis
895 2988 973 3050 locis
997 2989 1091 3050 rerba
1115 2987 1342 3050 Lotloroiciani
1363 2989 1523 3050 asteriscis
1542 2989 1700 3073 praestruis
1722 2989 1860 3051 subiecta
1883 3001 1962 3051 3333.
2205 3011 2232 3050 aa

639 3119 773 3176 Hildniai
791 3119 1008 3176 constitutiones
1029 3119 1177 3174 crbdmunt
1193 3118 1341 3188 3113311133,
1365 3118 1462 3175 Dera
1481 3119 1662 3194 diplomatica
1681 3121 1741 3178 519
1762 3111 1830 3184 (arb.
1848 3115 1942 3196 450),·
1967 3120 2009 3175 ed.
2026 3124 2055 3178 2.
2076 3140 2110 3194 p.
2127 3122 2187 3177 519

533 3221 601 3302 (tab.
618 3221 708 3302 450),Ι
733 3228 775 3283 ed.
802 3229 830 3284 3.
851 3225 875 3295 Ι,
893 3229 956 3282 538
980 3218 1049 3298 (tab.
1066 3220 1151 3298 466).
1193 3224 1327 3294 Fe'libien,
1353 3224 1489 3282 ‘Histoire
1512 3227 1547 3282 313
1570 3226 1611 3282 St.
1629 3225 1741 3299 Donys’
1761 3226 1844 3300 prob.
1861 3229 1910 3284 49.
1952 3226 2060 3294 Mami,
2086 3226 2186 3301 Suppl.

532 3332 646 3402 Ι,860.
684 3332 792 3402 blansi,
815 3330 899 3389 Cone.
917 3331 1001 3401 XIV,
1020 3337 1089 3390 636.
1133 3331 1249 3402 Tardis,
1275 3331 1466 3388 ‘Monuments
1484 3331 1663 3407 historiques’
1681 3335 1722 3391 84
1746 3325 1892 3408 (frepus).
1909 3362 1952 3370 -
1972 3333 2060 3408 Repu
2085 3331 2188 3388 ‘Neues

533 3439 648 3496 Arcbir'
672 3439 787 3510 XXIV,
804 3443 874 3498 489.

571 3662 573 3665 ⁴
642 3693 650 3707 .
675 3619 716 3708 .'.
742 3643 825 3707 dinis
857 3643 985 3707 oculum
1016 3644 1133 3706 trientis
1164 3643 1292 3727 erigere
1323 3654 1355 3706 et
1388 3667 1448 3729 pro
1483 3643 1697 3730 percipienda
1727 3667 1785 3730 spe
1816 3643 1979 3708 felicitatis
2009 3656 2233 3730 perpetuasse

535 3749 748 3814 ecelesiarum
772 3773 811 3813 ac
835 3773 1002 3813 servorum
1026 3749 1092 3812 Dei
1117 3747 1311 3813 utilitatibus
1335 3772 1430 3836 opem
1453 3750 1539 3813 ferre
1564 3748 1694 3832 debere,
1725 3750 1826 3815 333133
1857 3752 1961 3836 magis
1984 3750 2186 3836 vigilandum

535 3867 567 3920 et
598 3878 801 3942 summopere
832 3854 1084 3943 p[rovidenduur
1115 3866 1180 3938 333,
1216 3866 1251 3920 33
1281 3855 1351 3944 pro]
1388 3857 1496 3921 133333
1529 3856 1667 3921 utilitate
1703 3857 1862 3921 ecclesiae
1897 3856 1960 3921 sibi
1995 3859 2187 3922 commissae

535 3961 669 4048 speciali
700 3985 779 4026 cura
809 3973 841 4026 et
871 3962 1009 4026 sollicita
1038 3975 1145 4026 mente
1181 3972 1390 4049 pertractent,
1427 3973 1587 4048 quatenus
1621 3965 1809 4050 postpositis
1843 3974 2044 4028 terrenarum
2079 3988 2186 4029 rerum

534 4068 633 4132 lucris
650 4070 695 4132 ita
718 4068 761 4132 ad
783 4069 879 4155 plene
903 4092 1070 4134 servorum
1093 4069 1158 4133 Dei
1182 4071 1394 4133 necessitates
1418 4068 1458 4132 de
1483 4068 1691 4134 facultatibus
1717 4069 1795 4158 [suis
1819 4071 1996 4152 conferant,
2020 4082 2056 4135 33
2070 4071 2186 4159 ἱ3]333·

534 4177 598 4240 633
623 4197 678 4240 333
701 4177 735 4239 in
751 4176 816 4239 Dei
840 4177 972 4239 servitio
997 4187 1029 4239 et
1052 4176 1209 4262 propositi
1234 4177 1283 4240 sui
1308 4174 1517 4240 observantia
1541 4187 1666 4240 certare
1690 4199 1729 4241 ac
1753 4176 1882 4241 studere
1907 4176 2047 4241 delectet
2062 4188 2095 4241 et
2112 4178 2185 4260 illis,
2205 4205 2233 4244 so

536 4284 591 4369 qui
608 4283 680 4346 Deo
704 4282 746 4346 ad
770 4305 881 4347 eorum
905 4284 1170 4346 sustentationem
1193 4307 1246 4346 res
1270 4306 1345 4346 suas
1369 4283 1402 4346 in
1426 4283 1550 4346 eisdem
1572 4283 1653 4347 locis
1673 4282 1867 4366 obtulerunt,
1887 4296 2045 4370 perpetua
2060 4308 2186 4350 merces

536 4400 569 4453 ct
592 4387 762 4453 retributio
786 4412 845 4475 pro
870 4390 936 4453 suis
960 4388 1190 4477 oblaltionibus
1215 4399 1488 4475 recompensetur.
1538 4388 1747 4476 Quapropter
1775 4413 1836 4476 ego
1860 4390 2046 4472 Hilduinus‚
2076 4414 2186 4456 mona-

535 4494 638 4582 steri]i
673 4495 891 4581 apostolorum
925 4497 1082 4582 principis
1117 4495 1397 4582 gloriosorumque
1433 4495 1555 4560 Christi
1588 4507 1766 4582 martyrum
1797 4498 1959 4583 Dyonisii,
1994 4498 2120 4562 Rustici
2155 4509 2188 4562 et

535 4601 714 4665 Eleutherii
739 4600 853 4684 abbas,
882 4603 1029 4688 cogitans
1059 4627 1097 4667 ac
1128 4613 1330 4688 pertractans
1361 4626 1503 4689 superna
1525 4603 1591 4667 Dei
1621 4604 1800 4690 inspirante
1831 4603 2013 4687 elementia,
2049 4603 2189 4690 qualiter

536 4710 607 4796 ipsa
632 4709 841 4794 congregatio
865 4708 1105 4795 praedictorum
1129 4720 1316 4773 sanctorum
1339 4708 1463 4795 absque
1494 4733 1514 4774 3
1538 4760 1545 4773 .
1571 4761 1578 4774 .
1605 4759 1612 4773 .
1637 4733 1655 4773 3
1686 4708 1861 4774 observare
1892 4713 2059 4797 potuisset,
2091 4713 2234 4776 statuite

536 4839 575 4879 33
600 4814 779 4878 deliberavi
803 4839 868 4879 una
892 4838 966 4880 euru
990 4814 1125 4880 consilio
1150 4828 1181 4880 33
1204 4815 1338 4879 licentia
1361 4816 1484 4880 donrini
1506 4817 1580 4898 mei,
1606 4816 1783 4881 Hludoviei
1807 4818 1961 4882 videlicet
1990 4818 2188 4883 serenissimi

535 4922 750 5008 imperatoris,
767 4932 803 4985 ut
817 4946 877 5008 pro
894 4923 1001 4987 futtuo
1019 4921 1164 4986 eiusdem
1181 4923 1443 5008 congregationis
1460 4922 1607 4987 cavendo
1620 4923 1766 5009 periculo
1779 4948 1889 4989 eorum
1903 4924 2074 5011 stipendia,
2094 4925 2187 5011 [quae

536 5030 703 5092 annuatim
727 5030 760 5091 iu
785 5027 858 5093 cibo
883 5039 915 5093 et
937 5041 1017 5115 potu
1041 5031 1190 5115 accipere
1215 5028 1367 5110 debeant,
1391 5051 1518 5093 necnon
1542 5040 1574 5093 et
1599 5030 1758 5116 quasdam
1773 5031 1877 5112 villas,
1902 5055 1983 5118 quas
2002 5032 2189 5118 specialiter

642 5285 674 5333 tt
701 5283 897 5348 providendum
917 5300 1018 5347 —pro
1044 5285 1127 5347 supple
1146 5300 1158 5332 e
1176 5283 1240 5334 coni.
1332 5285 1364 5333 29
1392 5278 1483 5350 plene]
1508 5283 1545 5332 ita
1572 5289 1614 5332 or.
1706 5286 1763 5334 suis
1782 5310 1817 5318 —
1835 5285 1966 5334 intentius
1990 5287 2073 5350 suppl„
2093 5303 2105 5336 3
2123 5285 2188 5340 coni.

535 5373 569 5422 32
589 5370 774 5422 oblationibus
788 5398 822 5404 —
836 5374 992 5421 monasterii
1011 5373 1094 5436 suppl.
1113 5389 1125 5421 3
1143 5373 1206 5421 carri.
1280 5375 1313 5422 35
1334 5391 1349 5421 a
1363 5409 1369 5420 .
1384 5408 1390 5421 .
1404 5367 1420 5436 .]
1439 5372 1522 5423 littera
1539 5372 1626 5422 dnbio·
1693 5375 1725 5424 37
1745 5389 1815 5437 quae
1829 5398 1863 5408 -
1875 5375 2086 5425 necessitatibus
2103 5375 2187 5440 suppl.
2205 5385 2234 5424 0)

533 5477 564 5510 err
581 5459 613 5522 L,
636 5460 724 5510 adelito
741 5461 812 5512 aerbo
831 5477 907 5525 quas,
927 5461 997 5511 aerbo
1016 5477 1109 5511 eorum
1128 5470 1187 5510 ante
1205 5462 1417 5511 necessitatibus
1432 5461 1521 5526 posito.

646 5679 674 5744 1)
714 5676 780 5733 Non
817 5677 993 5734 aditurus
1024 5677 1129 5734 Karoli
1164 5677 1246 5734 Calui
1277 5677 1455 5754 priuilepium
1495 5678 1581 5735 eirlan
1616 5679 1786 5736 monasterio
1824 5699 1900 5737 anno
1931 5684 2003 5739 862.
2040 5681 2117 5757 Sept.
2149 5683 2189 5740 19

534 5777 671 5858 (Tardis,
702 5785 720 5839 1.
745 5785 764 5839 l.
783 5804 816 5859 p.
833 5779 903 5858 116)
928 5803 1095 5853 concessam,
1122 5792 1279 5858 propterea
1309 5785 1386 5859 quod
1406 5805 1480 5842 nova
1503 5785 1602 5858 insert,
1633 5805 1750 5861 3333333
1781 5786 1810 5843 in
1834 5786 2038 5844 Ludouiciano
2064 5788 2188 5845 3336333

537 5889 638 5946 terentio
654 5889 700 5967 fit.
