4884 6717
717 548 769 604 44.
806 548 1025 606 CONCHJUM
1048 549 1276 606 PARISIENSE
1301 550 1337 605 A.
1358 548 1432 605 825.
1837 543 1902 606 545

244 744 339 801 coiere
364 752 395 800 et
417 745 535 800 adorare
559 763 610 816 pro
634 745 707 811 Deo,
731 745 864 817 prohibet
888 752 928 812 tc,
953 763 1009 801 non
1032 746 1093 799 vult
1116 745 1170 801 sibi
1194 763 1325 818 arrogare
1348 746 1481 801 honorem
1505 747 1571 812 Dei,
1595 764 1651 801 non
1674 746 1736 801 vult
1760 747 1812 802 tibi
1837 765 1900 803 esse

245 869 297 923 pro
319 852 394 918 Deo,
418 853 469 907 sed
493 859 588 908 tecum
613 870 675 908 ease
700 852 752 907 sub
775 853 850 907 Dec.

352 949 396 1013 Et
417 961 491 1036 post
514 971 635 1037 pauca:
668 955 734 1014 Sic¹
766 966 796 1015 et
819 961 910 1015 sancti
941 959 1035 1032 angeli
1066 959 1140 1014 illius
1170 960 1286 1032 gloriam
1310 967 1463 1032 quaerunt,
1495 978 1579 1031 quem
1609 959 1740 1032 diligunt,
1773 960 1810 1015 ad
1839 961 1900 1015 eius

244 1064 362 1133 cultum,
387 1066 423 1120 ad
447 1067 508 1121 eius
530 1067 695 1134 orationem,
720 1067 757 1121 ad
782 1067 842 1122 eius
866 1068 1134 1139 contemplationem
1159 1085 1265 1134 omncs,
1291 1084 1360 1139 quos
1384 1067 1516 1139 diligunt,
1547 1085 1648 1139 rapere
1674 1075 1704 1123 et
1727 1066 1899 1122 inflammare

212 1173 374 1239 sstudeut,
404 1173 496 1245 ipsum
526 1173 581 1228 iliis
610 1174 790 1240 annuntiant,
821 1192 877 1228 non
907 1192 948 1241 se,
981 1174 1111 1245 quoniam
1134 1173 1229 1246 angeli
1253 1181 1330 1240 sunt,
1361 1183 1400 1240 et,
1430 1175 1499 1245 quia
1521 1175 1624 1229 milites
1647 1181 1723 1241 sunt,
1755 1191 1810 1229 uon
1833 1190 1898 1227 no·

244 1287 381 1335 rerunt
404 1280 520 1352 gloriam
545 1297 683 1352 quaerere
707 1281 760 1334 nisi
783 1281 959 1352 imperatoris
982 1281 1035 1335 sui.

348 1377 431 1441 Item
454 1386 529 1464 post
551 1399 673 1464 pauca:
699 1383 811 1441 Nemo?
833 1387 925 1442 dicat:
951 1388 1060 1448 Timeo,
1085 1405 1121 1441 ue
1146 1387 1284 1442 irascatur
1307 1388 1371 1441 mibi
1396 1392 1525 1459 angelus,
1550 1388 1573 1441 si
1597 1405 1652 1441 non
1676 1386 1754 1442 illum
1770 1387 1831 1442 colo
1847 1405 1898 1459 pro

243 1494 298 1548 deo
321 1510 394 1549 meo.
441 1494 522 1548 Tunc
546 1494 599 1549 tibi
626 1494 766 1560 irascitur,
797 1496 911 1565 quando
933 1495 1026 1566 ipsum
1049 1494 1143 1550 colere
1166 1494 1298 1550 volueris.
1345 1494 1442 1549 Bonus
1467 1502 1511 1549 est
1542 1495 1617 1548 enim
1641 1503 1670 1548 ct
1695 1494 1787 1548 Deum
1811 1503 1896 1548 amat.

244 1597 389 1663 Quomodo
412 1601 564 1656 daemones
588 1601 757 1668 irascuntur,
781 1602 803 1655 si
828 1619 883 1656 nou
907 1602 1046 1668 colantur,
1070 1602 1110 1656 sic
1134 1601 1229 1673 angeli
1252 1602 1446 1672 indignantur,
1470 1602 1494 1655 si
1517 1618 1568 1672 pro
1592 1601 1656 1655 Deo
1680 1601 1818 1655 colantur.

199 1726 225 1766 ro
349 1697 432 1761 ltern
456 1698 489 1761 in
513 1697 629 1762 eodem
652 1697 735 1762 libro
759 1698 802 1762 X.
827 1697 868 1762 de
893 1699 1026 1763 civitate
1050 1698 1133 1763 Dei:
1165 1703 1249 1763 Νοιι3
1270 1709 1368 1779 itaque
1393 1708 1531 1764 debemus
1555 1716 1695 1774 metuere,
1725 1725 1762 1762 ne
1786 1708 1895 1762 immor-

243 1813 314 1868 tales
338 1820 369 1868 et
392 1813 492 1869 beatos
515 1814 563 1868 uni
586 1814 650 1870 Deo
674 1814 803 1869 subditos
826 1833 881 1869 non
906 1815 948 1870 cis
971 1813 1155 1870 sacrificando
1178 1814 1364 1869 offendamus.
1411 1812 1495 1878 Quod
1527 1815 1601 1869 enim
1624 1814 1735 1869 nonnisi
1757 1815 1806 1868 uni
1829 1832 1896 1869 vero

242 1920 305 1975 Deo
329 1920 429 1976 deberi
452 1921 555 1984 sciunt,
579 1921 624 1975 cui
648 1927 678 1975 et
702 1922 755 1992 ipsi
779 1922 944 1976 adherendo
967 1922 1046 1977 beati
1069 1929 1145 1988 sunt,
1170 1921 1268 1993 procul
1292 1921 1378 1976 dubio
1401 1938 1497 1992 neque
1521 1938 1574 1993 per
1588 1920 1673 1976 ullam
1690 1919 1895 1992 significantem

241 2025 359 2098 liguram
390 2045 486 2099 neque
512 2045 566 2099 per
588 2028 678 2099 ipsam
707 2047 777 2094 rem,
809 2046 882 2100 quae
906 2029 1089 2083 sacramentis
1113 2026 1297 2099 significatur,
1322 2029 1375 2083 sibi
1407 2028 1533 2084 exbiberi
1564 2028 1672 2082 uolunt.
1718 2025 1895 2082 'Daemonum

243 2141 287 2188 est
317 2133 390 2189 baec
424 2134 585 2205 arrogantia
618 2135 804 2206 superborum
839 2143 926 2206 atque
962 2135 1136 2202 miserorum,
1172 2153 1189 2190 a
1218 2136 1321 2206 quibus
1355 2135 1440 2208 longe
1475 2135 1587 2190 diversa
1620 2135 1713 2206 pietas
1749 2143 1793 2190 est
1827 2134 1895 2189 sub·

199 2259 223 2299 rs
242 2217 362 2295 ditorum
386 2240 460 2296 Deo.

346 2337 431 2402 Item
453 2337 540 2402 idem
564 2339 598 2401 in
622 2338 753 2403 eodem:
786 2344 865 2403 Nos*
889 2355 984 2404 autem
1014 2349 1184 2420 martyribus
1213 2349 1317 2404 nostris
1346 2366 1402 2403 non
1431 2353 1539 2420 templa
1562 2349 1633 2404 sicut
1663 2349 1727 2416 diis,
1758 2357 1803 2403 set
1833 2365 1894 2402 mc·

240 2454 340 2508 monas
363 2455 437 2510 sicut
458 2454 616 2510 homiuibus
639 2456 767 2522 mortuis,
798 2472 915 2527 quorum
938 2456 1014 2527 apud
1037 2457 1131 2511 Deum
1154 2457 1254 2510 vivunt
1277 2456 1403 2527 spiritus,
1431 2455 1600 2510 fabricamus
1622 2473 1677 2510 nec
1700 2455 1739 2510 ibi
1763 2455 1895 2526 erigimus

240 2560 349 2627 altaria,
379 2561 407 2616 in
438 2561 541 2632 quibus
564 2560 753 2618 sacrificemus
775 2563 957 2634 martyribus,
988 2564 1040 2618 sed
1063 2563 1111 2617 uni
1135 2564 1198 2619 Deo
1224 2570 1254 2618 et
1277 2571 1431 2634 martyrum
1455 2569 1485 2617 et
1509 2571 1614 2629 nostro,
1646 2563 1682 2617 ad
1709 2562 1784 2633 quod
1808 2561 1893 2616 sacri-

239 2666 333 2722 ficium
357 2668 430 2722 sicut
452 2667 578 2724 homines
601 2668 667 2737 Dei,
700 2670 748 2741 qui
778 2669 911 2724 mundum
942 2670 971 2724 in
1002 2670 1063 2725 eius
1093 2669 1270 2726 confessione
1293 2670 1433 2734 vicerunt,
1465 2686 1516 2724 suo
1545 2669 1617 2735 loco,
1648 2669 1710 2724 vice
1742 2676 1772 2723 et
1794 2668 1893 2724 ordine

195 2793 223 2833 ao
239 2775 435 2842 nominantur3
467 2793 523 2830 non
546 2783 642 2831 tamen
665 2794 683 2831 a
705 2777 865 2842 sacerdote,
890 2777 939 2847 qui
961 2775 1111 2844 sacrificat,
1135 2776 1310 2831 invocantur.
1348 2776 1413 2830 Deo
1437 2776 1553 2847 quippe,
1581 2792 1636 2830 non
1660 2775 1728 2847 ipsis
1743 2774 1893 2838 sacrificat,

240 2883 367 2953 quamvis
389 2883 418 2936 in
441 2883 574 2937 memoria
596 2881 737 2938 sacrificet
761 2900 866 2950 eorum,
891 2883 958 2954 quia
974 2883 1029 2938 Dei
1050 2883 1182 2938 sacerdos
1206 2892 1262 2949 est,
1286 2900 1342 2937 non
1365 2881 1484 2937 illorum.
1519 2880 1614 2954 Ipsum
1637 2899 1705 2937 vero
1728 2880 1893 2936 aacrilicium

240 3005 342 3059 corpus
365 2996 411 3044 est
434 2987 550 3055 Christi,
574 2989 650 3060 quod
673 3006 729 3044 non
751 2989 871 3044 offertur
892 2990 969 3062 ipsis,
995 2990 1062 3061 quia
1084 2990 1136 3044 hoc
1160 2998 1227 3044 sunt
1251 2997 1281 3045 et
1304 2989 1367 3060 ipsi.

347 3085 429 3150 Item
453 3087 656 3172 Augustinus
679 3087 713 3150 in
736 3108 885 3152 sermone
909 3085 1100 3173 evangelico
1125 3085 1165 3150 de
1190 3097 1350 3173 potestate
1374 3085 1453 3150 data
1468 3083 1691 3166 daemonibus,
1715 3098 1751 3151 ut
1767 3085 1894 3151 abirent
1912 3098 2030 3201 etam-⁸.

240 3192 274 3256 in
297 3214 430 3279 porcos:
456 3198 543 3257 Noli⁵
564 3203 713 3259 inclinare
737 3211 774 3258 te
799 3203 919 3275 augelis,
942 3211 974 3258 ut
998 3205 1040 3260 eis
1063 3202 1277 3259 sacrificandum
1300 3212 1397 3275 putes,
1421 3221 1474 3257 nec
1499 3204 1578 3258 bonis
1602 3210 1632 3258 et
1648 3203 1768 3270 seuctis3
1793 3202 1893 3257 uolunt
2000 3185 2004 3192 ¹

194 3325 223 3367 at
241 3309 331 3376 euim3
356 3310 470 3380 quaudo
493 3309 574 3374 facis,
596 3327 653 3364 non
677 3317 706 3365 te
731 3310 864 3382 diligunt.
909 3311 1041 3383 Diligunt
1062 3320 1168 3377 autem,
1192 3311 1216 3364 ai
1239 3329 1302 3365 cum
1326 3311 1367 3365 eis
1391 3310 1491 3365 adores
1516 3328 1600 3381 quem
1623 3311 1753 3364 adorant.

346 3406 429 3470 Item
460 3406 547 3471 idem
576 3407 610 3470 in
640 3404 723 3471 libro
754 3406 795 3470 de
826 3409 1005 3493 quantitate
1040 3409 1163 3472 anime:
1201 3411 1313 3472 Homo⁶
1342 3424 1437 3472 autem
1473 3416 1594 3488 quilibet
1629 3417 1699 3471 alius
1732 3433 1894 3488 quanquam

240 3523 465 3594 sapientissimus
496 3530 526 3578 et
555 3523 778 3595 perfectissimus
808 3524 853 3579 rel
884 3542 997 3595 prorsus
1028 3524 1174 3596 quaelibet
1204 3525 1297 3579 anima
1326 3524 1443 3579 rationis
1474 3540 1586 3595 compos
1616 3532 1703 3594 atque
1732 3523 1894 3579 beatissima

240 3631 360 3686 anranda
379 3631 574 3685 tantummodo
594 3637 631 3686 et
653 3631 790 3685 imitanda
814 3639 858 3686 est
882 3631 966 3701 eique
989 3648 1041 3703 pro
1064 3632 1163 3686 merito
1187 3638 1275 3702 atque
1298 3632 1397 3686 ordine
1415 3631 1491 3702 quod
1509 3631 1534 3685 ci
1550 3631 1679 3702 congruit
1694 3629 1892 3686 deferendum.

241 3737 311 3791 Nam
335 3735 475 3793 doctinam
499 3735 591 3793 Deum
614 3743 689 3792 taum
712 3734 848 3794 adorabis
871 3744 897 3792 et
918 3735 960 3792 illi
980 3736 1034 3793 soli
1053 3736 1165 3794 servies.
1913 3757 2058 3807 ructuare.

195 3859 223 3900 to
347 3835 429 3899 Item
453 3836 486 3898 iu
511 3833 648 3899 concilio
672 3833 725 3898 illo
750 3833 792 3898 de
815 3856 894 3898 vera
917 3833 1088 3920 religione:
1121 3838 1205 3899 Νοιιἶ
1229 3844 1266 3899 sit
1290 3861 1358 3916 ergo
1389 3844 1468 3899 nobis
1499 3843 1598 3915 religio
1629 3843 1723 3898 cultus
1746 3861 1893 3915 corporum

241 3951 413 4007 etheriomm
441 3959 530 4022 atque
561 3951 737 4017 caelestium,
769 3951 820 4006 sed
852 3952 923 4016 eius,
950 3951 1028 4005 cuius
1052 3950 1292 4022 contemplatione
1323 3951 1402 4006 beati
1433 3959 1509 4004 sunt.
1557 3949 1659 4021 Neque
1691 3951 1765 4005 euim
1789 3959 1819 4006 ct
1842 3969 1893 4006 nos

240 4059 363 4113 videndo
386 4057 519 4129 angelum
542 4058 621 4112 beati
644 4075 749 4123 sumus,
781 4059 832 4113 aed
863 4058 987 4113 ridendo
1010 4058 1172 4124 veritatem,
1203 4075 1259 4128 qua
1283 4059 1368 4113 etiam
1397 4057 1471 4128 ipsos
1495 4056 1636 4129 diligimus
1660 4057 1792 4129 angelos,
1824 4076 1894 4112 non

241 4165 414 4232 inridemus3
443 4164 519 4235 quod
543 4182 579 4220 ea
600 4164 758 4237 paratiores
782 4171 813 4220 et
842 4163 927 4219 nullis
958 4164 1094 4219 molestiis
1125 4164 1386 4235 interpedientibus
1416 4164 1612 4235 perfruuntur,
1644 4164 1695 4218 scd
1725 4165 1814 4236 magis
1845 4182 1893 4220 eos

241 4271 392 4344 diligimus,
418 4270 548 4343 quoniam
572 4278 602 4327 et
626 4287 676 4326 nos
700 4271 758 4326 tale
782 4270 888 4342 aliquid
913 4289 1028 4342 sperare
1052 4288 1069 4326 a
1092 4271 1230 4326 communi
1253 4271 1373 4325 Domino
1403 4270 1470 4325 iussi
1494 4288 1598 4324 sumus.
1645 4269 1820 4325 Honoramus
1845 4289 1893 4324 eos

194 4390 224 4431 aa
241 4379 376 4445 karitate,
405 4395 461 4433 non
491 4379 630 4433 seruitute
653 4395 708 4433 nec
733 4378 773 4433 eis
797 4377 905 4449 templa
927 4378 1138 4444 constituimus3
1170 4377 1270 4432 nolunt
1294 4378 1367 4433 eninr
1392 4395 1428 4432 se
1453 4377 1493 4431 sic
1516 4377 1685 4432 honoraria
1708 4377 1797 4443 uobis,
1827 4378 1895 4448 quia

240 4503 291 4541 nos
314 4485 401 4556 ipsos,
425 4503 488 4540 cum
511 4485 577 4541 boni
600 4502 705 4550 sumus,
730 4483 837 4557 templa
859 4485 957 4539 summi
981 4484 1038 4539 Dei
1062 4502 1124 4538 esse
1148 4492 1298 4539 noverunt.

350 4582 502 4667 origenis
533 4583 567 4646 in
590 4582 793 4668 expositione
818 4580 974 4666 epistolae
999 4580 1040 4646 ad
1064 4581 1244 4645 Romanos:
1276 4589 1369 4645 Cum⁸
1391 4600 1508 4661 poscent
1538 4589 1665 4644 homines
1688 4591 1782 4644 Deum
1805 4609 1892 4660 agno·

240 4717 333 4766 scere,
357 4699 393 4753 ab
417 4699 478 4753 eius
502 4697 581 4753 cultu
605 4698 783 4754 declinantes
806 4698 842 4752 ad
866 4697 1001 4770 imagines
1025 4697 1165 4753 bominum
1189 4698 1347 4752 adorandas
1372 4705 1402 4753 et
1425 4696 1584 4751 animalium
1608 4698 1804 4752 deverterunt.
1853 4697 1892 4752 Ut

242 4806 315 4862 enirn
344 4805 471 4860 breviter
501 4813 530 4859 et
562 4806 636 4860 omui
667 4805 696 4859 in
719 4823 807 4858 unum
837 4803 959 4860 collecta
989 4803 1159 4859 diffinitione
1184 4804 1320 4870 dicamus,
1350 4804 1467 4859 adorare
1499 4803 1584 4858 alium
1608 4810 1706 4874 preter
1728 4811 1839 4874 patrem
1864 4812 1893 4858 ct

193 4922 224 4963 to
241 4911 328 4967 tilium
352 4919 382 4968 et
406 4909 542 4983 Spiritum
565 4920 693 4966 sanctum
716 4911 870 4983 impietatis
895 4919 940 4966 cst
963 4911 1078 4966 crimem

349 5140 506 5204 larrogari
525 5139 553 5187 Γ.
646 5141 676 5189 11
698 5133 747 5202 eis]
768 5140 793 5188 ei
813 5138 839 5188 Γ.
927 5138 1077 5188 lanchem
1098 5137 1125 5187 Γ.
1212 5139 1244 5187 13
1264 5138 1427 5187 sacramenti
1447 5137 1636 5202 significantur
1655 5137 1681 5188 Γ.
1772 5139 1804 5187 16
1826 5131 1893 5202 lios]

241 5229 297 5278 Vos
316 5228 343 5278 Γ.
407 5230 479 5279 sicut
499 5227 551 5277 diis
569 5223 621 5294 set]
639 5230 662 5279 si
682 5228 821 5279 condisset
841 5227 867 5276 l'.
936 5227 967 5277 ll
988 5227 1117 5292 erigimur
1136 5226 1163 5274 V.
1232 5227 1264 5275 18
1284 5225 1468 5276 sacrificemur
1487 5225 1514 5274 Γ.
1582 5227 1616 5276 20
1634 5227 1685 5291 ipsi
1706 5225 1731 5276 Γ.
1799 5229 1833 5277 22
1853 5235 1895 5277 est

239 5317 306 5369 deest
325 5318 352 5368 Γ.
425 5319 457 5368 27
485 5313 635 5382 quaelibet]
663 5316 779 5383 quilibet
799 5316 825 5369 V.
899 5317 1057 5367 beatissimo
1077 5315 1104 5364 l'.
1172 5316 1206 5365 30
1232 5314 1351 5365 concilio
1377 5309 1435 5379 illo]
1460 5315 1498 5364 ita
1517 5314 1544 5374 i',
1569 5324 1734 5366 correctarum
1754 5333 1895 5381 proponere

240 5425 291 5457 non
308 5406 397 5457 audeo.
451 5408 482 5456 31
505 5400 574 5470 eius]
594 5408 620 5457 ei
640 5405 666 5455 1⁷.
722 5399 977 5469 nosridend0]uos
995 5404 1112 5455 virendo
1133 5403 1159 5453 V.
1215 5405 1249 5454 32
1269 5405 1343 5454 beati
1355 5399 1460 5467 sumus]
1481 5405 1653 5455 beatissimus
1674 5404 1699 5454 Γ.
1756 5406 1789 5455 39
1809 5400 1892 5468 omui]

194 5504 224 5543 <ta
242 5497 362 5546 omnium
383 5496 410 5545 l'.

352 5685 382 5772 l)
403 5693 436 5751 V.
459 5713 550 5770 supra
568 5713 602 5769 p.
619 5697 680 5753 494
704 5694 723 5750 l.
741 5696 853 5769 34aqq.
961 5683 992 5768 2)
1016 5693 1046 5749 V.
1070 5711 1160 5766 supra
1179 5695 1292 5768 putu
1316 5693 1466 5769 taasqq.
1571 5689 1602 5770 3)
1626 5692 1763 5769 V.sapra
1783 5699 1893 5769 plac

243 5798 369 5876 disqq.
483 5793 966 5878 tlt-'.soprap.4951.asqq.
1081 5790 1111 5876 5)
1134 5798 1166 5854 V.
1189 5818 1280 5874 supra
1298 5818 1332 5874 p.
1349 5802 1411 5858 495
1434 5801 1452 5855 Ι.
1472 5802 1510 5858 17
1521 5820 1582 5876 sqq.
1694 5795 1724 5874 6)
1749 5801 1781 5856 V.
1804 5821 1894 5876 srtpra

238 5910 351 5982 psas
375 5908 524 5984 l.20.sqq.
617 5907 648 5976 l)
672 5907 703 5964 V.
727 5926 818 5982 capra
838 5910 947 5982 plat
972 5908 1122 5982 l.28aqq.
1215 5897 1247 5984 8)
1270 5906 1301 5961 V.
1325 5925 1416 5981 capra
1434 5927 1467 5982 p.
1485 5910 1546 5965 495
1570 5908 1588 5963 l.
1606 5911 1646 5966 24
1659 5927 1719 5983 sqq.

298 6021 454 6064 meonclus
468 6023 498 6067 11.
1648 6031 1681 6079 69
