4884 6717
460 1597 533 1639 ussa
543 1600 577 1650 so,
585 1601 605 1640 a.

453 2133 534 2173 matth.
542 2133 564 2182 l,
574 2131 606 2172 to.

497 2560 534 2601 Pe.
544 2560 577 2610 65,
586 2561 606 2600 l.

456 3405 485 3446 er.
495 3405 577 3498 paup.
586 3407 606 3456 s,

625 528 691 592 518
1096 533 1149 589 44.
1185 532 1404 590 CONCILIUM
1427 532 1654 589 PARlSlENSE
1677 534 1714 588 Α.
1736 532 1812 588 825.

625 749 719 787 camur
740 739 778 796 te,
799 731 927 800 Domine,
949 731 976 785 in
999 732 1071 785 omui
1093 731 1281 785 misericordia
1303 737 1361 792 tua,
1388 738 1418 784 ut
1439 731 1581 785 auferatur
1601 731 1676 784 fisror
1697 737 1759 783 tuns
1782 737 1810 783 et
1832 730 1872 784 ira
1895 737 1942 782 tua
1965 747 1981 782 a
2004 730 2115 783 civitate
2137 730 2189 783 ista
2212 737 2244 784 et
2268 746 2287 782 a

625 839 706 892 domo
728 844 822 891 sancta
845 843 902 904 ma,
924 838 1055 909 quoniam
1076 838 1252 908 peccavimus
1275 839 1309 892 et
1331 839 1451 892 cetera.

731 934 771 998 In
793 933 932 1021 epistola
954 933 1043 999 beati
1060 933 1218 999 Germani
1233 934 1441 1020 patriarchae
1458 933 1808 1020 Constantinopolitani
1829 933 1871 998 ad
1886 932 2065 997 Iohannem
2089 935 2282 1020 episcopum

626 1040 842 1127 synadorum,
876 1053 1050 1128 postquam
1085 1040 1210 1105 litteras
1240 1040 1329 1105 beati
1361 1039 1513 1126 Gregorii
1542 1047 1670 1127 papae¹
1705 1042 1859 1127 suscepit,
1895 1041 1980 1104 inter
2013 1052 2124 1104 cetera
2157 1042 2281 1127 inquit:

624 1153 800 1227 Epistolam²
821 1165 928 1211 vestrae
951 1157 1104 1211 sanctitatis
1126 1158 1244 1228 suscepi,
1266 1158 1293 1211 in
1316 1175 1371 1228 qua
1393 1157 1564 1212 referebatur
1586 1159 1621 1211 de
1644 1160 1775 1228 episcopo
1798 1158 1960 1211 Nacholiae.
1994 1156 2186 1228 Significamns
2207 1157 2318 1211 eunus

623 1281 695 1318 nunc
718 1263 805 1330 vobis,
834 1264 904 1318 sicut
934 1272 962 1318 et
992 1264 1098 1335 pridem
1128 1282 1212 1335 qnam
1240 1265 1439 1333 susciperemus
1461 1264 1567 1318 litteras
1589 1264 1880 1333 vestraesanctitatis,
1910 1264 2093 1335 coniungente
2115 1264 2160 1318 bic
2183 1266 2281 1318 codem

625 1371 687 1425 Deo
717 1369 831 1424 amabili
852 1371 983 1441 episcopo
1013 1371 1041 1424 in
1070 1370 1169 1440 verbis,
1196 1371 1321 1424 venimus
1348 1355 1498 1440 cvmr’ipso
1526 1371 1695 1424 sciscitantes
1723 1389 1831 1425 sensum
1860 1371 1929 1436 eius,
1957 1372 2030 1424 unde
2056 1370 2137 1423 nobis
2163 1372 2280 1424 relatum]

624 1477 715 1530 fuerat
730 1478 764 1530 de
780 1476 839 1530 illo.
874 1477 936 1547 lpse
955 1494 1021 1531 vero
1037 1477 1117 1530 uobis
1132 1477 1203 1531 hurso
1219 1477 1296 1530 dedit
1312 1494 1470 1547 responsum
1491 1506 1528 1515 —
1547 1485 1711 1547 oportunum
1726 1478 1798 1531 euim
1814 1485 1857 1531 est
1872 1477 2031 1548 singillatim
2046 1478 2137 1530 omnia
2153 1477 2280 1532 intimare

624 1591 733 1638 vestrae
749 1584 888 1637 sanctitati
906 1612 944 1622 -
963 1585 1094 1654 qnoniam
1108 1585 1224 1638 audiens
1242 1584 1336 1638 divina
1358 1585 1491 1654 scriptura
1513 1585 1635 1638 dicente:
1659 1582 1726 1639 Non
1742 1581 1841 1653 jacies
1863 1582 1912 1638 tibi
1932 1601 2040 1638 ornnem
2061 1582 2277 1648 similimdinem,

625 1691 781 1746 studeres
804 1709 847 1758 ea,
872 1698 981 1765 quanta
1004 1689 1034 1745 in
1058 1691 1134 1746 eaelo
1156 1710 1267 1747 sursum
1292 1699 1319 1746 et
1340 1697 1449 1765 qimaiu
1472 1689 1501 1745 in
1525 1697 1605 1745 terra
1627 1689 1766 1745 manni.
1811 1690 1967 1744 Seeundmn
1987 1690 2039 1744 hoc
2061 1690 2128 1758 diri,
2149 1690 2278 1760 qnoniam
2299 1704 2325 1743 ro

625 1816 681 1851 non
701 1798 818 1850 debetur
845 1798 1009 1851 manufactis
1038 1798 1172 1851 adoratio.
1218 1798 1290 1851 Nam
1318 1806 1427 1852 sanctos
1449 1796 1548 1851 Christi
1571 1805 1715 1867 martyres,
1741 1796 1789 1867 qui
1817 1815 1899 1850 verae
1929 1805 1990 1850 suut
2017 1797 2183 1866 margaritae
2203 1796 2279 1863 fidei,

626 1905 698 1958 omni
719 1903 823 1958 honore
845 1905 943 1975 dignos
964 1911 1092 1974 putamus
1114 1911 1142 1959 et
1164 1904 1372 1958 intercessiones
1394 1922 1488 1958 eonvm
1511 1905 1677 1958 invocamus.
1709 1904 1754 1957 Ad
1775 1903 1844 1958 haec
1867 1904 1978 1974 nitidem
1999 1922 2049 1956 nos
2064 1904 2106 1957 illi
2120 1921 2278 1973 respousvnn

627 2011 801 2076 reddidimus,
830 2010 960 2081 quoniam
987 2009 1202 2065 Christianorum
1230 2010 1299 2065 tides
1327 2012 1531 2066 venerationem
1562 2019 1590 2064 et
1618 2010 1806 2064 adorationem
1839 2012 1874 2064 ad
1904 2028 1986 2063 imum
2016 2017 2045 2064 et
2073 2011 2161 2063 solnm
2187 2010 2277 2064 Deum

627 2117 720 2178 resen,
741 2118 811 2170 sicut
825 2118 955 2187 scriptum
972 2125 1028 2170 est:
1051 2115 1203 2173 Dominum
1220 2116 1311 2172 Deum
1328 2125 1403 2172 tunsa
1419 2115 1555 2172 adorabis
1570 2124 1596 2171 et
1617 2115 1660 2172 illi
1679 2115 1733 2172 soli
1753 2114 1866 2172 servies.
1901 2116 2071 2171 Gloriticatio
2094 2116 2164 2170 enim
2186 2129 2278 2170 nosua

627 2231 655 2278 et
677 2224 814 2277 servitirnn
836 2224 887 2293 ipsi
908 2224 960 2277 soli
981 2223 1104 2278 offertur.
2297 2235 2323 2275 ιε

732 2320 776 2384 Et
799 2331 873 2405 post
894 2343 1017 2406 pauca:
1042 2325 1097 2383 hr3
1117 2331 1219 2384 sanctis
1241 2348 1316 2399 vero,
1339 2331 1387 2401 qui
1409 2330 1435 2384 in
1458 2331 1544 2384 caelis
1566 2337 1637 2398 sunt,
1660 2338 1689 2384 et
1710 2329 1892 2384 invisibilibus
1908 2336 1937 2384 et
1951 2331 2119 2400 incorporeis
2134 2330 2279 2383 virtutibus

625 2447 721 2491 saneta
743 2438 871 2490 laudatur
892 2444 920 2491 et
940 2435 1110 2508 glorificatur
1130 2437 1238 2490 trinitas
1260 2438 1287 2490 in
1310 2437 1442 2508 singulari
1463 2438 1648 2491 dominatione
1671 2443 1699 2491 et
1721 2437 1834 2506 deitate,
1856 2437 1924 2490 siem
1947 2446 1974 2490 et
1989 2455 2058 2490 unus
2073 2438 2151 2490 Deus
2167 2455 2183 2489 a
2198 2436 2279 2490 linitis

625 2542 770 2598 confitetur
791 2552 818 2597 et
841 2560 896 2597 uon
918 2551 960 2596 est
981 2551 1092 2613 praeter
1113 2543 1199 2606 illum,
1222 2542 1271 2618 qni
1294 2541 1451 2598 destinetur
1474 2541 1503 2598 in
1526 2541 1627 2598 uirtute
1649 2562 1702 2598 suu
1725 2542 1755 2597 in
1778 2550 1932 2597 oeternum,

732 2640 776 2703 Et
798 2651 871 2724 post
894 2662 1017 2726 pauca:
1042 2645 1165 2720 Neque*
1181 2651 1252 2704 enim
1275 2650 1384 2703 divinae
1407 2650 1600 2703 dominationis
1622 2650 1828 2704 venerationem
1843 2649 1871 2702 in
1887 2650 2059 2704 confamulos
2075 2650 2278 2714 transferimus,

624 2775 716 2827 neque
745 2757 816 2810 euim
846 2757 1026 2828 imperatores
1055 2763 1103 2811 aut
1130 2756 1268 2827 principes
1296 2756 1324 2809 iu
1350 2765 1422 2809 terra
1451 2757 1597 2810 adorantes
1627 2756 1828 2810 similitudinem
1858 2764 1888 2810 ut
1915 2757 1951 2809 ad
1973 2757 2062 2809 Demn
2090 2757 2278 2810 adorationem
2297 2767 2326 2808 a·

624 2864 718 2918 facere
740 2863 879 2932 videmur3
908 2881 999 2934 nequae
1022 2863 1171 2935 imaginum
1193 2864 1338 2928 facturam,
1365 2881 1437 2932 quac
1468 2881 1518 2932 per
1544 2880 1654 2916 caeram
1682 2871 1711 2916 et
1732 2865 1839 2917 colores
1860 2864 2046 2934 designantur,
2067 2864 2094 2917 in
2116 2871 2280 2917 uansmuta·

624 2971 726 3025 tionem
749 2971 858 3024 divinae
881 2972 1065 3025 venerationis
1094 2970 1276 3040 suscepimus,
1310 2988 1401 3041 neque
1430 2971 1501 3024 euim
1531 2970 1695 3024 invisibilem
1723 2970 1853 3024 deitatem
1881 2970 2000 3041 imagine
2029 2979 2077 3023 aut
2103 2970 2280 3024 similitudine

624 3087 672 3132 aut
694 3077 790 3132 habitu
811 3087 858 3132 aut
881 3078 968 3131 fornia
991 3078 1086 3148 aliqua
1108 3078 1284 3149 designamus
1310 3106 1347 3114 -
1372 3077 1454 3130 etiam
1478 3094 1570 3147 ireque
1600 3077 1719 3147 ipsorum
1740 3078 1911 3148 angelomum,
1939 3077 2038 3147 quihus
2067 3077 2185 3130 eshtirnt
2207 3076 2280 3130 ordi·

624 3185 712 3254 uibus,
735 3193 783 3239 aut
804 3185 897 3239 sentiri
919 3186 965 3238 vel
988 3184 1146 3255 investigari
1168 3185 1227 3238 ullo
1249 3185 1331 3238 modo
1353 3193 1467 3254 possunt
1485 3213 1535 3252 -,
1550 3184 1598 3236 sed
1615 3184 1746 3253 quoniam
1760 3183 1917 3254 unigenitus
1934 3182 2015 3248 filius,
2036 3183 2084 3253 qui
2106 3191 2148 3237 est
2168 3184 2195 3236 in
2217 3183 2280 3237 sinn

624 3291 720 3362 patris,
742 3309 873 3346 revocans
895 3291 1033 3361 propriam
1056 3299 1209 3345 ereaturam
1232 3309 1249 3344 a
1272 3298 1359 3344 nrorte
1381 3291 1471 3344 indicii
1494 3289 1586 3344 bonae
1608 3290 1758 3344 voluntatis
1784 3290 1873 3360 patris
1901 3299 1929 3344 ct
1952 3288 2067 3359 Spiritus
2089 3290 2175 3343 sancti
2196 3290 2280 3343 homo
2299 3303 2328 3341 aa

624 3397 684 3452 fieri
706 3398 834 3469 diguatus
857 3408 907 3464 est,
929 3399 997 3452 sicut
1021 3398 1108 3469 iuquit
1130 3400 1282 3468 apostolus,
1309 3416 1359 3469 per
1387 3397 1476 3451 (aurinia
1509 3398 1603 3450 similis
1633 3397 1710 3451 nobis
1732 3396 1822 3450 factus
1844 3397 1949 3466 absque
1980 3405 2104 3466 peccato,
2131 3396 2280 3451 humanum

626 3505 685 3560 eius
706 3506 810 3559 vultum
833 3512 862 3559 et
883 3507 1031 3559 secundnm
1052 3522 1161 3558 cantem
1184 3505 1243 3559 eins
1265 3506 1413 3559 humanam
1434 3503 1637 3558 similitudinem
1660 3503 1778 3575 imagine
1801 3504 1976 3574 designantes
1998 3512 2025 3557 et
2046 3521 2101 3557 nmr
2127 3503 2281 3573 incompre-

627 3611 788 3666 hensibilem
810 3620 858 3666 aut
880 3611 1042 3665 invisibilem
1064 3612 1123 3665 eins
1144 3613 1276 3667 deitatem
1301 3613 1334 3664 et
1357 3615 1476 3664 cetera.

734 3714 842 3772 Simili5
863 3719 936 3772 enim
964 3719 1046 3772 modo
1073 3720 1221 3773 secuudum
1251 3736 1362 3772 carnem
1393 3718 1451 3771 eins
1473 3717 1703 3770 incontaminatae
1725 3718 1820 3770 matris
1842 3725 1953 3769 sanctae
1976 3716 2028 3769 lici
2058 3716 2197 3786 genitricis
2219 3717 2283 3786 ipso

626 3827 706 3880 inodo
730 3826 933 3879 similitudinem
954 3826 1180 3894 demonstrantes,
1211 3824 1351 3896 episomam,
1374 3824 1495 3877 rrrrrlieris
1524 3832 1623 3877 natura
1645 3824 1779 3877 existente
1802 3831 1831 3876 et
1851 3842 1906 3877 non
1927 3823 2018 3876 aliena
2040 3832 2149 3876 nostrae
2171 3841 2284 3878 massae
2303 3836 2335 3876 ω

626 3933 711 3998 facta,
738 3933 829 3986 Deum
860 3931 1024 3985 invisibilem
1054 3940 1081 3985 et
1103 3931 1194 3985 nrurria
1226 3949 1308 3985 suarm
1336 3931 1521 3985 coritinentem
1550 3931 1576 3984 in
1607 3948 1656 3983 sno
1686 3930 1812 3999 cotrcepit
1834 3938 1912 3983 utero
1935 3937 1962 3983 et
1982 3929 2078 3998 genirit
2100 3930 2285 3984 hrcarnatnln.

626 4039 735 4092 Etenim
757 4046 786 4092 ut
808 4039 917 4108 proprie
940 4047 969 4092 et
990 4056 1054 4092 vere
1077 4045 1191 4092 nanneni
1214 4038 1268 4091 llei
1291 4038 1349 4090 veri
1371 4056 1534 4092 veneramur
1562 4055 1624 4090 eam
1653 4044 1682 4091 et
1712 4035 1926 4107 magnificamus.
1972 4036 2088 4090 Sanctos
2114 4037 2185 4090 enim
2209 4055 2285 4090 mar·

627 4153 702 4216 tyren
724 4144 823 4199 Christi
847 4146 1043 4216 apostolosque
1067 4154 1095 4199 et
1116 4146 1266 4215 prophetas
1289 4146 1418 4198 miramur
1439 4153 1468 4198 et
1489 4143 1679 4199 beatificamus
1707 4151 1734 4196 et
1761 4145 1797 4196 ad
1819 4144 1977 4197 memoriam
1999 4143 2164 4197 fortitudinis
2185 4137 2285 4198 eonuu

627 4251 814 4306 similitudines
842 4253 990 4322 imaginum
1017 4252 1137 4322 ipsorum
1170 4252 1360 4321 (rescribimus,
1389 4269 1443 4304 uon
1464 4259 1494 4305 ut
1515 4251 1625 4305 divinae
1647 4258 1763 4304 annuae
1785 4250 1873 4303 socios
1900 4268 1947 4304 eos
1976 4250 2159 4314 aestimemus,
2187 4269 2286 4321 neque

628 4377 701 4430 quae
731 4358 847 4412 debetur
876 4358 971 4412 deitati
998 4359 1105 4428 gloriae
1135 4359 1247 4429 quidem
1277 4367 1304 4412 et
1331 4358 1471 4428 potestati,
1504 4358 1634 4411 honorem
1663 4366 1691 4410 et
1721 4358 1910 4411 adorationem
1932 4357 1986 4410 illis
2008 4357 2198 4426 impendimus,
2231 4361 2286 4412 sed
2306 4371 2338 4409 aa

628 4484 747 4520 amorem
771 4473 902 4530 nostrmn,
924 4483 1006 4535 quem
1028 4466 1054 4519 in
1077 4466 1141 4536 ipsis
1163 4466 1307 4529 babcnms,
1329 4483 1380 4534 per
1401 4465 1469 4518 haee
1492 4465 1699 4518 manifestamus
1721 4470 1749 4516 et
1771 4483 1814 4524 ca,
1836 4482 1909 4534 qliae
1930 4481 1981 4533 per
2002 4464 2123 4516 audibam
2145 4465 2288 4520 veraciter

627 4573 801 4642 credidimus,
821 4572 1004 4643 designamus.
1050 4573 1121 4626 Nam
1149 4581 1177 4627 et
1207 4573 1257 4643 ipsi
1285 4572 1372 4625 sancti
1394 4572 1449 4626 Dei
1475 4572 1503 4625 in
1525 4590 1606 4626 meurs
1634 4579 1662 4624 et
1691 4573 1778 4625 solvam
1802 4572 1891 4624 Deum
1914 4570 2071 4626 servitutem
2093 4577 2122 4623 et
2142 4570 2287 4640 glorifica-

629 4680 731 4734 tionem
754 4688 782 4732 et
804 4680 992 4734 adorationem
1015 4679 1191 4733 observantes
1218 4690 1247 4732 et
1274 4681 1310 4733 ad
1340 4679 1391 4732 hnc
1418 4696 1513 4733 omnes
1543 4687 1727 4731 convocantes
1748 4685 1833 4747 atque
1855 4678 1987 4731 docentes
2009 4695 2101 4731 eornm
2123 4677 2287 4732 effudenmt

627 4787 786 4857 sanguinem
808 4795 837 4841 et
859 4789 885 4841 in
908 4789 1024 4840 veritate
1047 4785 1226 4840 confessionis
1247 4804 1376 4839 cerronam
1398 4785 1491 4854 adepti
1514 4792 1584 4838 siunt.
1625 4785 1681 4838 lste
1703 4791 1746 4837 est
1767 4785 1863 4837 modus
1884 4785 1912 4837 in
1934 4784 2081 4854 imaginum
2102 4784 2229 4853 pisanis
2255 4796 2286 4840 et

627 4911 682 4947 uon
704 4894 773 4948 sicut
795 4893 924 4947 invisibili
946 4894 1041 4948 deitati
1063 4894 1090 4947 in
1113 4893 1209 4963 spiritu
1233 4903 1259 4946 et
1282 4893 1398 4946 veritate
1421 4892 1609 4946 adorationem
1632 4892 1795 4944 inmutamns
1817 4890 1844 4944 in
1859 4890 2023 4944 manufactis
2037 4889 2209 4961 irnaginibus,
2231 4894 2287 4946 sed
2306 4907 2340 4944 so

626 5000 769 5054 caritatem
797 5007 929 5070 nostram,
957 5019 1041 5070 quam
1067 5001 1136 5055 irrata
1160 5000 1293 5054 habemus
1314 5000 1350 5052 ad
1377 5017 1457 5052 veros
1486 5017 1580 5053 servos
1603 4999 1655 5053 Dei
1681 4998 1775 5065 nostri,
1802 4998 1851 5050 tali
1873 4998 1955 5050 modo
1982 4997 2173 5063 ostendentem
2203 5007 2231 5051 ct
2256 5000 2287 5053 in

627 5125 720 5161 cortun
744 5108 847 5160 lionore
868 5105 1036 5178 glorificatur
1056 5108 1142 5176 Deus,
1164 5107 1211 5178 <lui
1235 5105 1399 5176 glorificavit
1422 5125 1469 5160 eos
1492 5108 1525 5160 et
1548 5107 1667 5160 celera.

734 5203 773 5268 In
797 5205 924 5268 actione
950 5204 1088 5288 septima
1111 5203 1150 5267 de
1175 5204 1414 5290 significatione
1443 5203 1660 5268 adorationis:
1693 5206 1848 5265 Anosenoi
1876 5211 1967 5265 multis
1995 5210 2082 5263 modis
2109 5210 2288 5282 intelligitis.

628 5321 677 5374 Est
700 5321 771 5376 enim
793 5321 918 5375 adoratio
939 5321 1087 5374 secundnm
1108 5320 1238 5375 bonorem
1262 5332 1290 5376 et
1311 5341 1433 5376 nnrorcm
1456 5330 1483 5374 et
1506 5321 1642 5384 timorem,
1675 5319 1752 5373 sicuti
1785 5319 1934 5383 adorantur
1962 5317 2100 5387 principes
2122 5324 2150 5371 ct
2171 5317 2289 5374 illomm

739 5560 767 5644 1)
792 5569 838 5625 Sc.
857 5566 993 5646 Gregorii
1008 5568 1046 5625 H.
1064 5569 1142 5644 epist.
1159 5564 1218 5642 (de
1236 5569 1273 5626 E.
1290 5590 1318 5626 n.
1336 5564 1439 5644 2181),
1463 5569 1538 5624 cessele
1552 5587 1643 5641 snpra
1662 5587 1695 5642 p.
1713 5570 1775 5624 503
1791 5567 1809 5621 l.
1826 5568 1869 5625 27
1879 5585 1940 5640 sqq.
1957 5572 2091 5640 accepta
2107 5563 2292 5641 legebantur.
2312 5582 2345 5622 aa

631 5671 662 5748 2)
688 5671 827 5731 Germani
845 5675 1035 5749 patriarchae
1057 5675 1174 5750 epistola
1196 5677 1239 5732 ad
1260 5675 1414 5732 Iohannem
1440 5675 1632 5748 ripnudevssem
1658 5672 1815 5748 episcopum
1843 5671 1917 5728 inter
1939 5679 2005 5728 aeta
2028 5669 2139 5727 coracih'a'
2160 5670 2298 5733 Nieami

629 5789 685 5840 act.
709 5779 764 5836 IV.
789 5774 903 5854 (Menai
926 5780 1011 5852 XIII,
1032 5777 1099 5856 100)
1124 5782 1273 5840 irruenitur.
1351 5777 1381 5859 3)
1406 5781 1524 5838 Ibidem.
1602 5771 1633 5852 4)
1657 5778 1775 5836 Ibidem.
1849 5770 1880 5852 b)
1905 5776 2022 5834 Ibidem.
2092 5769 2123 5854 6)
2149 5777 2297 5853 Epistola

630 5885 740 5946 concilii
762 5885 885 5944 Menesi
906 5889 948 5944 ad
971 5887 1183 5946 (sirristantinnm
1208 5897 1234 5944 et
1257 5887 1385 5955 Irenem5
1418 5887 1517 5944 aterna·
1540 5886 1627 5957 XIII,
1652 5890 1722 5946 405.
