4884 6717
541 487 605 549 634
1008 493 1061 551 50.
1098 492 1318 552 CONCILIUM
1340 494 1568 552 PARISIENSE
1592 497 1629 552 A.
1651 494 1725 552 829.

540 679 583 745 ad
612 703 681 762 uos,
717 681 806 769 quod
839 683 873 746 in
904 680 1100 768 quibusdam
1129 683 1301 769 provintiis
1332 682 1480 770 plerique
1512 683 1656 769 episcopi
1687 691 1760 770 post
1790 683 2035 770 perceptionem
2066 680 2133 747 cibi
2162 694 2194 747 et

540 798 635 875 potus
659 787 881 875 sollempniter
903 788 1029 854 soleant
1051 811 1111 877 per
1133 790 1374 877 impositionem
1403 810 1558 854 manuum
1585 788 1715 854 tradere
1740 787 1897 875 Spiritum
1921 800 2078 870 sanctum,
2107 789 2194 876 quod

541 905 607 958 tarn
631 893 807 959 excellenti
829 895 1008 959 ministerio
1031 918 1165 982 prorsus
1187 919 1254 960 non
1278 896 1453 962 convenire
1485 907 1518 960 et
1547 896 1593 960 ita
1619 895 1775 983 deinceps
1798 896 1870 960 fieri
1892 918 1959 960 non
1981 894 2104 960 debere
2128 919 2194 960 om·

540 998 637 1064 nibus
661 999 755 1065 nobis
778 1002 885 1066 visum
909 1012 967 1083 est,
999 1002 1153 1089 quoniam
1184 1001 1340 1067 credibile
1372 1013 1422 1067 est
1450 1013 1483 1066 et
1506 1003 1681 1067 auctoritas
1706 1001 1866 1067 ecclesiae
1889 1004 1936 1067 ita
1958 1024 1993 1067 se
2017 1000 2127 1082 habet,
2159 1014 2195 1067 ut

409 1103 522 1197 *iffi*
541 1107 626 1171 sicut
648 1106 786 1195 apostoli
808 1109 979 1172 unanimes
1003 1109 1180 1173 existentes
1197 1109 1372 1196 Deumque
1396 1107 1629 1174 conlaudantes
1649 1121 1681 1173 et
1704 1106 1947 1190 benedicentes,
1973 1109 2019 1173 ita
2040 1110 2227 1173 nimirums

541 1214 725 1278 ieiunantes
744 1215 896 1301 accipere
912 1215 1091 1280 meruerint
1105 1214 1297 1301 paraclitum
1314 1215 1471 1302 Spiritum
1487 1226 1650 1298 sanctum3
1674 1236 1795 1302 eosque
1811 1215 1942 1279 nonnisi
1957 1215 2093 1296 ieiunos,
2110 1217 2195 1280 sicut

542 1341 654 1384 eorum
677 1331 751 1384 acta
774 1319 902 1403 docent,
932 1320 1005 1385 aliis
1037 1343 1112 1385 eum
1140 1320 1314 1386 tradidisse
1344 1321 1552 1387 manifestum
1582 1332 1640 1386 est.
1688 1320 1781 1387 Sicut
1805 1322 1892 1387 euim
1914 1319 2106 1409 baptismus,
2137 1344 2193 1386 ex-

542 1437 638 1512 cepta
667 1425 867 1491 infirmorum
898 1449 1007 1510 causa,
1038 1428 1169 1492 nonnisi
1192 1450 1212 1492 a
1235 1427 1352 1492 ieiunis
1382 1425 1568 1492 celebratur
1597 1426 1831 1510 sacerdotibus,
1861 1428 1909 1493 ita
1938 1429 2036 1493 etiam
2063 1427 2194 1492 traditio

541 1534 646 1597 sancti
670 1531 820 1619 Spiritus,
845 1545 985 1620 excepta
1007 1535 1188 1621 praemissa
1217 1555 1317 1598 causa
1345 1533 1557 1616 infirmorum,
1588 1516 1717 1600 nonnisi
1740 1557 1761 1599 a
1782 1535 1900 1599 ieiunis
1924 1532 2123 1600 celebranda
2145 1546 2195 1599 est

541 1638 759 1725 pontificibus.
798 1639 946 1726 Dignum
969 1642 1090 1727 quippe
1114 1651 1173 1722 est,
1197 1652 1234 1706 ut
1256 1640 1427 1727 pontifices
1451 1638 1573 1705 Christi
1596 1641 1735 1727 primum
1759 1640 1934 1706 ieiunando
1958 1651 1991 1705 et
2013 1640 2137 1706 orando
2160 1642 2194 1706 iu
2214 1664 2242 1703 io

542 1744 695 1811 cordibus
730 1747 797 1810 suis
832 1745 963 1811 domum
997 1757 1195 1834 praeparent
1226 1747 1362 1834 Spiritui
1391 1759 1504 1813 saneto
1533 1757 1565 1812 et
1596 1750 1643 1813 sic
1673 1768 1733 1834 per
1766 1748 2004 1835 impositionem
2040 1769 2195 1813 manuum

543 1853 660 1916 ceteris
683 1851 835 1919 fidelibus
859 1875 933 1917 eum
956 1853 1086 1918 tradant
1110 1854 1243 1919 orando.
1280 1852 1373 1919 Sicut
1392 1864 1500 1919 autem
1517 1852 1644 1919 duobus
1660 1852 1871 1940 temporibus,
1894 1853 2025 1919 Pascha
2040 1853 2195 1919 videlicet

542 1969 575 2023 et
597 1960 824 2038 Pentecosten,
847 1958 1056 2048 baptismum,
1080 1960 1126 2024 ita
1149 1961 1245 2024 etiam
1269 1959 1401 2025 traditio
1425 1961 1529 2025 sancti
1546 1959 1686 2048 Spiritus
1702 1982 1761 2047 per
1776 1960 2014 2047 impositionem
2038 1983 2195 2026 manuum

541 2064 693 2130 fidelibus
715 2064 872 2148 tradatur,
904 2068 1051 2153 exceptis
1081 2064 1246 2148 videlicet,
1277 2077 1312 2132 ut
1335 2066 1458 2132 dietum
1489 2077 1549 2149 est,
1579 2067 1714 2131 infirmis
1742 2076 1775 2131 et
1796 2077 1900 2132 morte
1923 2065 2194 2154 periclitantibus,

542 2171 660 2259 quibus
684 2173 768 2237 sicut
790 2171 993 2259 baptismatis
1016 2174 1121 2259 gratia
1137 2173 1403 2256 succurrendum,
1427 2174 1474 2238 ita
1488 2175 1715 2238 incunctanter
1731 2172 1851 2238 donum
1868 2174 1972 2239 sancti
1988 2172 2129 2260 Spiritus
2145 2186 2195 2239 est
2213 2195 2241 2236 is

542 2278 735 2344 tradendum
746 2285 767 2343 ¹.

650 2418 753 2507 Cap.
789 2420 972 2485 XXXIIII.
1031 2420 1162 2502 Quod
1195 2432 1477 2510 patratores
1512 2421 1816 2487 diversarum
1850 2422 2193 2509 pollutionum,

543 2549 656 2615 quas
695 2550 793 2591 cum
831 2526 1062 2593 masculis
1101 2539 1145 2592 et
1185 2528 1450 2616 pecoribus
1496 2528 1779 2613 admittunt,
1826 2528 2015 2594 iudicia
2054 2551 2194 2594 cano·

542 2635 671 2715 nico,
708 2633 829 2721 quod
860 2635 905 2698 in
934 2634 1261 2700 Auchiritano
1294 2636 1510 2701 concilio
1542 2634 1624 2701 sub
1654 2635 1803 2701 titulo
1834 2637 2000 2723 quinto
2031 2635 2194 2701 decimo

544 2741 846 2824 continetur,
882 2740 1137 2827 plectendi
1172 2743 1279 2807 sint.
1334 2742 1417 2808 Cum
1452 2744 1584 2807 miseria
1618 2742 1761 2807 humana
1794 2742 1979 2807 multifariis
2009 2742 2242 2830 frap'litatisso

544 2870 623 2913 suae
648 2846 838 2913 excessibus
863 2849 1018 2912 creatoris
1042 2850 1091 2912 sui
1115 2847 1404 2936 incomparabilem
1433 2848 1638 2914 dulcedinem
1668 2850 1857 2937 saepissime
1879 2850 1922 2914 ad
1945 2849 2194 2915 amaritudinem

543 2965 708 3041 provocet,
732 2965 809 3019 tunc
833 2956 966 3041 gravius
990 2955 1246 3042 sceleratiusqne
1269 2956 1303 3020 iu
1326 2977 1400 3020 eum
1425 2954 1594 3042 delinquit,
1619 2955 1750 3042 quando
1774 2967 1887 3020 contra
1901 2966 2052 3021 naturam
2067 2969 2193 3043 peccat.

542 3060 615 3126 Hoc
639 3062 759 3149 quippe
783 3073 954 3148 peccatum
977 3060 1080 3126 tribus
1104 3061 1208 3127 modis
1231 3061 1421 3144 Dominum,
1448 3073 1484 3126 ut
1506 3084 1560 3127 res
1583 3060 1742 3127 humanas
1766 3083 1880 3126 curare
1904 3061 2079 3144 videretur,
2103 3063 2194 3126 terri-

542 3167 651 3232 biliter
665 3167 850 3232 vindicasse
866 3168 1013 3255 legimus.
1049 3168 1139 3233 Inter
1154 3179 1264 3233 cetera
1281 3190 1422 3255 namque
1438 3178 1585 3255 peccata,
1606 3190 1669 3255 que
1689 3169 1723 3232 in
1739 3166 1875 3233 exordio
1892 3168 2066 3234 creationis
2082 3167 2195 3232 mundi

542 3295 646 3359 genus
669 3273 846 3338 humanum
869 3273 1154 3339 inretractabiliter
1175 3274 1368 3356 admiserat,
1399 3275 1460 3340 hoe
1484 3276 1626 3339 maxime
1650 3284 1803 3361 peceato,
1833 3284 1870 3339 ut
1900 3274 2033 3362 quidam
2062 3273 2195 3339 tradunt
2212 3295 2240 3337 aa

380 3410 524 3462 neaera.
543 3379 725 3461 doctores2',
750 3380 793 3445 ad
815 3382 1019 3446 iracundiam
1035 3392 1230 3468 provocatus
1246 3379 1369 3445 dixisse
1387 3381 1546 3446 ereditur:
1571 3382 1693 3446 Pem'tet
1714 3406 1762 3447 me
1784 3383 1938 3448 hominem
1955 3384 2078 3470 fecisse
2100 3406 2195 3470 super

543 3503 668 3552 terrum.
715 3487 800 3552 Nam
824 3499 856 3553 et
880 3487 921 3551 ob
945 3486 979 3552 id
1003 3487 1212 3575 cataclysmo,
1244 3488 1391 3575 exeeptis
1422 3499 1494 3553 octo
1522 3486 1703 3569 animabus,
1735 3499 1886 3553 cunctam
1908 3491 2038 3575 generis
2062 3488 2194 3553 humani

365 3617 523 3660 saissa-s.
542 3593 686 3658 funditus
710 3592 833 3659 delevit
855 3595 998 3681 stirpem.
1045 3593 1110 3659 Pro
1142 3616 1206 3680 quo
1237 3595 1336 3659 etiam
1367 3595 1490 3660 scelere
1521 3595 1598 3681 igne
1629 3594 1762 3659 caelesti
1790 3594 1987 3682 conflagrata
2010 3595 2193 3682 infernique

417 3704 523 3757 “db-¹⁹2
542 3699 632 3764 hiatu
661 3701 805 3787 quinque
836 3699 1009 3788 absorptae
1040 3712 1114 3765 sunt
1144 3701 1303 3783 civitates,
1334 3723 1461 3766 necnon
1492 3710 1525 3765 et
1554 3700 1794 3788 quadringenta
1817 3711 1850 3765 et
1872 3723 1911 3766 eo
1935 3700 2074 3789 amplius
2104 3700 2194 3767 milia

431 3760 443 3797 2
462 3771 473 3797 s
506 3790 513 3802 .

370 3761 523 3864 “dudldgb
542 3807 652 3893 stirpis
675 3806 928 3872 Beniaminaeae
952 3830 1105 3872 mucrone
1129 3807 1272 3872 fraterno
1297 3806 1446 3871 confossa
1469 3818 1553 3872 sunt
1588 3808 1682 3872 Haec
1705 3831 1801 3895 porro
1825 3807 1949 3873 indicia
1971 3820 2004 3874 et
2025 3808 2193 3874 evidentes
2212 3832 2240 3871 so

407 3867 487 3915 um
541 3913 686 3978 vindicte
703 3912 881 3995 declarant,
906 3937 1002 4001 quam
1019 3911 1212 3979 detestabile
1230 3925 1263 3978 et
1280 3912 1482 3978 exsecrabile
1499 3914 1587 4001 apud
1604 3914 1748 3979 divinam
1771 3915 1975 3980 maiestatem
1994 3915 2056 3980 hoc
2079 3916 2193 3982 vitium

371 4025 523 4128 0¹³3st
543 4030 642 4084 extet.
688 4019 727 4083 In
758 4019 830 4105 lege
854 4041 983 4107 quoque
1007 4019 1167 4086 Dominus
1198 4031 1365 4085 auctorem
1395 4020 1490 4085 huius
1514 4020 1647 4086 sceleris
1671 4034 1703 4086 et
1727 4021 1936 4108 turpitudinis
1959 4033 2061 4088 morte
2085 4023 2192 4109 puniri

387 4112 523 4183 300161·
542 4125 643 4208 iubet,
673 4139 705 4190 et
728 4127 892 4213 apostolus
923 4126 1058 4213 dignum
1082 4139 1185 4192 morte
1208 4126 1356 4192 adstruit.
1404 4126 1500 4207 Quod
1531 4128 1608 4214 quia
1637 4150 1724 4215 aqua
1754 4141 1786 4192 et
1809 4129 1967 4215 sangnine
1991 4141 2023 4194 et
2046 4130 2122 4214 igne
2145 4130 2192 4191 in·

542 4234 800 4320 praesentiarum
831 4233 872 4298 ad
902 4234 1135 4298 correctionem
1159 4233 1344 4298 mortalium
1369 4257 1388 4298 a
1411 4233 1554 4299 Domino
1586 4246 1713 4299 constat
1743 4257 1814 4299 esse
1838 4234 2051 4317 vindicatum,
2082 4245 2192 4315 restat,

365 4363 522 4413 damnas.
542 4351 578 4404 ut
601 4341 748 4428 quisquis
771 4342 852 4404 tanti
876 4340 1008 4405 sceleris
1032 4351 1229 4427 patratorem
1253 4363 1287 4405 se
1313 4362 1384 4405 esse
1408 4341 1565 4422 meminit,
1590 4340 1667 4406 dum
1691 4353 1819 4427 tempus
1836 4340 2041 4428 acceptabile
2058 4341 2192 4428 diesque
2212 4363 2240 4403 ss

542 4446 655 4511 salutis
691 4447 810 4527 existit,
846 4470 905 4534 per
940 4446 1178 4512 confessionem
1213 4458 1246 4511 et
1280 4448 1500 4534 paenitentiae
1536 4448 1792 4514 satisfactionem
1827 4446 1890 4513 sibi
1925 4447 2094 4513 consulere
2129 4471 2193 4512 non

365 4575 523 4626 iconum.
543 4553 682 4635 differat,
701 4553 881 4618 adtendens
897 4553 977 4618 illud
992 4552 1149 4640 apostoli:
1176 4554 1216 4619 Si
1230 4557 1433 4641 nosmetipsos
1451 4556 1674 4636 indicaremus,
1698 4582 1718 4620 a
1735 4555 1872 4620 Domino
1889 4579 1950 4620 noo
1966 4555 2190 4621 iudicabimur.

541 4660 666 4724 Verum
697 4661 723 4724 si
755 4660 826 4741 hoc,
857 4671 1033 4747 antequam
1064 4659 1150 4724 diem
1175 4659 1305 4725 claudat
1328 4673 1519 4743 extremum,
1543 4661 1651 4725 iacere
1677 4660 1918 4742 detrectaverit,
1949 4662 2085 4742 noverit,
2116 4662 2194 4748 quia

541 4790 605 4832 uon
630 4769 694 4831 iam
718 4766 916 4853 cataclysmo
939 4789 1001 4831 nec
1024 4769 1100 4852 igne
1125 4766 1259 4832 caelesti
1282 4789 1342 4834 uec
1365 4789 1520 4833 mucrone
1544 4766 1757 4851 israhelitico,
1789 4767 1848 4832 sed
1876 4769 1954 4854 igne
1977 4779 2135 4855 perpetuo
2158 4769 2192 4832 in

648 4967 779 5017 xxxul.
808 4968 980 5034 bDeumque
998 4968 1024 5017 V.
1080 4962 1224 5034 deosque]
1241 4967 1269 5018 id
1284 4969 1462 5034 estapoetolos.
1518 4962 1624 5032 lcum]
1640 4967 1692 5018 scil.
1710 4967 1841 5034 Spiritum
1857 4975 1990 5020 sanctum.
2041 4970 2073 5020 13
2089 4969 2191 5034 baptis·
2209 4985 2239 5024 to

540 5051 622 5122 mum]
640 5057 677 5107 ita
696 5056 724 5107 V.
744 5056 775 5106 Ρ.
846 5057 1019 5108 traditionem
1040 5057 1066 5107 V.
1086 5054 1117 5107 P.

648 5146 793 5196 XXXIIII.
824 5148 856 5197 19
876 5147 972 5212 quinto
992 5140 1109 5210 decimo]
1129 5146 1186 5196 XV.
1205 5163 1217 5196 e
1235 5163 1299 5196 corr.
1319 5145 1350 5196 P.
1441 5149 1474 5198 21
1495 5146 1657 5197 animalibus
1677 5147 1704 5209 1⁷,
1733 5144 1895 5197 animalibus
1914 5164 1978 5197 carr.
1997 5147 2140 5198 animabus
2159 5141 2190 5196 P.

541 5237 574 5286 28
595 5234 728 5286 deleverit
746 5235 773 5286 Γ.
794 5234 826 5286 P.
899 5234 1035 5286 caelestne
1056 5235 1083 5285 Γ.
1158 5233 1416 5286 stercorabitur!
1489 5238 1523 5287 35
1542 5237 1626 5286 tantis
1646 5235 1673 5285 1⁷.

650 5417 678 5484 1)
711 5415 760 5488 Cf.
785 5416 881 5474 concil.
908 5415 1124 5493 Mopuntinmsc
1146 5419 1206 5476 813
1237 5436 1260 5473 c.
1283 5420 1321 5484 4,·
1350 5435 1441 5492 supra
1467 5436 1498 5492 p.
1521 5420 1582 5476 261
1607 5436 1667 5473 cum
1691 5436 1760 5474 aun.
1777 5421 1887 5477 2—6.
1928 5417 1961 5474 V.
1986 5417 2067 5475 edam
2092 5417 2189 5475 mucii.

542 5521 771 5598 Aquisprunense
793 5527 855 5583 802
880 5521 940 5581 Oct.
966 5543 989 5579 c.
1008 5526 1055 5592 10,
1087 5522 1279 5598 episcoporum
1309 5523 1409 5580 relatio
1433 5522 1511 5580 circa
1532 5527 1596 5583 820
1619 5543 1642 5580 c.
1659 5527 1690 5593 2,
1721 5522 1856 5581 Haitonis
1879 5523 2003 5599 episcopi
2023 5523 2193 5581 Basilianis
2208 5543 2238 5583 rs

541 5627 665 5703 capitula
684 5631 859 5689 surr—823
878 5651 901 5686 c.
920 5633 956 5699 7,·
981 5627 1054 5688 ald.
1075 5627 1167 5705 Capit.
1184 5629 1209 5697 I,
1227 5632 1295 5689 106.
1313 5632 1374 5689 367
1377 5673 1383 5686 .
1400 5632 1468 5700 363,
1489 5629 1586 5687 concil.
1605 5630 1821 5708 illopantiaensc
1838 5633 1902 5690 847
1922 5650 1945 5687 c.
1961 5633 1990 5700 3,
2014 5629 2193 5688 Triduriease

540 5737 601 5793 895
627 5737 716 5803 012,
741 5735 900 5808 ll'alafridi
921 5736 1020 5793 librum
1045 5737 1080 5792 dc
1102 5735 1227 5792 exordiis
1254 5744 1280 5793 et
1301 5736 1478 5794 inmorientis
1500 5755 1558 5794 rer.
1584 5739 1647 5793 eccl.
1673 5756 1696 5794 c.
1712 5740 1772 5808 27‚·
1802 5739 1820 5794 l.
1841 5738 1858 5794 l.
1879 5736 1919 5808 II,
1937 5740 1998 5797 176
2008 5757 2051 5814 sq.
2074 5739 2136 5797 218
2147 5756 2190 5813 sq.

541 5843 601 5899 510
612 5860 669 5916 sq.,·
688 5850 843 5916 praeterea
865 5862 955 5918 supra
973 5863 1006 5918 p.
1025 5846 1083 5902 614
1096 5862 1137 5918 sq.
1163 5863 1201 5899 cc.
1220 5846 1250 5902 7.
1268 5847 1297 5902 8.
1390 5843 1420 5914 2)
1443 5843 1493 5900 Ad
1512 5863 1581 5920 quos
1604 5845 1723 5902 alliacum
1746 5844 1790 5914 sit,
1809 5844 1930 5916 srsutra
1953 5844 2088 5921 quaesiui.
