4884 6717
720 545 772 600 44.
808 543 1025 599 conclamat
1048 541 1277 598 PARISIENSE
1300 543 1337 598 Α.
1359 541 1433 600 825.
1839 539 1903 601 525

252 729 361 795 biliter
385 733 534 812 sentiant,
566 743 679 818 postea
702 730 862 796 disserere
887 730 993 812 liceat,
1024 729 1122 816 quod,
1154 731 1181 794 si
1212 741 1262 794 est
1292 731 1347 816 qui
1379 731 1545 816 suscipere
1575 732 1659 796 iusto
1682 731 1904 795 moderamine

252 838 341 917 velit,
373 837 502 903 salubre
534 840 622 903 omni
651 838 771 902 homini
804 860 875 902 esse
906 859 970 901 non
1001 835 1161 918 dubitant,
1198 836 1240 901 ad
1271 838 1547 923 comparationem
1577 848 1687 902 tamen
1717 839 1797 902 tanti
1828 837 1905 902 mali

254 946 390 1009 eandem
415 946 593 1030 imaginum
617 968 750 1009 cansam
773 968 832 1031 pro
857 942 956 1009 nihilo
981 953 1179 1030 computant,
1204 944 1231 1006 si
1255 966 1322 1030 pax
1345 943 1410 1024 illa,
1435 967 1519 1030 quae
1543 943 1586 1008 ad
1609 956 1775 1008 aeternam
1793 945 1904 1026 vitam,

253 1054 309 1139 qui
333 1065 383 1116 est
405 1052 469 1132 via,
493 1053 613 1116 veritas
637 1063 670 1116 et
692 1052 769 1132 vita,
794 1051 894 1132 ducit,
919 1049 961 1114 ad
985 1049 1122 1114 eandem
1145 1051 1233 1113 viam
1256 1051 1492 1137 veritatemque
1516 1049 1676 1137 perducta
1707 1052 2082 1122 nonfuerit.u.10s.u,s.

222 1186 235 1225 s
360 1158 403 1222 Et
426 1158 549 1222 ideirco
574 1169 710 1222 cunctus
734 1158 851 1223 chorus
875 1156 1079 1220 sacerdotum
1103 1179 1231 1220 necnon
1256 1169 1288 1220 et
1310 1158 1415 1221 omnis
1440 1171 1571 1221 senatus
1596 1159 1693 1222 totius
1717 1159 1824 1244 gentis
1847 1180 1906 1221 seu

254 1266 381 1350 imperii
398 1265 600 1328 Francorum
617 1275 649 1328 et
671 1266 826 1328 universa
841 1263 981 1328 ecclesia
997 1285 1056 1349 per
1072 1274 1171 1326 totam
1190 1261 1331 1327 Galliam
1356 1287 1429 1328 cum
1454 1265 1571 1328 ceteris
1595 1265 1774 1350 provinciis
1798 1264 1905 1329 eidem

253 1395 273 1434 a
288 1370 362 1435 Deo
386 1370 611 1435 conservando
635 1371 771 1457 imperio
796 1369 943 1450 subditis,
968 1369 1079 1434 audita
1102 1370 1190 1434 fama
1205 1369 1364 1434 delendae
1382 1369 1593 1435 dissensionis
1609 1372 1745 1436 fratrum
1762 1393 1903 1448 suorum,

254 1475 518 1541 inrevocabiliter
552 1476 726 1563 postulant,
762 1487 797 1540 ut
831 1477 921 1563 prius
955 1499 1015 1562 per
1048 1477 1140 1540 istius
1172 1489 1304 1541 sauctae
1335 1476 1422 1541 sedis
1452 1500 1471 1541 a
1502 1476 1574 1540 Deo
1610 1489 1837 1541 conservatam
1871 1478 1905 1541 in

254 1585 426 1670 futuroque
456 1606 560 1670 usque
591 1585 623 1647 in
654 1583 751 1647 finem
783 1582 913 1662 saeculi,
946 1583 1029 1647 sicut
1059 1584 1122 1669 ipsi
1152 1582 1376 1651 indubitanter
1405 1593 1438 1648 et
1468 1607 1527 1646 nos
1558 1605 1670 1648 omnes
1701 1605 1760 1670 per
1789 1584 1906 1648 merita

211 1718 236 1757 ιο
255 1690 472 1776 apostolorum
503 1690 705 1770 confidimus,
737 1688 996 1754 conservandam
1026 1691 1252 1754 auctoritatem
1284 1689 1363 1754 illud
1395 1711 1600 1776 summopere
1633 1712 1791 1776 quaerere
1815 1689 1903 1754 festi·

254 1820 378 1877 nemus,
403 1809 447 1878 ut,
472 1797 549 1883 quia
572 1808 703 1861 auctore
727 1796 801 1860 Deo
825 1795 906 1860 baec
931 1795 994 1859 duo
1019 1818 1121 1881 regna
1144 1797 1176 1858 in
1200 1808 1267 1860 toto
1291 1795 1369 1860 orbe
1393 1807 1551 1860 terrarum
1576 1796 1770 1883 principalia
1794 1810 1905 1861 mutua

255 1902 317 1967 sibi
333 1903 407 1968 Deo
430 1903 551 1989 placita
575 1905 710 1967 caritate
735 1902 890 1966 devincta
913 1914 997 1980 sunt,
1014 1901 1094 1967 illud
1110 1901 1232 1966 diaboli
1256 1902 1353 1966 telum
1371 1902 1413 1967 ab
1431 1903 1544 1967 eadem
1563 1903 1703 1968 ecelesia
1719 1903 1903 1990 dissipetur,

254 2025 289 2075 ut
313 2033 379 2096 pax
398 2010 473 2092 Dei,
498 2032 583 2096 quae
607 2022 766 2096 exuperat
789 2031 918 2073 omnem
941 2031 1082 2090 sensum,
1107 2010 1139 2072 iu
1164 2009 1278 2073 eadem
1303 2008 1402 2073 beata
1425 2009 1520 2095 plebe
1545 2010 1684 2095 pleniter
1706 2011 1902 2074 restituatur.
1922 2036 2077 2085 amausi.

362 2117 592 2182 vociferantur
622 2118 707 2180 enim
738 2117 772 2179 in
803 2114 930 2180 eaelum
960 2139 1024 2178 uuo
1055 2138 1110 2179 ore
1139 2128 1258 2180 etune
1283 2115 1380 2180 eorde
1406 2101 1635 2201 omnipotentis
1658 2116 1724 2180 Dei
1748 2116 1903 2180 iudicium

210 2250 235 2290 rs
254 2222 487 2288 inevitabiliter
509 2222 603 2288 nobis
627 2221 827 2301 incumbere,
852 2224 878 2285 si
903 2224 1095 2286 auctoritate
1121 2245 1317 2286 summorum
1341 2225 1375 2286 in
1399 2233 1465 2287 toto
1489 2222 1567 2287 orbe
1592 2238 1751 2288 terrarum
1776 2233 1903 2310 aposto·

253 2330 366 2413 lorum,
391 2353 527 2418 quorum
551 2331 707 2394 doctrinis
731 2341 764 2394 et
787 2328 920 2394 consilio
945 2331 1115 2393 universus
1138 2327 1279 2392 flectitur
1301 2329 1452 2410 mundus,
1477 2329 1671 2394 discordiam
1696 2340 1838 2394 vestram
1861 2328 1904 2393 ad

253 2461 365 2502 veram
395 2436 603 2502 concordiam
634 2460 698 2501 non
729 2449 890 2501 certamus
920 2436 1087 2499 reducere.
1134 2435 1259 2499 Dicunt
1282 2436 1390 2514 etiam,
1422 2435 1501 2522 quid
1529 2436 1632 2500 acturi
1657 2448 1750 2501 erant
1773 2435 1813 2500 de
1837 2448 1903 2501 tarn

252 2546 429 2631 praecipuo
459 2567 570 2609 coram
593 2544 666 2608 Deo
698 2546 817 2608 amisso
842 2543 965 2623 solatio,
997 2544 1024 2606 si
1048 2541 1129 2623 illos,
1161 2565 1242 2628 quos
1273 2554 1346 2628 post
1369 2543 1464 2606 buius
1489 2553 1621 2606 sanctae
1645 2542 1731 2606 sedis
1756 2544 1902 2607 immuta·

253 2650 351 2715 bilem
375 2652 545 2715 tuitionem
570 2700 576 2714 .
602 2700 609 2714 .
636 2700 661 2730 .,
690 2649 769 2714 illud
792 2652 824 2713 in
849 2661 914 2713 tam
939 2651 1114 2736 praecipue
1139 2650 1316 2713 carissimis
1340 2648 1493 2713 fratribus
1518 2648 1666 2712 solatium
1691 2648 1902 2735 perdiderint,

207 2784 234 2823 so
253 2761 305 2822 eui
336 2758 439 2822 simile
472 2760 505 2820 in
536 2759 688 2821 universa
718 2756 857 2821 ecclesia
887 2756 1008 2820 nullum
1039 2754 1232 2820 habebunt?
1286 2755 1321 2820 Si
1352 2756 1437 2818 enirn
1468 2777 1542 2819 cum
1573 2755 1635 2819 illis
1664 2778 1777 2819 veram
1804 2755 1903 2820 fidem

253 2867 478 2950 integrumque
503 2865 647 2928 caritatis
672 2863 819 2927 ardorem
844 2885 909 2927 uon
934 2864 1146 2942 servaverint,
1179 2861 1258 2948 quid
1281 2863 1314 2925 in
1339 2860 1458 2925 iudicio
1483 2861 1616 2926 Domini
1639 2873 1730 2927 tanta
1752 2861 1903 2947 neglecta

253 2973 386 3036 caritate
419 2987 450 3035 et
480 2973 513 3035 in
544 2973 674 3035 nomine
699 2970 833 3034 Domini
865 2971 1043 3034 certissime
1068 2970 1258 3033 confirmata
1280 2968 1509 3052 neglexerint?
1556 2967 1623 3033 Sed
1646 2990 1705 3032 nos
1729 2967 1902 3032 diuturnae

252 3077 382 3143 lectioni
408 3090 581 3165 vestroque
606 3077 736 3142 fastidio
759 3078 794 3141 in
817 3076 955 3162 legendo
979 3086 1161 3161 parcentes,
1192 3074 1248 3138 ubi
1281 3085 1371 3137 tanta
1401 3072 1442 3137 ab
1467 3075 1514 3137 eis
1543 3074 1677 3138 caritate
1700 3085 1836 3160 urgente
1861 3074 1901 3139 de

253 3185 325 3249 Deo
350 3185 471 3271 placita
494 3197 606 3249 mutua
629 3184 802 3249 dilectione
827 3192 936 3246 vestra
959 3182 1127 3269 plorando,
1158 3184 1255 3245 immo
1280 3181 1420 3265 lugendo
1452 3181 1620 3267 conquesti
1645 3192 1728 3262 suut,
1760 3203 1844 3267 quae
1868 3182 1902 3245 in

206 3316 233 3356 ss
252 3316 349 3356 unum
375 3292 483 3378 colligi
507 3291 639 3355 difficile
663 3303 807 3377 possunt,
839 3290 975 3370 omissis,
1007 3287 1048 3352 ad
1079 3287 1216 3352 eandem
1241 3289 1357 3352 seriem
1389 3287 1617 3367 detexendam,
1647 3309 1744 3373 quam
1773 3289 1836 3374 ipsi
1860 3287 1901 3352 de

252 3400 428 3485 imaginum
454 3397 622 3462 reddenda
645 3399 769 3462 ratione
794 3395 1045 3482 spoponderant,
1071 3394 1253 3458 redeamus.

359 3507 461 3570 Aiunt
483 3507 585 3569 enirn:
611 3507 761 3570 ‘Oramus
786 3526 875 3588 ergo,
902 3503 1104 3567 sanctissime
1129 3515 1226 3587 atque
1250 3500 1436 3565 beatissime
1460 3500 1619 3586 pontifex,
1642 3511 1679 3565 ut
1702 3499 1795 3564 nobis
1820 3502 1901 3566 anti·

251 3636 388 3699 quorum
413 3627 539 3700 patrum
564 3623 747 3676 nostrorum
770 3609 831 3674 hac
856 3609 896 3674 de
921 3631 1020 3673 eausa
1044 3609 1130 3672 vitae
1155 3631 1286 3672 cursum
1311 3609 1447 3671 recitare
1479 3607 1576 3671 liceat
1606 3606 1775 3693 simulque,
1806 3618 1902 3694 prout

251 3721 384 3784 rationis
415 3719 494 3784 ordo
525 3719 720 3805 poposcerit,
757 3740 871 3780 sensus
901 3717 952 3780 sui
982 3716 1134 3780 affectum
1164 3716 1198 3778 in
1229 3714 1290 3778 hae
1322 3713 1491 3778 dumtaxat
1521 3737 1566 3795 re,
1601 3737 1659 3779 cur
1690 3715 1735 3777 ita
1768 3714 1820 3778 vel
1856 3715 1902 3778 ita

207 3855 233 3894 so
251 3829 422 3904 tenuerint,
447 3824 670 3890 interserendo
687 3823 875 3910 adiungere.
912 3822 981 3886 Nee
997 3820 1091 3886 vobis
1107 3820 1251 3886 taedium
1277 3820 1343 3903 liat,
1368 3821 1394 3884 si
1418 3819 1461 3883 ad
1484 3819 1720 3884 ostendendam
1743 3822 1901 3885 rationem

251 3936 397 3999 veritatis
427 3935 663 4018 veritatemque
694 3933 827 3995 rationis
859 3952 929 3994 sese
960 3928 1056 4015 paulo
1080 3927 1207 4014 longius
1239 3949 1345 3991 sermo
1375 3928 1582 4013 protraxerit,
1613 3925 1788 3991 dummodo
1814 3926 1902 3992 linea

251 4043 406 4122 veritatis,
432 4063 515 4127 quae
540 4038 581 4103 ab
605 4039 746 4125 antiquis
769 4036 916 4123 patribus
939 4037 1056 4100 nostris
1080 4058 1182 4121 usque
1207 4033 1249 4098 ad
1274 4058 1331 4098 uos
1356 4032 1579 4097 inflexibiliter
1602 4033 1701 4097 dueta
1720 4045 1780 4115 est,
1804 4032 1901 4098 beato

251 4150 412 4237 Dyonisio
436 4148 571 4226 seilicet,
596 4147 651 4233 qui
676 4168 695 4209 a
719 4157 832 4209 sancto
857 4143 1035 4220 Clemente,
1059 4141 1147 4206 beati
1164 4142 1253 4205 Petri
1278 4139 1415 4227 apostoli
1440 4142 1472 4204 in
1497 4139 1679 4226 apostolatu
1702 4142 1807 4226 primo
1831 4142 1901 4205 eius

251 4278 451 4337 successore,
475 4256 584 4319 extitit
606 4256 639 4317 in
664 4251 788 4316 Gallias
820 4274 893 4314 eum
924 4249 1123 4314 duodenario
1154 4270 1287 4312 numero
1318 4249 1442 4333 primus
1472 4246 1679 4333 praedicator
1703 4245 1845 4312 directus
1869 4258 1902 4312 et

206 4389 233 4429 ss
252 4377 325 4450 post
347 4361 480 4448 aliquod
503 4374 631 4446 tempus
662 4382 727 4423 una
756 4381 829 4423 cum
861 4358 957 4420 sociis
986 4357 1052 4419 suis
1076 4355 1138 4419 buc
1163 4353 1304 4439 illucque
1328 4352 1580 4439 praedicationis
1604 4354 1710 4438 gratia
1732 4376 1791 4440 per
1814 4353 1900 4418 idem

252 4493 388 4556 regnum
411 4469 566 4556 dispersis
591 4467 744 4552 martyrio
769 4475 941 4528 coronatus
966 4475 1023 4526 est.
1064 4462 1106 4526 Et
1130 4484 1327 4548 quamquam
1352 4459 1461 4547 plures
1486 4461 1637 4542 existant,
1662 4460 1794 4545 quidam
1819 4484 1900 4524 mar·

251 4593 356 4665 tyres,
397 4575 530 4663 quidam
566 4575 663 4638 etiam
699 4571 911 4649 confessores,
954 4593 1090 4655 quorum
1125 4570 1257 4650 merita,
1300 4567 1410 4653 qualia
1444 4566 1531 4652 apud
1566 4566 1672 4631 Deum
1709 4566 1900 4648 habeantur,

251 4687 400 4773 quamvis
425 4682 596 4748 cotidianis
620 4677 783 4744 miraculis
807 4688 988 4754 coruscent,
1013 4678 1068 4762 qui
1093 4687 1200 4740 tamen
1225 4688 1359 4761 propter
1381 4673 1615 4758 longitudinem
1632 4684 1791 4737 terrarum
1807 4673 1901 4739 vobis

250 4793 356 4857 minus
373 4790 494 4875 cogniti
518 4789 655 4852 fortasse
672 4787 825 4862 existunt,
841 4784 1053 4847 intermittere
1070 4804 1251 4868 possumus,
1269 4792 1415 4845 sanctum
1431 4792 1539 4843 tamen
1554 4779 1715 4843 Hilarium
1732 4782 1900 4867 antiquum

205 4923 233 4961 so
251 4898 509 4963 ecclesiasticum
533 4895 698 4959 doctorem
722 4914 849 4956 necnon
873 4901 905 4953 et
928 4888 1059 4953 beatum
1075 4888 1250 4952 llnrtinum
1266 4901 1333 4952 toto
1351 4886 1429 4951 orbe
1446 4885 1669 4951 venerandum
1685 4886 1778 4950 vobis
1803 4889 1900 4950 notis·

251 5006 349 5069 simns
373 5025 444 5067 esse
468 5003 601 5067 minime
625 4999 811 5065 dubitantes
835 4996 876 5060 ad
901 4997 1090 5060 memoriam
1108 4993 1264 5059 reducere
1281 4995 1502 5058 necessarium
1518 4994 1739 5074 aestimamus,
1764 5016 1900 5078 quorum

251 5113 338 5175 vitae
361 5109 548 5194 magisterio
573 5106 681 5171 edocti
704 5107 785 5170 haee
816 5105 862 5167 ita
892 5102 1033 5168 tenenda
1057 5113 1153 5189 atque
1178 5101 1340 5164 servanda
1364 5101 1576 5185 suscepimus.
1624 5099 1689 5164 Sed
1714 5101 1790 5185 quia
1812 5098 1899 5186 apud

250 5241 310 5281 nos
333 5217 385 5280 vel
409 5217 549 5280 maiores
572 5225 709 5291 nostros,
742 5235 783 5275 ex
808 5235 872 5298 quo
896 5210 961 5275 ulla
985 5231 1140 5296 praesens
1164 5220 1254 5272 aetas
1278 5206 1443 5271 recordari
1468 5217 1584 5293 potest,
1616 5228 1791 5292 numquam
1816 5207 1900 5271 eius·

251 5324 338 5388 modi
369 5324 516 5409 quaestio
546 5333 634 5385 mota
664 5320 716 5384 vel
747 5318 904 5383 ventilata
933 5317 1003 5396 fuit,
1037 5316 1111 5380 ideo
1143 5338 1272 5401 semper
1301 5314 1375 5378 talis
1406 5312 1525 5377 exinde
1557 5334 1626 5376 mos
1658 5334 1700 5375 ex
1723 5312 1900 5398 praedictis

205 5459 233 5498 as
251 5431 392 5518 antiquis
416 5427 617 5515 temporibus
642 5439 785 5491 retentus
809 5428 842 5490 in
866 5426 1019 5489 universa
1043 5424 1134 5487 istius
1160 5423 1253 5506 regni
1278 5419 1418 5484 ecclesia
1448 5421 1564 5499 extitit,
1596 5431 1630 5484 ut
1660 5417 1777 5500 nullus,
1809 5442 1847 5484 ac
1872 5422 1899 5484 si

251 5561 293 5603 ex
317 5538 507 5602 auctoritate
532 5534 677 5599 eiusdem
702 5547 834 5597 sanctae
858 5533 923 5596 Dei
948 5530 1105 5595 ecclesiae
1130 5527 1267 5605 iuberet,
1292 5526 1397 5592 nullus
1422 5527 1615 5612 cuicumque
1645 5526 1819 5610 imaginem
1844 5549 1898 5590 vo·

360 5709 370 5754 l
392 5698 477 5769 quod]
488 5702 540 5752 scil.
555 5701 702 5758 disserere;
715 5701 738 5749 si
751 5725 786 5732 -
800 5697 867 5749 velit
880 5697 999 5760 irrtelliqe:
1013 5699 1035 5745 si
1051 5695 1131 5746 ruodo
1146 5695 1206 5758 quis
1220 5701 1269 5753 est,
1283 5694 1327 5742 nui
1342 5694 1413 5741 iusto
1427 5692 1611 5741 moderamine
1625 5691 1775 5742 disserendi
1789 5708 1898 5757 oporam

250 5796 388 5859 suscipere
408 5791 482 5842 velit·
556 5784 749 5852 Rimassinum]
770 5805 799 5837 er
818 5789 997 5852 imaginarum
1016 5784 1133 5835 cornel.
1154 5801 1220 5833 mon.
1241 5781 1270 5831 P.
1344 5775 1435 5846 tqui}
1454 5780 1556 5845 supple:
1577 5779 1707 5831 Christus.
1784 5784 1816 5831 10
1835 5796 1898 5831 auc·

251 5875 405 5934 toritateP.
454 5883 486 5931 19
499 5875 651 5941 tuitionem]
664 5877 943 5928 serrsoslriarecirlatnr.
993 5878 1026 5926 20
1039 5869 1095 5938 eui]
1109 5875 1155 5939 qui
1168 5872 1197 5922 P.
1248 5875 1281 5922 23
1294 5865 1415 5933 fastidio]
1428 5871 1538 5934 lastigie
1549 5868 1580 5919 P.
1636 5864 1898 5935 24qusalintellipe:

206 5984 233 6023 so
251 5975 290 6023 eis
309 5988 388 6037 quae.
461 5972 494 6021 33
514 5971 614 6035 primus
633 5993 667 6001 -
687 5982 831 6016 successor
851 5965 880 6018 P.
954 5959 1194 6029 38quilquia1'.
1268 5963 1302 6010 39
1321 5961 1497 6010 intermittere
1516 5953 1669 6025 possumus]
1688 5959 1848 6010 intermissis
1867 5958 1898 6009 P.
