<?xml version="1.0" encoding="UTF-8"?>
<!DOCTYPE html PUBLIC "-//W3C//DTD XHTML 1.0 Transitional//EN"
    "http://www.w3.org/TR/xhtml1/DTD/xhtml1-transitional.dtd">
<html xmlns="http://www.w3.org/1999/xhtml" xml:lang="en" lang="en">
 <head>
  <title>
</title>
<meta http-equiv="Content-Type" content="text/html;charset=utf-8" />
  <meta name='ocr-system' content='tesseract 3.04.00' />
  <meta name='ocr-capabilities' content='ocr_page ocr_carea ocr_par ocr_line ocrx_word'/>
</head>
<body>
  <div class='ocr_page' id='page_1' title='image "./monumentagerman02gescgoog/monumentagerman02gescgoog_0294.png"; bbox 0 0 4884 6717; ppageno 0'>
   <div class='ocr_carea' id='block_1_1' title="bbox 532 513 1764 583">
    <p class='ocr_par' dir='ltr' id='par_1_1' title="bbox 532 513 1764 583">
     <span class='ocr_line' id='line_1_1' title="bbox 532 513 1764 583; baseline -0.002 -8"><span class='ocrx_word' id='word_1_1' title='bbox 532 513 594 576; x_wconf 80' lang='grc'><strong>706</strong></span> <span class='ocrx_word' id='word_1_2' title='bbox 947 519 999 574; x_wconf 84' lang='grc'><strong>56.</strong></span> <span class='ocrx_word' id='word_1_3' title='bbox 1036 517 1256 576; x_wconf 78' lang='lat' dir='ltr'><strong>CONOILIUM</strong></span> <span class='ocrx_word' id='word_1_4' title='bbox 1278 517 1607 583; x_wconf 84' lang='lat' dir='ltr'><strong>AQUISGRANENSE</strong></span> <span class='ocrx_word' id='word_1_5' title='bbox 1632 517 1668 572; x_wconf 81' lang='grc' dir='ltr'><strong>Α.</strong></span> <span class='ocrx_word' id='word_1_6' title='bbox 1689 517 1764 573; x_wconf 84' lang='grc'><strong>836.</strong></span> 
     </span>
    </p>
   </div>
   <div class='ocr_carea' id='block_1_2' title="bbox 529 704 2229 4202">
    <p class='ocr_par' dir='ltr' id='par_1_2' title="bbox 529 704 2181 1005">
     <span class='ocr_line' id='line_1_2' title="bbox 530 704 2181 789; baseline -0.001 -20"><span class='ocrx_word' id='word_1_7' title='bbox 530 705 735 770; x_wconf 84' lang='lat' dir='ltr'><strong>suetudinem</strong></span> <span class='ocrx_word' id='word_1_8' title='bbox 758 705 965 788; x_wconf 81' lang='lat' dir='ltr'><strong>beatissimae</strong></span> <span class='ocrx_word' id='word_1_9' title='bbox 989 705 1164 769; x_wconf 83' lang='lat' dir='ltr'>memoriae</span> <span class='ocrx_word' id='word_1_10' title='bbox 1189 705 1345 789; x_wconf 81' lang='lat' dir='ltr'><strong>genitoris</strong></span> <span class='ocrx_word' id='word_1_11' title='bbox 1368 706 1478 784; x_wconf 88' lang='lat' dir='ltr'><strong>vestri,</strong></span> <span class='ocrx_word' id='word_1_12' title='bbox 1495 716 1531 768; x_wconf 89' lang='lat' dir='ltr'><strong>ut</strong></span> <span class='ocrx_word' id='word_1_13' title='bbox 1545 727 1705 768; x_wconf 82' lang='lat' dir='ltr'>memores</span> <span class='ocrx_word' id='word_1_14' title='bbox 1721 705 1891 768; x_wconf 87' lang='lat' dir='ltr'><strong>ministerii</strong></span> <span class='ocrx_word' id='word_1_15' title='bbox 1907 705 2008 768; x_wconf 84' lang='lat' dir='ltr'>nostri</span> <span class='ocrx_word' id='word_1_16' title='bbox 2026 704 2181 767; x_wconf 90' lang='lat' dir='ltr'><strong>divinitus</strong></span> 
     </span>
     <span class='ocr_line' id='line_1_3' title="bbox 529 809 2181 898; baseline -0.001 -22"><span class='ocrx_word' id='word_1_17' title='bbox 529 812 624 876; x_wconf 87' lang='lat' dir='ltr'><strong>nobis</strong></span> <span class='ocrx_word' id='word_1_18' title='bbox 648 811 724 876; x_wconf 86' lang='lat' dir='ltr'><strong>licet</strong></span> <span class='ocrx_word' id='word_1_19' title='bbox 748 812 890 897; x_wconf 84' lang='lat' dir='ltr'><strong>indignis</strong></span> <span class='ocrx_word' id='word_1_20' title='bbox 916 811 1036 875; x_wconf 88' lang='lat' dir='ltr'><strong>conlati</strong></span> <span class='ocrx_word' id='word_1_21' title='bbox 1058 834 1117 898; x_wconf 88' lang='lat' dir='ltr'><strong>pro</strong></span> <span class='ocrx_word' id='word_1_22' title='bbox 1141 809 1272 875; x_wconf 90' lang='lat' dir='ltr'><strong>modulo</strong></span> <span class='ocrx_word' id='word_1_23' title='bbox 1297 811 1518 897; x_wconf 89' lang='lat' dir='ltr'><strong>possibilitatis</strong></span> <span class='ocrx_word' id='word_1_24' title='bbox 1542 811 1651 875; x_wconf 88' lang='lat' dir='ltr'><strong>officio</strong></span> <span class='ocrx_word' id='word_1_25' title='bbox 1675 810 1868 875; x_wconf 87' lang='lat' dir='ltr'><strong>sacerdotali</strong></span> <span class='ocrx_word' id='word_1_26' title='bbox 1886 809 2064 874; x_wconf 87' lang='lat' dir='ltr'><strong>secundum</strong></span> <span class='ocrx_word' id='word_1_27' title='bbox 2080 810 2181 874; x_wconf 91' lang='lat' dir='ltr'><strong>omni·</strong></span> 
     </span>
     <span class='ocr_line' id='line_1_4' title="bbox 529 917 1479 1005; baseline -0.003 -22"><span class='ocrx_word' id='word_1_28' title='bbox 529 920 670 1005; x_wconf 90' lang='lat' dir='ltr'><strong>potentis</strong></span> <span class='ocrx_word' id='word_1_29' title='bbox 693 919 758 983; x_wconf 91' lang='lat' dir='ltr'><strong>Dei</strong></span> <span class='ocrx_word' id='word_1_30' title='bbox 783 917 982 982; x_wconf 87' lang='lat' dir='ltr'><strong>voluntatem</strong></span> <span class='ocrx_word' id='word_1_31' title='bbox 1007 940 1139 1003; x_wconf 84' lang='lat' dir='ltr'><strong>operam</strong></span> <span class='ocrx_word' id='word_1_32' title='bbox 1164 917 1243 981; x_wconf 86' lang='lat' dir='ltr'><strong>dare</strong></span> <span class='ocrx_word' id='word_1_33' title='bbox 1267 918 1479 981; x_wconf 89' lang='lat' dir='ltr'><strong>studeremus.</strong></span> 
     </span>
    </p>

    <p class='ocr_par' dir='ltr' id='par_1_3' title="bbox 530 1022 2229 4202">
     <span class='ocr_line' id='line_1_5' title="bbox 637 1022 2181 1110; baseline -0.001 -21"><span class='ocrx_word' id='word_1_34' title='bbox 637 1025 804 1089; x_wconf 86' lang='lat' dir='ltr'><strong>Revolutis</strong></span> <span class='ocrx_word' id='word_1_35' title='bbox 831 1025 929 1109; x_wconf 84' lang='lat' dir='ltr'><strong>igitur</strong></span> <span class='ocrx_word' id='word_1_36' title='bbox 952 1046 972 1087; x_wconf 87' lang='lat' dir='ltr'><strong>a</strong></span> <span class='ocrx_word' id='word_1_37' title='bbox 994 1034 1105 1088; x_wconf 88' lang='lat' dir='ltr'><strong>vestra</strong></span> <span class='ocrx_word' id='word_1_38' title='bbox 1128 1023 1222 1088; x_wconf 93' lang='lat' dir='ltr'><strong>nobis</strong></span> <span class='ocrx_word' id='word_1_39' title='bbox 1252 1023 1487 1110; x_wconf 85' lang='lat' dir='ltr'><strong>benignissima</strong></span> <span class='ocrx_word' id='word_1_40' title='bbox 1517 1023 1690 1087; x_wconf 87' lang='lat' dir='ltr'><strong>devotione</strong></span> <span class='ocrx_word' id='word_1_41' title='bbox 1721 1023 1856 1088; x_wconf 89' lang='lat' dir='ltr'><strong>conlatis</strong></span> <span class='ocrx_word' id='word_1_42' title='bbox 1886 1022 1989 1087; x_wconf 90' lang='lat' dir='ltr'><strong>tribus</strong></span> <span class='ocrx_word' id='word_1_43' title='bbox 2020 1023 2181 1110; x_wconf 88' lang='lat' dir='ltr'><strong>capitulis,</strong></span> 
     </span>
     <span class='ocr_line' id='line_1_6' title="bbox 530 1129 2214 1218; baseline 0.001 -22"><span class='ocrx_word' id='word_1_44' title='bbox 530 1132 563 1196; x_wconf 82' lang='lat' dir='ltr'><strong>id</strong></span> <span class='ocrx_word' id='word_1_45' title='bbox 588 1145 638 1196; x_wconf 91' lang='lat' dir='ltr'><strong>est</strong></span> <span class='ocrx_word' id='word_1_46' title='bbox 660 1145 695 1195; x_wconf 92' lang='lat' dir='ltr'><strong>ut</strong></span> <span class='ocrx_word' id='word_1_47' title='bbox 717 1131 925 1211; x_wconf 73' lang='lat' dir='ltr'><strong>ventilentur,</strong></span> <span class='ocrx_word' id='word_1_48' title='bbox 949 1133 1038 1194; x_wconf 89' lang='lat' dir='ltr'><strong>sine¹</strong></span> <span class='ocrx_word' id='word_1_49' title='bbox 1062 1155 1126 1218; x_wconf 93' lang='lat' dir='ltr'><strong>qno</strong></span> <span class='ocrx_word' id='word_1_50' title='bbox 1143 1132 1288 1217; x_wconf 77' lang='lat' dir='ltr'><strong>episcopi</strong></span> <span class='ocrx_word' id='word_1_51' title='bbox 1305 1129 1488 1217; x_wconf 80' lang='lat' dir='ltr'><strong>episcopale</strong></span> <span class='ocrx_word' id='word_1_52' title='bbox 1506 1131 1719 1194; x_wconf 88' lang='lat' dir='ltr'><strong>ministerium</strong></span> <span class='ocrx_word' id='word_1_53' title='bbox 1736 1129 1859 1216; x_wconf 88' lang='lat' dir='ltr'><strong>absque</strong></span> <span class='ocrx_word' id='word_1_54' title='bbox 1876 1129 2054 1194; x_wconf 81' lang='lat' dir='ltr'><strong>offensione</strong></span> <span class='ocrx_word' id='word_1_55' title='bbox 2071 1129 2183 1194; x_wconf 89' lang='lat' dir='ltr'><strong>divina</strong></span> <span class='ocrx_word' id='word_1_56' title='bbox 2201 1159 2214 1198; x_wconf 81' lang='lat' dir='ltr'><strong>s</strong></span> 
     </span>
     <span class='ocr_line' id='line_1_7' title="bbox 530 1237 2183 1325; baseline -0.002 -21"><span class='ocrx_word' id='word_1_57' title='bbox 530 1238 595 1304; x_wconf 92' lang='lat' dir='ltr'><strong>ullo</strong></span> <span class='ocrx_word' id='word_1_58' title='bbox 619 1239 715 1304; x_wconf 92' lang='lat' dir='ltr'><strong>modo</strong></span> <span class='ocrx_word' id='word_1_59' title='bbox 739 1239 896 1325; x_wconf 86' lang='lat' dir='ltr'><strong>perficere</strong></span> <span class='ocrx_word' id='word_1_60' title='bbox 920 1260 984 1302; x_wconf 89' lang='lat' dir='ltr'><strong>non</strong></span> <span class='ocrx_word' id='word_1_61' title='bbox 1008 1248 1153 1324; x_wconf 88' lang='lat' dir='ltr'><strong>possunt,</strong></span> <span class='ocrx_word' id='word_1_62' title='bbox 1178 1244 1255 1302; x_wconf 73' lang='lat' dir='ltr'><strong>aut2</strong></span> <span class='ocrx_word' id='word_1_63' title='bbox 1279 1237 1357 1324; x_wconf 88' lang='lat' dir='ltr'><strong>quid</strong></span> <span class='ocrx_word' id='word_1_64' title='bbox 1379 1259 1643 1323; x_wconf 89' lang='lat' dir='ltr'><strong>unumquemque</strong></span> <span class='ocrx_word' id='word_1_65' title='bbox 1668 1237 1893 1322; x_wconf 87' lang='lat' dir='ltr'><strong>episcoporum</strong></span> <span class='ocrx_word' id='word_1_66' title='bbox 1921 1238 2004 1300; x_wconf 91' lang='lat' dir='ltr'><strong>scire</strong></span> <span class='ocrx_word' id='word_1_67' title='bbox 2036 1248 2183 1322; x_wconf 88' lang='lat' dir='ltr'><strong>oporteat</strong></span> 
     </span>
     <span class='ocr_line' id='line_1_8' title="bbox 530 1342 2183 1432; baseline -0.002 -22"><span class='ocrx_word' id='word_1_68' title='bbox 530 1357 628 1432; x_wconf 83' lang='lat' dir='ltr'><strong>atque</strong></span> <span class='ocrx_word' id='word_1_69' title='bbox 652 1344 787 1432; x_wconf 90' lang='lat' dir='ltr'><strong>implere</strong></span> <span class='ocrx_word' id='word_1_70' title='bbox 811 1367 871 1408; x_wconf 88' lang='lat' dir='ltr'><strong>neo</strong></span> <span class='ocrx_word' id='word_1_71' title='bbox 897 1346 1026 1410; x_wconf 94' lang='lat' dir='ltr'><strong>omnino</strong></span> <span class='ocrx_word' id='word_1_72' title='bbox 1051 1346 1202 1430; x_wconf 86' lang='lat' dir='ltr'><strong>ignorare</strong></span> <span class='ocrx_word' id='word_1_73' title='bbox 1227 1344 1350 1430; x_wconf 87' lang='lat' dir='ltr'><strong>absque</strong></span> <span class='ocrx_word' id='word_1_74' title='bbox 1374 1343 1519 1429; x_wconf 90' lang='lat' dir='ltr'><strong>periculo</strong></span> <span class='ocrx_word' id='word_1_75' title='bbox 1543 1343 1649 1424; x_wconf 88' lang='lat' dir='ltr'><strong>liceat,</strong></span> <span class='ocrx_word' id='word_1_76' title='bbox 1674 1342 1726 1406; x_wconf 89' lang='lat' dir='ltr'><strong>vel</strong></span> <span class='ocrx_word' id='word_1_77' title='bbox 1751 1345 1848 1407; x_wconf 87' lang='lat' dir='ltr'><strong>etiam</strong></span> <span class='ocrx_word' id='word_1_78' title='bbox 1872 1342 1950 1429; x_wconf 91' lang='lat' dir='ltr'><strong>quid</strong></span> <span class='ocrx_word' id='word_1_79' title='bbox 1974 1342 2183 1407; x_wconf 88' lang='lat' dir='ltr'><strong>adornatum</strong></span> 
     </span>
     <span class='ocr_line' id='line_1_9' title="bbox 531 1449 2182 1536; baseline -0.002 -20"><span class='ocrx_word' id='word_1_80' title='bbox 531 1465 664 1516; x_wconf 89' lang='lat' dir='ltr'><strong>sanetae</strong></span> <span class='ocrx_word' id='word_1_81' title='bbox 688 1452 753 1515; x_wconf 90' lang='lat' dir='ltr'><strong>Dei</strong></span> <span class='ocrx_word' id='word_1_82' title='bbox 777 1450 957 1516; x_wconf 88' lang='lat' dir='ltr'><strong>aecclesiae</strong></span> <span class='ocrx_word' id='word_1_83' title='bbox 983 1463 1015 1514; x_wconf 92' lang='lat' dir='ltr'><strong>et</strong></span> <span class='ocrx_word' id='word_1_84' title='bbox 1037 1452 1253 1515; x_wconf 88' lang='lat' dir='ltr'><strong>ministerium</strong></span> <span class='ocrx_word' id='word_1_85' title='bbox 1284 1449 1485 1515; x_wconf 86' lang='lat' dir='ltr'><strong>sacerdotale</strong></span> <span class='ocrx_word' id='word_1_86' title='bbox 1517 1451 1685 1536; x_wconf 82' lang='lat' dir='ltr'><strong>pertineat,</strong></span> <span class='ocrx_word' id='word_1_87' title='bbox 1705 1450 1786 1513; x_wconf 83' lang='lat' dir='ltr'><strong>sine</strong></span> <span class='ocrx_word' id='word_1_88' title='bbox 1818 1471 1881 1535; x_wconf 89' lang='lat' dir='ltr'><strong>quo</strong></span> <span class='ocrx_word' id='word_1_89' title='bbox 1911 1472 1972 1514; x_wconf 89' lang='lat' dir='ltr'><strong>noc</strong></span> <span class='ocrx_word' id='word_1_90' title='bbox 2003 1449 2182 1514; x_wconf 89' lang='lat' dir='ltr'><strong>sacerdotis</strong></span> 
     </span>
     <span class='ocr_line' id='line_1_10' title="bbox 530 1553 2183 1645; baseline -0.001 -23"><span class='ocrx_word' id='word_1_91' title='bbox 530 1560 599 1622; x_wconf 88' lang='lat' dir='ltr'><strong>vita</strong></span> <span class='ocrx_word' id='word_1_92' title='bbox 622 1557 799 1645; x_wconf 91' lang='lat' dir='ltr'><strong>probabilis</strong></span> <span class='ocrx_word' id='word_1_93' title='bbox 824 1581 894 1622; x_wconf 91' lang='lat' dir='ltr'><strong>esse</strong></span> <span class='ocrx_word' id='word_1_94' title='bbox 919 1569 1025 1644; x_wconf 90' lang='lat' dir='ltr'><strong>potest</strong></span> <span class='ocrx_word' id='word_1_95' title='bbox 1048 1581 1109 1622; x_wconf 90' lang='lat' dir='ltr'><strong>nec</strong></span> <span class='ocrx_word' id='word_1_96' title='bbox 1134 1569 1322 1644; x_wconf 88' lang='lat' dir='ltr'><strong>competens</strong></span> <span class='ocrx_word' id='word_1_97' title='bbox 1345 1556 1449 1621; x_wconf 91' lang='lat' dir='ltr'><strong>honor</strong></span> <span class='ocrx_word' id='word_1_98' title='bbox 1471 1556 1517 1619; x_wconf 93' lang='lat' dir='ltr'><strong>illi</strong></span> <span class='ocrx_word' id='word_1_99' title='bbox 1541 1580 1560 1620; x_wconf 92' lang='lat' dir='ltr'><strong>a</strong></span> <span class='ocrx_word' id='word_1_100' title='bbox 1579 1558 1696 1621; x_wconf 86' lang='lat' dir='ltr'><strong>ceteris</strong></span> <span class='ocrx_word' id='word_1_101' title='bbox 1713 1553 1829 1620; x_wconf 80' lang='lat' dir='ltr'><strong>devote</strong></span> <span class='ocrx_word' id='word_1_102' title='bbox 1846 1556 2000 1643; x_wconf 87' lang='lat' dir='ltr'><strong>impendi,</strong></span> <span class='ocrx_word' id='word_1_103' title='bbox 2018 1557 2183 1644; x_wconf 80' lang='lat' dir='ltr'><strong>quidque³</strong></span> 
     </span>
     <span class='ocr_line' id='line_1_11' title="bbox 531 1662 2229 1751; baseline 0 -22"><span class='ocrx_word' id='word_1_104' title='bbox 531 1666 592 1730; x_wconf 89' lang='lat' dir='ltr'><strong>hoe</strong></span> <span class='ocrx_word' id='word_1_105' title='bbox 617 1667 668 1746; x_wconf 91' lang='lat' dir='ltr'><strong>sit,</strong></span> <span class='ocrx_word' id='word_1_106' title='bbox 693 1666 761 1729; x_wconf 91' lang='lat' dir='ltr'><strong>sine</strong></span> <span class='ocrx_word' id='word_1_107' title='bbox 790 1687 864 1751; x_wconf 22' lang='lat' dir='ltr'><strong>quo,</strong></span> <span class='ocrx_word' id='word_1_108' title='bbox 886 1666 1065 1729; x_wconf 85' lang='lat' dir='ltr'><strong>eommunis</strong></span> <span class='ocrx_word' id='word_1_109' title='bbox 1096 1665 1239 1728; x_wconf 89' lang='lat' dir='ltr'><strong>omnium</strong></span> <span class='ocrx_word' id='word_1_110' title='bbox 1274 1663 1360 1729; x_wconf 85' lang='lat' dir='ltr'><strong>salus</strong></span> <span class='ocrx_word' id='word_1_111' title='bbox 1390 1686 1429 1727; x_wconf 89' lang='lat' dir='ltr'><strong>ac</strong></span> <span class='ocrx_word' id='word_1_112' title='bbox 1465 1662 1600 1727; x_wconf 88' lang='lat' dir='ltr'><strong>salvatio</strong></span> <span class='ocrx_word' id='word_1_113' title='bbox 1631 1686 1702 1727; x_wconf 90' lang='lat' dir='ltr'><strong>esse</strong></span> <span class='ocrx_word' id='word_1_114' title='bbox 1733 1686 1798 1727; x_wconf 93' lang='lat' dir='ltr'><strong>non</strong></span> <span class='ocrx_word' id='word_1_115' title='bbox 1832 1675 1948 1749; x_wconf 91' lang='lat' dir='ltr'><strong>potest,</strong></span> <span class='ocrx_word' id='word_1_116' title='bbox 1977 1663 2229 1730; x_wconf 74' lang='lat' dir='ltr'><strong>sacerdotumve</strong></span> 
     </span>
     <span class='ocr_line' id='line_1_12' title="bbox 531 1768 2182 1858; baseline 0 -24"><span class='ocrx_word' id='word_1_117' title='bbox 531 1771 686 1836; x_wconf 89' lang='lat' dir='ltr'><strong>videlicet</strong></span> <span class='ocrx_word' id='word_1_118' title='bbox 709 1772 871 1857; x_wconf 92' lang='lat' dir='ltr'><strong>totiusque</strong></span> <span class='ocrx_word' id='word_1_119' title='bbox 896 1770 1018 1858; x_wconf 91' lang='lat' dir='ltr'><strong>populi,</strong></span> <span class='ocrx_word' id='word_1_120' title='bbox 1049 1809 1092 1818; x_wconf 96' lang='lat'>—</span> <span class='ocrx_word' id='word_1_121' title='bbox 1124 1769 1242 1856; x_wconf 91' lang='lat' dir='ltr'><strong>quibus</strong></span> <span class='ocrx_word' id='word_1_122' title='bbox 1265 1769 1421 1856; x_wconf 85' lang='lat' dir='ltr'><strong>perfacile</strong></span> <span class='ocrx_word' id='word_1_123' title='bbox 1446 1771 1638 1834; x_wconf 88' lang='lat' dir='ltr'><strong>succinctim</strong></span> <span class='ocrx_word' id='word_1_124' title='bbox 1662 1793 1701 1835; x_wconf 92' lang='lat' dir='ltr'><strong>ac</strong></span> <span class='ocrx_word' id='word_1_125' title='bbox 1725 1768 1856 1834; x_wconf 85' lang='lat' dir='ltr'><strong>debitae</strong></span> <span class='ocrx_word' id='word_1_126' title='bbox 1886 1792 1947 1856; x_wconf 88' lang='lat' dir='ltr'><strong>per</strong></span> <span class='ocrx_word' id='word_1_127' title='bbox 1977 1770 2105 1855; x_wconf 87' lang='lat' dir='ltr'><strong>singula</strong></span> <span class='ocrx_word' id='word_1_128' title='bbox 2132 1793 2182 1834; x_wconf 89' lang='lat' dir='ltr'><strong>re·</strong></span> 
     </span>
     <span class='ocr_line' id='line_1_13' title="bbox 532 1875 2182 1965; baseline 0 -24"><span class='ocrx_word' id='word_1_129' title='bbox 532 1877 692 1965; x_wconf 91' lang='lat' dir='ltr'><strong>spondere</strong></span> <span class='ocrx_word' id='word_1_130' title='bbox 722 1900 788 1941; x_wconf 91' lang='lat' dir='ltr'><strong>non</strong></span> <span class='ocrx_word' id='word_1_131' title='bbox 818 1899 988 1963; x_wconf 88' lang='lat' dir='ltr'><strong>possumus</strong></span> <span class='ocrx_word' id='word_1_132' title='bbox 1023 1915 1067 1924; x_wconf 88' lang='lat'>-</span> <span class='ocrx_word' id='word_1_133' title='bbox 1102 1875 1160 1940; x_wconf 90' lang='lat' dir='ltr'><strong>sed</strong></span> <span class='ocrx_word' id='word_1_134' title='bbox 1190 1877 1268 1963; x_wconf 90' lang='lat' dir='ltr'><strong>quia</strong></span> <span class='ocrx_word' id='word_1_135' title='bbox 1297 1877 1390 1940; x_wconf 84' lang='lat' dir='ltr'><strong>iuxta</strong></span> <span class='ocrx_word' id='word_1_136' title='bbox 1420 1878 1631 1940; x_wconf 87' lang='lat' dir='ltr'><strong>assertionem</strong></span> <span class='ocrx_word' id='word_1_137' title='bbox 1665 1889 1808 1940; x_wconf 83' lang='lat' dir='ltr'><strong>vestram</strong></span> <span class='ocrx_word' id='word_1_138' title='bbox 1842 1879 1945 1962; x_wconf 90' lang='lat' dir='ltr'><strong>primo</strong></span> <span class='ocrx_word' id='word_1_139' title='bbox 1981 1878 2182 1963; x_wconf 86' lang='lat' dir='ltr'><strong>repperimus</strong></span> 
     </span>
     <span class='ocr_line' id='line_1_14' title="bbox 531 1982 2182 2070; baseline -0.002 -21"><span class='ocrx_word' id='word_1_140' title='bbox 531 1997 711 2070; x_wconf 91' lang='lat' dir='ltr'><strong>temporum</strong></span> <span class='ocrx_word' id='word_1_141' title='bbox 739 1984 897 2047; x_wconf 89' lang='lat' dir='ltr'><strong>varietate</strong></span> <span class='ocrx_word' id='word_1_142' title='bbox 922 1995 955 2046; x_wconf 91' lang='lat' dir='ltr'><strong>et</strong></span> <span class='ocrx_word' id='word_1_143' title='bbox 978 1982 1127 2048; x_wconf 89' lang='lat' dir='ltr'><strong>ordinum</strong></span> <span class='ocrx_word' id='word_1_144' title='bbox 1157 1982 1345 2047; x_wconf 85' lang='lat' dir='ltr'><strong>confusione</strong></span> <span class='ocrx_word' id='word_1_145' title='bbox 1369 1983 1531 2070; x_wconf 86' lang='lat' dir='ltr'><strong>perplura,</strong></span> <span class='ocrx_word' id='word_1_146' title='bbox 1563 2006 1646 2070; x_wconf 87' lang='lat' dir='ltr'><strong>quae</strong></span> <span class='ocrx_word' id='word_1_147' title='bbox 1677 1983 1718 2047; x_wconf 92' lang='lat' dir='ltr'><strong>ad</strong></span> <span class='ocrx_word' id='word_1_148' title='bbox 1750 1994 1882 2047; x_wconf 89' lang='lat' dir='ltr'><strong>sanctae</strong></span> <span class='ocrx_word' id='word_1_149' title='bbox 1907 1983 1971 2046; x_wconf 91' lang='lat' dir='ltr'><strong>Dei</strong></span> <span class='ocrx_word' id='word_1_150' title='bbox 2003 1983 2182 2047; x_wconf 86' lang='lat' dir='ltr'><strong>aecclesiae</strong></span> 
     </span>
     <span class='ocr_line' id='line_1_15' title="bbox 532 2088 2182 2177; baseline 0.001 -23"><span class='ocrx_word' id='word_1_151' title='bbox 532 2102 681 2155; x_wconf 89' lang='lat' dir='ltr'><strong>ornatum</strong></span> <span class='ocrx_word' id='word_1_152' title='bbox 705 2090 787 2175; x_wconf 87' lang='lat' dir='ltr'><strong>erigi</strong></span> <span class='ocrx_word' id='word_1_153' title='bbox 811 2089 961 2169; x_wconf 78' lang='lat' dir='ltr'><strong>debeant,</strong></span> <span class='ocrx_word' id='word_1_154' title='bbox 988 2088 1215 2175; x_wconf 91' lang='lat' dir='ltr'><strong>quoquomodo</strong></span> <span class='ocrx_word' id='word_1_155' title='bbox 1240 2089 1391 2174; x_wconf 77' lang='lat' dir='ltr'><strong>neglectu</strong></span> <span class='ocrx_word' id='word_1_156' title='bbox 1416 2089 1536 2176; x_wconf 89' lang='lat' dir='ltr'><strong>elapsa,</strong></span> <span class='ocrx_word' id='word_1_157' title='bbox 1562 2112 1787 2176; x_wconf 89' lang='lat' dir='ltr'><strong>quaecumque</strong></span> <span class='ocrx_word' id='word_1_158' title='bbox 1811 2091 1845 2153; x_wconf 94' lang='lat' dir='ltr'><strong>in</strong></span> <span class='ocrx_word' id='word_1_159' title='bbox 1875 2088 1968 2153; x_wconf 90' lang='lat' dir='ltr'><strong>nobis</strong></span> <span class='ocrx_word' id='word_1_160' title='bbox 1999 2091 2182 2177; x_wconf 90' lang='lat' dir='ltr'><strong>nostrisque</strong></span> 
     </span>
     <span class='ocr_line' id='line_1_16' title="bbox 532 2195 2228 2283; baseline 0.001 -22"><span class='ocrx_word' id='word_1_161' title='bbox 532 2220 574 2261; x_wconf 85' lang='lat' dir='ltr'><strong>ex</strong></span> <span class='ocrx_word' id='word_1_162' title='bbox 598 2197 648 2260; x_wconf 89' lang='lat' dir='ltr'><strong>bis</strong></span> <span class='ocrx_word' id='word_1_163' title='bbox 672 2195 822 2281; x_wconf 87' lang='lat' dir='ltr'><strong>neglecta</strong></span> <span class='ocrx_word' id='word_1_164' title='bbox 845 2196 998 2260; x_wconf 89' lang='lat' dir='ltr'><strong>videntur</strong></span> <span class='ocrx_word' id='word_1_165' title='bbox 1021 2195 1147 2278; x_wconf 76' lang='lat' dir='ltr'><strong>officiiS,</strong></span> <span class='ocrx_word' id='word_1_166' title='bbox 1172 2197 1260 2259; x_wconf 91' lang='lat' dir='ltr'><strong>omni</strong></span> <span class='ocrx_word' id='word_1_167' title='bbox 1275 2195 1449 2261; x_wconf 87' lang='lat' dir='ltr'><strong>devotione</strong></span> <span class='ocrx_word' id='word_1_168' title='bbox 1466 2198 1618 2282; x_wconf 90' lang='lat' dir='ltr'><strong>omnique</strong></span> <span class='ocrx_word' id='word_1_169' title='bbox 1635 2199 1852 2283; x_wconf 86' lang='lat' dir='ltr'><strong>exoptatione,</strong></span> <span class='ocrx_word' id='word_1_170' title='bbox 1870 2206 1964 2283; x_wconf 90' lang='lat' dir='ltr'><strong>prout</strong></span> <span class='ocrx_word' id='word_1_171' title='bbox 1980 2197 2183 2283; x_wconf 90' lang='lat' dir='ltr'><strong>omnipotens</strong></span> <span class='ocrx_word' id='word_1_172' title='bbox 2203 2224 2228 2262; x_wconf 78' lang='lat' dir='ltr'><strong>rs</strong></span> 
     </span>
     <span class='ocr_line' id='line_1_17' title="bbox 532 2301 2184 2390; baseline 0.001 -24"><span class='ocrx_word' id='word_1_173' title='bbox 532 2326 628 2390; x_wconf 90' lang='lat' dir='ltr'><strong>posse</strong></span> <span class='ocrx_word' id='word_1_174' title='bbox 653 2304 812 2382; x_wconf 85' lang='lat' dir='ltr'><strong>annuerit,</strong></span> <span class='ocrx_word' id='word_1_175' title='bbox 837 2301 994 2387; x_wconf 81' lang='lat' dir='ltr'><strong>erigenda</strong></span> <span class='ocrx_word' id='word_1_176' title='bbox 1018 2313 1125 2388; x_wconf 89' lang='lat' dir='ltr'><strong>atque,</strong></span> <span class='ocrx_word' id='word_1_177' title='bbox 1149 2303 1242 2366; x_wconf 90' lang='lat' dir='ltr'><strong>utin</strong></span> <span class='ocrx_word' id='word_1_178' title='bbox 1265 2301 1494 2387; x_wconf 86' lang='lat' dir='ltr'><strong>perfectiorem</strong></span> <span class='ocrx_word' id='word_1_179' title='bbox 1518 2314 1635 2367; x_wconf 90' lang='lat' dir='ltr'><strong>statum</strong></span> <span class='ocrx_word' id='word_1_180' title='bbox 1659 2313 1837 2384; x_wconf 84' lang='lat' dir='ltr'><strong>vertantur,</strong></span> <span class='ocrx_word' id='word_1_181' title='bbox 1862 2303 1950 2366; x_wconf 90' lang='lat' dir='ltr'><strong>omni</strong></span> <span class='ocrx_word' id='word_1_182' title='bbox 1973 2304 2047 2366; x_wconf 90' lang='lat' dir='ltr'><strong>nisu</strong></span> <span class='ocrx_word' id='word_1_183' title='bbox 2071 2303 2184 2368; x_wconf 87' lang='lat' dir='ltr'><strong>divina</strong></span> 
     </span>
     <span class='ocr_line' id='line_1_18' title="bbox 532 2407 2182 2496; baseline 0 -23"><span class='ocrx_word' id='word_1_184' title='bbox 532 2409 730 2494; x_wconf 85' lang='lat' dir='ltr'><strong>suffragante</strong></span> <span class='ocrx_word' id='word_1_185' title='bbox 761 2410 868 2494; x_wconf 83' lang='lat' dir='ltr'><strong>gratia</strong></span> <span class='ocrx_word' id='word_1_186' title='bbox 898 2431 1030 2495; x_wconf 88' lang='lat' dir='ltr'><strong>operam</strong></span> <span class='ocrx_word' id='word_1_187' title='bbox 1065 2408 1143 2472; x_wconf 89' lang='lat' dir='ltr'><strong>dare</strong></span> <span class='ocrx_word' id='word_1_188' title='bbox 1175 2407 1409 2488; x_wconf 63' lang='lat' dir='ltr'><strong>desideramus</strong></span> <span class='ocrx_word' id='word_1_189' title='bbox 1447 2421 1588 2473; x_wconf 86' lang='lat' dir='ltr'><strong>vestram</strong></span> <span class='ocrx_word' id='word_1_190' title='bbox 1619 2409 1778 2494; x_wconf 90' lang='lat' dir='ltr'><strong>siquidem</strong></span> <span class='ocrx_word' id='word_1_191' title='bbox 1807 2408 2015 2474; x_wconf 88' lang='lat' dir='ltr'><strong>nihilominus</strong></span> <span class='ocrx_word' id='word_1_192' title='bbox 2045 2409 2182 2496; x_wconf 90' lang='lat' dir='ltr'><strong>supplici</strong></span> 
     </span>
     <span class='ocr_line' id='line_1_19' title="bbox 532 2514 2181 2602; baseline 0 -22"><span class='ocrx_word' id='word_1_193' title='bbox 532 2517 763 2580; x_wconf 87' lang='lat' dir='ltr'><strong>ammonitione</strong></span> <span class='ocrx_word' id='word_1_194' title='bbox 788 2529 820 2578; x_wconf 91' lang='lat' dir='ltr'><strong>et</strong></span> <span class='ocrx_word' id='word_1_195' title='bbox 843 2514 964 2579; x_wconf 85' lang='lat' dir='ltr'><strong>affectu</strong></span> <span class='ocrx_word' id='word_1_196' title='bbox 987 2516 1130 2579; x_wconf 88' lang='lat' dir='ltr'><strong>caritatis</strong></span> <span class='ocrx_word' id='word_1_197' title='bbox 1155 2514 1383 2580; x_wconf 81' lang='lat' dir='ltr'><strong>excellentiam</strong></span> <span class='ocrx_word' id='word_1_198' title='bbox 1406 2527 1638 2597; x_wconf 85' lang='lat' dir='ltr'><strong>ammonentes,</strong></span> <span class='ocrx_word' id='word_1_199' title='bbox 1669 2518 1697 2580; x_wconf 89' lang='lat' dir='ltr'><strong>si</strong></span> <span class='ocrx_word' id='word_1_200' title='bbox 1728 2539 1812 2602; x_wconf 88' lang='lat' dir='ltr'><strong>quae</strong></span> <span class='ocrx_word' id='word_1_201' title='bbox 1843 2528 1917 2580; x_wconf 89' lang='lat' dir='ltr'><strong>sunt</strong></span> <span class='ocrx_word' id='word_1_202' title='bbox 1946 2515 2181 2580; x_wconf 83' lang='lat' dir='ltr'><strong>aecclesiastici</strong></span> 
     </span>
     <span class='ocr_line' id='line_1_20' title="bbox 532 2621 2184 2708; baseline -0.001 -21"><span class='ocrx_word' id='word_1_203' title='bbox 532 2625 610 2687; x_wconf 90' lang='lat' dir='ltr'><strong>iuris</strong></span> <span class='ocrx_word' id='word_1_204' title='bbox 634 2634 743 2686; x_wconf 87' lang='lat' dir='ltr'><strong>vestra</strong></span> <span class='ocrx_word' id='word_1_205' title='bbox 766 2623 913 2707; x_wconf 88' lang='lat' dir='ltr'><strong>piissima</strong></span> <span class='ocrx_word' id='word_1_206' title='bbox 937 2621 1171 2706; x_wconf 86' lang='lat' dir='ltr'><strong>gubernatione</strong></span> <span class='ocrx_word' id='word_1_207' title='bbox 1195 2621 1361 2706; x_wconf 84' lang='lat' dir='ltr'><strong>erigenda,</strong></span> <span class='ocrx_word' id='word_1_208' title='bbox 1385 2633 1421 2685; x_wconf 92' lang='lat' dir='ltr'><strong>ut</strong></span> <span class='ocrx_word' id='word_1_209' title='bbox 1443 2644 1503 2708; x_wconf 89' lang='lat' dir='ltr'><strong>per</strong></span> <span class='ocrx_word' id='word_1_210' title='bbox 1526 2645 1584 2686; x_wconf 90' lang='lat' dir='ltr'><strong>vos</strong></span> <span class='ocrx_word' id='word_1_211' title='bbox 1601 2644 1660 2707; x_wconf 89' lang='lat' dir='ltr'><strong>per</strong></span> <span class='ocrx_word' id='word_1_212' title='bbox 1675 2634 1865 2708; x_wconf 89' lang='lat' dir='ltr'><strong>vestrosque</strong></span> <span class='ocrx_word' id='word_1_213' title='bbox 1882 2622 2086 2687; x_wconf 82' lang='lat' dir='ltr'><strong>Christianae</strong></span> <span class='ocrx_word' id='word_1_214' title='bbox 2102 2623 2184 2687; x_wconf 91' lang='lat' dir='ltr'><strong>rele-</strong></span> 
     </span>
     <span class='ocr_line' id='line_1_21' title="bbox 531 2726 2229 2816; baseline 0.002 -23"><span class='ocrx_word' id='word_1_215' title='bbox 531 2731 637 2815; x_wconf 74' lang='lat' dir='ltr'><strong>gionis</strong></span> <span class='ocrx_word' id='word_1_216' title='bbox 661 2728 896 2794; x_wconf 86' lang='lat' dir='ltr'><strong>commilitones</strong></span> <span class='ocrx_word' id='word_1_217' title='bbox 920 2726 1140 2791; x_wconf 85' lang='lat' dir='ltr'><strong>subleventur.</strong></span> <span class='ocrx_word' id='word_1_218' title='bbox 1186 2727 1240 2791; x_wconf 91' lang='lat' dir='ltr'><strong>De</strong></span> <span class='ocrx_word' id='word_1_219' title='bbox 1265 2739 1373 2791; x_wconf 88' lang='lat' dir='ltr'><strong>cetero</strong></span> <span class='ocrx_word' id='word_1_220' title='bbox 1396 2729 1524 2792; x_wconf 89' lang='lat' dir='ltr'><strong>noverit</strong></span> <span class='ocrx_word' id='word_1_221' title='bbox 1547 2730 1704 2792; x_wconf 87' lang='lat' dir='ltr'><strong>serenitas</strong></span> <span class='ocrx_word' id='word_1_222' title='bbox 1730 2739 1848 2807; x_wconf 85' lang='lat' dir='ltr'><strong>vestra,</strong></span> <span class='ocrx_word' id='word_1_223' title='bbox 1879 2730 2009 2814; x_wconf 90' lang='lat' dir='ltr'><strong>iamque</strong></span> <span class='ocrx_word' id='word_1_224' title='bbox 2033 2741 2069 2793; x_wconf 92' lang='lat' dir='ltr'><strong>ut</strong></span> <span class='ocrx_word' id='word_1_225' title='bbox 2090 2752 2183 2816; x_wconf 88' lang='lat' dir='ltr'><strong>prae·</strong></span> <span class='ocrx_word' id='word_1_226' title='bbox 2202 2758 2229 2797; x_wconf 80' lang='lat' dir='ltr'><strong>so</strong></span> 
     </span>
     <span class='ocr_line' id='line_1_22' title="bbox 532 2833 2182 2922; baseline 0.001 -23"><span class='ocrx_word' id='word_1_227' title='bbox 532 2837 654 2900; x_wconf 87' lang='lat' dir='ltr'><strong>dictum</strong></span> <span class='ocrx_word' id='word_1_228' title='bbox 670 2847 728 2914; x_wconf 88' lang='lat' dir='ltr'><strong>est,</strong></span> <span class='ocrx_word' id='word_1_229' title='bbox 749 2834 910 2920; x_wconf 88' lang='lat' dir='ltr'><strong>quaedam</strong></span> <span class='ocrx_word' id='word_1_230' title='bbox 931 2835 964 2896; x_wconf 92' lang='lat' dir='ltr'><strong>in</strong></span> <span class='ocrx_word' id='word_1_231' title='bbox 984 2833 1226 2898; x_wconf 85' lang='lat' dir='ltr'><strong>aecclesiastico</strong></span> <span class='ocrx_word' id='word_1_232' title='bbox 1243 2833 1356 2897; x_wconf 89' lang='lat' dir='ltr'><strong>ordine</strong></span> <span class='ocrx_word' id='word_1_233' title='bbox 1373 2833 1510 2898; x_wconf 88' lang='lat' dir='ltr'><strong>confusa</strong></span> <span class='ocrx_word' id='word_1_234' title='bbox 1525 2834 1686 2915; x_wconf 88' lang='lat' dir='ltr'><strong>videntur,</strong></span> <span class='ocrx_word' id='word_1_235' title='bbox 1712 2857 1751 2898; x_wconf 89' lang='lat' dir='ltr'><strong>ea</strong></span> <span class='ocrx_word' id='word_1_236' title='bbox 1769 2857 1828 2898; x_wconf 91' lang='lat' dir='ltr'><strong>nos</strong></span> <span class='ocrx_word' id='word_1_237' title='bbox 1847 2835 2054 2922; x_wconf 90' lang='lat' dir='ltr'><strong>promodulo</strong></span> <span class='ocrx_word' id='word_1_238' title='bbox 2074 2837 2182 2900; x_wconf 90' lang='lat' dir='ltr'><strong>unius-</strong></span> 
     </span>
     <span class='ocr_line' id='line_1_23' title="bbox 532 2941 2183 3029; baseline 0 -22"><span class='ocrx_word' id='word_1_239' title='bbox 532 2944 688 3028; x_wconf 86' lang='lat' dir='ltr'><strong>cuiusque</strong></span> <span class='ocrx_word' id='word_1_240' title='bbox 713 2942 903 3027; x_wconf 88' lang='lat' dir='ltr'><strong>capacitatis</strong></span> <span class='ocrx_word' id='word_1_241' title='bbox 928 2942 1115 3027; x_wconf 88' lang='lat' dir='ltr'><strong>perquirere</strong></span> <span class='ocrx_word' id='word_1_242' title='bbox 1147 2952 1179 3004; x_wconf 89' lang='lat' dir='ltr'><strong>et</strong></span> <span class='ocrx_word' id='word_1_243' title='bbox 1209 2942 1367 3026; x_wconf 87' lang='lat' dir='ltr'><strong>inspecta,</strong></span> <span class='ocrx_word' id='word_1_244' title='bbox 1398 2951 1553 3025; x_wconf 87' lang='lat' dir='ltr'><strong>quantum</strong></span> <span class='ocrx_word' id='word_1_245' title='bbox 1585 2941 1627 3004; x_wconf 88' lang='lat' dir='ltr'><strong>ad</strong></span> <span class='ocrx_word' id='word_1_246' title='bbox 1657 2963 1715 3005; x_wconf 86' lang='lat' dir='ltr'><strong>nos</strong></span> <span class='ocrx_word' id='word_1_247' title='bbox 1745 2943 1895 3026; x_wconf 88' lang='lat' dir='ltr'><strong>pertinet,</strong></span> <span class='ocrx_word' id='word_1_248' title='bbox 1927 2941 2062 3005; x_wconf 91' lang='lat' dir='ltr'><strong>Domini</strong></span> <span class='ocrx_word' id='word_1_249' title='bbox 2092 2943 2183 3029; x_wconf 93' lang='lat' dir='ltr'><strong>oppi-</strong></span> 
     </span>
     <span class='ocr_line' id='line_1_24' title="bbox 531 3047 2183 3134; baseline -0.001 -20"><span class='ocrx_word' id='word_1_250' title='bbox 531 3050 655 3114; x_wconf 87' lang='lat' dir='ltr'><strong>tulante</strong></span> <span class='ocrx_word' id='word_1_251' title='bbox 678 3051 783 3134; x_wconf 84' lang='lat' dir='ltr'><strong>gratia</strong></span> <span class='ocrx_word' id='word_1_252' title='bbox 806 3061 988 3111; x_wconf 86' lang='lat' dir='ltr'><strong>restaurare</strong></span> <span class='ocrx_word' id='word_1_253' title='bbox 1013 3049 1161 3133; x_wconf 90' lang='lat' dir='ltr'><strong>cupimus</strong></span> <span class='ocrx_word' id='word_1_254' title='bbox 1186 3059 1229 3128; x_wconf 90' lang='lat' dir='ltr'><strong>et,</strong></span> <span class='ocrx_word' id='word_1_255' title='bbox 1253 3059 1288 3111; x_wconf 93' lang='lat' dir='ltr'><strong>ut</strong></span> <span class='ocrx_word' id='word_1_256' title='bbox 1311 3047 1376 3130; x_wconf 91' lang='lat' dir='ltr'><strong>fiat,</strong></span> <span class='ocrx_word' id='word_1_257' title='bbox 1401 3069 1519 3131; x_wconf 86' lang='lat' dir='ltr'><strong>magno</strong></span> <span class='ocrx_word' id='word_1_258' title='bbox 1544 3047 1705 3111; x_wconf 89' lang='lat' dir='ltr'><strong>desiderio</strong></span> <span class='ocrx_word' id='word_1_259' title='bbox 1729 3059 1887 3133; x_wconf 90' lang='lat' dir='ltr'><strong>optamus.</strong></span> <span class='ocrx_word' id='word_1_260' title='bbox 1941 3049 2183 3133; x_wconf 88' lang='lat' dir='ltr'><strong>Perspicientes</strong></span> 
     </span>
     <span class='ocr_line' id='line_1_25' title="bbox 532 3153 2182 3242; baseline 0 -22"><span class='ocrx_word' id='word_1_261' title='bbox 532 3179 610 3242; x_wconf 87' lang='lat' dir='ltr'><strong>ergo</strong></span> <span class='ocrx_word' id='word_1_262' title='bbox 635 3156 840 3220; x_wconf 85' lang='lat' dir='ltr'><strong>devotionem</strong></span> <span class='ocrx_word' id='word_1_263' title='bbox 864 3165 1006 3218; x_wconf 87' lang='lat' dir='ltr'><strong>vestram</strong></span> <span class='ocrx_word' id='word_1_264' title='bbox 1030 3166 1174 3218; x_wconf 89' lang='lat' dir='ltr'><strong>sanctam</strong></span> <span class='ocrx_word' id='word_1_265' title='bbox 1199 3166 1232 3218; x_wconf 90' lang='lat' dir='ltr'><strong>et</strong></span> <span class='ocrx_word' id='word_1_266' title='bbox 1256 3154 1338 3235; x_wconf 81' lang='lat' dir='ltr'><strong>Dos,</strong></span> <span class='ocrx_word' id='word_1_267' title='bbox 1363 3164 1398 3218; x_wconf 90' lang='lat' dir='ltr'><strong>ut</strong></span> <span class='ocrx_word' id='word_1_268' title='bbox 1421 3154 1594 3234; x_wconf 87' lang='lat' dir='ltr'><strong>credimus,</strong></span> <span class='ocrx_word' id='word_1_269' title='bbox 1618 3153 1791 3218; x_wconf 87' lang='lat' dir='ltr'><strong>amabilem</strong></span> <span class='ocrx_word' id='word_1_270' title='bbox 1814 3177 1879 3217; x_wconf 91' lang='lat' dir='ltr'><strong>non</strong></span> <span class='ocrx_word' id='word_1_271' title='bbox 1902 3154 2058 3219; x_wconf 90' lang='lat' dir='ltr'><strong>mediocri</strong></span> <span class='ocrx_word' id='word_1_272' title='bbox 2086 3154 2182 3220; x_wconf 90' lang='lat' dir='ltr'><strong>laude</strong></span> 
     </span>
     <span class='ocr_line' id='line_1_26' title="bbox 532 3260 2228 3349; baseline -0.001 -21"><span class='ocrx_word' id='word_1_273' title='bbox 532 3263 806 3349; x_wconf 82' lang='lat' dir='ltr'><strong>magnificentiam</strong></span> <span class='ocrx_word' id='word_1_274' title='bbox 830 3262 895 3325; x_wconf 90' lang='lat' dir='ltr'><strong>Dei</strong></span> <span class='ocrx_word' id='word_1_275' title='bbox 926 3262 1027 3325; x_wconf 88' lang='lat' dir='ltr'><strong>nostri</strong></span> <span class='ocrx_word' id='word_1_276' title='bbox 1057 3261 1332 3346; x_wconf 81' lang='lat' dir='ltr'><strong>magnificandam</strong></span> <span class='ocrx_word' id='word_1_277' title='bbox 1363 3260 1565 3346; x_wconf 88' lang='lat' dir='ltr'><strong>eandemque</strong></span> <span class='ocrx_word' id='word_1_278' title='bbox 1599 3260 1805 3324; x_wconf 86' lang='lat' dir='ltr'><strong>devotionem</strong></span> <span class='ocrx_word' id='word_1_279' title='bbox 1836 3261 1932 3325; x_wconf 88' lang='lat' dir='ltr'><strong>valde</strong></span> <span class='ocrx_word' id='word_1_280' title='bbox 1963 3263 2182 3326; x_wconf 83' lang='lat' dir='ltr'><strong>necessariam</strong></span> <span class='ocrx_word' id='word_1_281' title='bbox 2201 3291 2228 3332; x_wconf 63' lang='lat' dir='ltr'><strong>ss</strong></span> 
     </span>
     <span class='ocr_line' id='line_1_27' title="bbox 532 3366 2182 3455; baseline -0.001 -23"><span class='ocrx_word' id='word_1_282' title='bbox 532 3382 664 3434; x_wconf 86' lang='lat' dir='ltr'><strong>sauctae</strong></span> <span class='ocrx_word' id='word_1_283' title='bbox 681 3369 746 3432; x_wconf 90' lang='lat' dir='ltr'><strong>Dei</strong></span> <span class='ocrx_word' id='word_1_284' title='bbox 770 3367 930 3432; x_wconf 87' lang='lat' dir='ltr'><strong>ecclesiae</strong></span> <span class='ocrx_word' id='word_1_285' title='bbox 950 3367 1102 3431; x_wconf 85' lang='lat' dir='ltr'><strong>duximus</strong></span> <span class='ocrx_word' id='word_1_286' title='bbox 1119 3379 1216 3453; x_wconf 87' lang='lat' dir='ltr'><strong>atque</strong></span> <span class='ocrx_word' id='word_1_287' title='bbox 1233 3366 1375 3453; x_wconf 89' lang='lat' dir='ltr'><strong>benigno</strong></span> <span class='ocrx_word' id='word_1_288' title='bbox 1393 3367 1511 3430; x_wconf 81' lang='lat' dir='ltr'><strong>affectu</strong></span> <span class='ocrx_word' id='word_1_289' title='bbox 1528 3368 1700 3431; x_wconf 88' lang='lat' dir='ltr'><strong>commissa</strong></span> <span class='ocrx_word' id='word_1_290' title='bbox 1717 3368 1953 3432; x_wconf 86' lang='lat' dir='ltr'><strong>consideranda</strong></span> <span class='ocrx_word' id='word_1_291' title='bbox 1970 3370 2182 3455; x_wconf 86' lang='lat' dir='ltr'><strong>suscepimus,</strong></span> 
     </span>
     <span class='ocr_line' id='line_1_28' title="bbox 531 3474 2183 3561; baseline -0.001 -21"><span class='ocrx_word' id='word_1_292' title='bbox 531 3500 596 3540; x_wconf 90' lang='lat' dir='ltr'><strong>non</strong></span> <span class='ocrx_word' id='word_1_293' title='bbox 621 3475 745 3561; x_wconf 88' lang='lat' dir='ltr'><strong>aliquid</strong></span> <span class='ocrx_word' id='word_1_294' title='bbox 768 3498 888 3539; x_wconf 88' lang='lat' dir='ltr'><strong>novum</strong></span> <span class='ocrx_word' id='word_1_295' title='bbox 913 3487 1085 3561; x_wconf 91' lang='lat' dir='ltr'><strong>querentes</strong></span> <span class='ocrx_word' id='word_1_296' title='bbox 1108 3497 1170 3539; x_wconf 88' lang='lat' dir='ltr'><strong>nec</strong></span> <span class='ocrx_word' id='word_1_297' title='bbox 1188 3486 1302 3538; x_wconf 90' lang='lat' dir='ltr'><strong>contra</strong></span> <span class='ocrx_word' id='word_1_298' title='bbox 1317 3475 1464 3538; x_wconf 86' lang='lat' dir='ltr'><strong>veritatis</strong></span> <span class='ocrx_word' id='word_1_299' title='bbox 1480 3474 1670 3559; x_wconf 82' lang='lat' dir='ltr'><strong>religionem</strong></span> <span class='ocrx_word' id='word_1_300' title='bbox 1687 3474 1766 3560; x_wconf 92' lang='lat' dir='ltr'><strong>quid</strong></span> <span class='ocrx_word' id='word_1_301' title='bbox 1784 3486 1971 3555; x_wconf 85' lang='lat' dir='ltr'><strong>statuentes,</strong></span> <span class='ocrx_word' id='word_1_302' title='bbox 1988 3474 2046 3538; x_wconf 91' lang='lat' dir='ltr'><strong>sed</strong></span> <span class='ocrx_word' id='word_1_303' title='bbox 2063 3485 2183 3539; x_wconf 85' lang='lat' dir='ltr'><strong>statuta</strong></span> 
     </span>
     <span class='ocr_line' id='line_1_29' title="bbox 532 3579 2182 3670; baseline -0.001 -23"><span class='ocrx_word' id='word_1_304' title='bbox 532 3584 738 3670; x_wconf 87' lang='lat' dir='ltr'><strong>antiquorum</strong></span> <span class='ocrx_word' id='word_1_305' title='bbox 763 3593 889 3668; x_wconf 88' lang='lat' dir='ltr'><strong>patrum</strong></span> <span class='ocrx_word' id='word_1_306' title='bbox 913 3582 1117 3662; x_wconf 60' lang='lat' dir='ltr'><strong>innovantes</strong></span> <span class='ocrx_word' id='word_1_307' title='bbox 1143 3604 1226 3668; x_wconf 86' lang='lat' dir='ltr'><strong>quae</strong></span> <span class='ocrx_word' id='word_1_308' title='bbox 1250 3605 1309 3667; x_wconf 93' lang='lat' dir='ltr'><strong>per</strong></span> <span class='ocrx_word' id='word_1_309' title='bbox 1332 3581 1493 3645; x_wconf 88' lang='lat' dir='ltr'><strong>desidiam</strong></span> <span class='ocrx_word' id='word_1_310' title='bbox 1517 3580 1718 3667; x_wconf 87' lang='lat' dir='ltr'><strong>quorundam</strong></span> <span class='ocrx_word' id='word_1_311' title='bbox 1743 3579 1934 3645; x_wconf 87' lang='lat' dir='ltr'><strong>labefactari</strong></span> <span class='ocrx_word' id='word_1_312' title='bbox 1957 3582 2029 3644; x_wconf 89' lang='lat' dir='ltr'><strong>visa</strong></span> <span class='ocrx_word' id='word_1_313' title='bbox 2052 3596 2127 3645; x_wconf 88' lang='lat' dir='ltr'><strong>sunt</strong></span> <span class='ocrx_word' id='word_1_314' title='bbox 2150 3582 2182 3645; x_wconf 90' lang='lat' dir='ltr'><strong>in</strong></span> 
     </span>
     <span class='ocr_line' id='line_1_30' title="bbox 533 3687 2183 3775; baseline -0.001 -22"><span class='ocrx_word' id='word_1_315' title='bbox 533 3711 738 3775; x_wconf 87' lang='lat' dir='ltr'><strong>quocumque</strong></span> <span class='ocrx_word' id='word_1_316' title='bbox 763 3688 877 3752; x_wconf 90' lang='lat' dir='ltr'><strong>ordine</strong></span> <span class='ocrx_word' id='word_1_317' title='bbox 901 3711 939 3752; x_wconf 87' lang='lat' dir='ltr'><strong>ae</strong></span> <span class='ocrx_word' id='word_1_318' title='bbox 964 3699 1096 3774; x_wconf 90' lang='lat' dir='ltr'><strong>propter</strong></span> <span class='ocrx_word' id='word_1_319' title='bbox 1119 3689 1306 3752; x_wconf 84' lang='lat' dir='ltr'><strong>inusitatum</strong></span> <span class='ocrx_word' id='word_1_320' title='bbox 1329 3687 1383 3752; x_wconf 86' lang='lat' dir='ltr'><strong>vel</strong></span> <span class='ocrx_word' id='word_1_321' title='bbox 1407 3689 1622 3751; x_wconf 86' lang='lat' dir='ltr'><strong>inveteratum</strong></span> <span class='ocrx_word' id='word_1_322' title='bbox 1646 3710 1739 3751; x_wconf 89' lang='lat' dir='ltr'><strong>nsum</strong></span> <span class='ocrx_word' id='word_1_323' title='bbox 1764 3687 1919 3752; x_wconf 86' lang='lat' dir='ltr'><strong>oblivioni</strong></span> <span class='ocrx_word' id='word_1_324' title='bbox 1943 3687 2072 3769; x_wconf 87' lang='lat' dir='ltr'><strong>tradita,</strong></span> <span class='ocrx_word' id='word_1_325' title='bbox 2090 3697 2125 3751; x_wconf 89' lang='lat' dir='ltr'><strong>ut</strong></span> <span class='ocrx_word' id='word_1_326' title='bbox 2140 3688 2183 3753; x_wconf 89' lang='lat' dir='ltr'><strong>ad</strong></span> 
     </span>
     <span class='ocr_line' id='line_1_31' title="bbox 532 3793 2229 3883; baseline 0.001 -24"><span class='ocrx_word' id='word_1_327' title='bbox 532 3797 703 3883; x_wconf 88' lang='lat' dir='ltr'><strong>pristinum</strong></span> <span class='ocrx_word' id='word_1_328' title='bbox 727 3796 869 3859; x_wconf 90' lang='lat' dir='ltr'><strong>Domino</strong></span> <span class='ocrx_word' id='word_1_329' title='bbox 893 3793 1070 3858; x_wconf 88' lang='lat' dir='ltr'><strong>adiuvante</strong></span> <span class='ocrx_word' id='word_1_330' title='bbox 1101 3794 1238 3879; x_wconf 85' lang='lat' dir='ltr'><strong>gradum</strong></span> <span class='ocrx_word' id='word_1_331' title='bbox 1268 3794 1463 3874; x_wconf 79' lang='lat' dir='ltr'><strong>releventur,</strong></span> <span class='ocrx_word' id='word_1_332' title='bbox 1494 3793 1643 3879; x_wconf 89' lang='lat' dir='ltr'><strong>capitulis</strong></span> <span class='ocrx_word' id='word_1_333' title='bbox 1673 3795 1807 3858; x_wconf 88' lang='lat' dir='ltr'><strong>strictim</strong></span> <span class='ocrx_word' id='word_1_334' title='bbox 1839 3793 2078 3858; x_wconf 87' lang='lat' dir='ltr'><strong>adnectendum</strong></span> <span class='ocrx_word' id='word_1_335' title='bbox 2108 3817 2182 3858; x_wconf 88' lang='lat' dir='ltr'><strong>cen·</strong></span> <span class='ocrx_word' id='word_1_336' title='bbox 2202 3822 2229 3862; x_wconf 82' lang='lat' dir='ltr'><strong>so</strong></span> 
     </span>
     <span class='ocr_line' id='line_1_32' title="bbox 532 3899 2183 3988; baseline -0.001 -22"><span class='ocrx_word' id='word_1_337' title='bbox 532 3904 666 3967; x_wconf 76' lang='lat' dir='ltr'><strong>suimus</strong></span> <span class='ocrx_word' id='word_1_338' title='bbox 723 3903 775 3966; x_wconf 91' lang='lat' dir='ltr'><strong>De</strong></span> <span class='ocrx_word' id='word_1_339' title='bbox 807 3900 934 3965; x_wconf 89' lang='lat' dir='ltr'><strong>duabus</strong></span> <span class='ocrx_word' id='word_1_340' title='bbox 970 3900 1131 3988; x_wconf 88' lang='lat' dir='ltr'><strong>siqnidem</strong></span> <span class='ocrx_word' id='word_1_341' title='bbox 1161 3902 1324 3987; x_wconf 82' lang='lat' dir='ltr'><strong>personis,</strong></span> <span class='ocrx_word' id='word_1_342' title='bbox 1360 3923 1441 3987; x_wconf 89' lang='lat' dir='ltr'><strong>quas</strong></span> <span class='ocrx_word' id='word_1_343' title='bbox 1473 3900 1668 3986; x_wconf 87' lang='lat' dir='ltr'><strong>principales</strong></span> <span class='ocrx_word' id='word_1_344' title='bbox 1701 3903 1733 3964; x_wconf 91' lang='lat' dir='ltr'><strong>in</strong></span> <span class='ocrx_word' id='word_1_345' title='bbox 1764 3901 1825 3964; x_wconf 90' lang='lat' dir='ltr'><strong>hoe</strong></span> <span class='ocrx_word' id='word_1_346' title='bbox 1855 3899 1975 3964; x_wconf 90' lang='lat' dir='ltr'><strong>mundo</strong></span> <span class='ocrx_word' id='word_1_347' title='bbox 2011 3923 2082 3966; x_wconf 87' lang='lat' dir='ltr'><strong>esse</strong></span> <span class='ocrx_word' id='word_1_348' title='bbox 2117 3924 2183 3965; x_wconf 90' lang='lat' dir='ltr'><strong>non</strong></span> 
     </span>
     <span class='ocr_line' id='line_1_33' title="bbox 532 4006 2182 4094; baseline -0.001 -22"><span class='ocrx_word' id='word_1_349' title='bbox 532 4008 669 4073; x_wconf 90' lang='lat' dir='ltr'><strong>dubium</strong></span> <span class='ocrx_word' id='word_1_350' title='bbox 692 4020 750 4088; x_wconf 90' lang='lat' dir='ltr'><strong>est,</strong></span> <span class='ocrx_word' id='word_1_351' title='bbox 775 4008 1008 4072; x_wconf 85' lang='lat' dir='ltr'><strong>sacerdotalem</strong></span> <span class='ocrx_word' id='word_1_352' title='bbox 1033 4021 1128 4094; x_wconf 90' lang='lat' dir='ltr'><strong>prout</strong></span> <span class='ocrx_word' id='word_1_353' title='bbox 1151 4006 1211 4071; x_wconf 90' lang='lat' dir='ltr'><strong>sub</strong></span> <span class='ocrx_word' id='word_1_354' title='bbox 1236 4019 1325 4071; x_wconf 88' lang='lat' dir='ltr'><strong>tanto</strong></span> <span class='ocrx_word' id='word_1_355' title='bbox 1349 4008 1504 4092; x_wconf 86' lang='lat' dir='ltr'><strong>temporis</strong></span> <span class='ocrx_word' id='word_1_356' title='bbox 1528 4008 1632 4093; x_wconf 87' lang='lat' dir='ltr'><strong>spatio</strong></span> <span class='ocrx_word' id='word_1_357' title='bbox 1656 4030 1752 4093; x_wconf 89' lang='lat' dir='ltr'><strong>posse</strong></span> <span class='ocrx_word' id='word_1_358' title='bbox 1769 4030 1833 4070; x_wconf 89' lang='lat' dir='ltr'><strong>non</strong></span> <span class='ocrx_word' id='word_1_359' title='bbox 1850 4006 2001 4091; x_wconf 87' lang='lat' dir='ltr'><strong>denegat,</strong></span> <span class='ocrx_word' id='word_1_360' title='bbox 2017 4007 2182 4090; x_wconf 89' lang='lat' dir='ltr'><strong>nonnulla,</strong></span> 
     </span>
     <span class='ocr_line' id='line_1_34' title="bbox 532 4113 1654 4202; baseline -0.003 -23"><span class='ocrx_word' id='word_1_361' title='bbox 532 4138 616 4202; x_wconf 86' lang='lat' dir='ltr'><strong>quae</strong></span> <span class='ocrx_word' id='word_1_362' title='bbox 641 4114 684 4178; x_wconf 87' lang='lat' dir='ltr'><strong>ad</strong></span> <span class='ocrx_word' id='word_1_363' title='bbox 707 4115 768 4179; x_wconf 91' lang='lat' dir='ltr'><strong>hoc</strong></span> <span class='ocrx_word' id='word_1_364' title='bbox 792 4116 954 4202; x_wconf 89' lang='lat' dir='ltr'><strong>pertinere</strong></span> <span class='ocrx_word' id='word_1_365' title='bbox 978 4115 1050 4178; x_wconf 87' lang='lat' dir='ltr'><strong>visa</strong></span> <span class='ocrx_word' id='word_1_366' title='bbox 1073 4125 1157 4194; x_wconf 89' lang='lat' dir='ltr'><strong>sunt,</strong></span> <span class='ocrx_word' id='word_1_367' title='bbox 1182 4113 1242 4177; x_wconf 90' lang='lat' dir='ltr'><strong>sub</strong></span> <span class='ocrx_word' id='word_1_368' title='bbox 1266 4113 1426 4178; x_wconf 85' lang='lat' dir='ltr'><strong>brevitate</strong></span> <span class='ocrx_word' id='word_1_369' title='bbox 1451 4114 1654 4177; x_wconf 86' lang='lat' dir='ltr'><strong>adneximus.</strong></span> 
     </span>
    </p>
   </div>
   <div class='ocr_carea' id='block_1_3' title="bbox 935 4308 1781 4395">
    <p class='ocr_par' dir='ltr' id='par_1_4' title="bbox 935 4308 1781 4395">
     <span class='ocr_line' id='line_1_35' title="bbox 935 4308 1781 4395; baseline -0.002 -22"><span class='ocrx_word' id='word_1_370' title='bbox 935 4308 1101 4395; x_wconf 78' lang='lat' dir='ltr'><strong>(Caput</strong></span> <span class='ocrx_word' id='word_1_371' title='bbox 1135 4309 1161 4372; x_wconf 91' lang='lat' dir='ltr'><strong>I.</strong></span> <span class='ocrx_word' id='word_1_372' title='bbox 1197 4309 1249 4372; x_wconf 89' lang='lat' dir='ltr'><strong>de</strong></span> <span class='ocrx_word' id='word_1_373' title='bbox 1284 4311 1385 4373; x_wconf 85' lang='lat' dir='ltr'><strong>vita</strong></span> <span class='ocrx_word' id='word_1_374' title='bbox 1419 4309 1781 4394; x_wconf 80' lang='lat' dir='ltr'><strong>episcoporum).</strong></span> 
     </span>
    </p>
   </div>
   <div class='ocr_carea' id='block_1_4' title="bbox 390 4431 2227 5052">
    <p class='ocr_par' dir='ltr' id='par_1_5' title="bbox 529 4431 2227 4732">
     <span class='ocr_line' id='line_1_36' title="bbox 637 4431 2227 4519; baseline 0.002 -20"><span class='ocrx_word' id='word_1_375' title='bbox 637 4436 663 4499; x_wconf 89' lang='lat' dir='ltr'><strong>l.</strong></span> <span class='ocrx_word' id='word_1_376' title='bbox 698 4434 830 4498; x_wconf 90' lang='lat' dir='ltr'><strong>Initium</strong></span> <span class='ocrx_word' id='word_1_377' title='bbox 856 4435 941 4496; x_wconf 93' lang='lat' dir='ltr'><strong>enim</strong></span> <span class='ocrx_word' id='word_1_378' title='bbox 967 4431 1161 4519; x_wconf 84' lang='lat' dir='ltr'><strong>episcopalis</strong></span> <span class='ocrx_word' id='word_1_379' title='bbox 1185 4431 1336 4496; x_wconf 79' lang='lat' dir='ltr'><strong>eitlminis</strong></span> <span class='ocrx_word' id='word_1_380' title='bbox 1360 4444 1432 4518; x_wconf 91' lang='lat' dir='ltr'><strong>post</strong></span> <span class='ocrx_word' id='word_1_381' title='bbox 1448 4432 1592 4496; x_wconf 89' lang='lat' dir='ltr'><strong>divinam</strong></span> <span class='ocrx_word' id='word_1_382' title='bbox 1608 4432 1936 4518; x_wconf 88' lang='lat' dir='ltr'><strong>praedestinationem</strong></span> <span class='ocrx_word' id='word_1_383' title='bbox 1954 4456 2025 4499; x_wconf 91' lang='lat' dir='ltr'><strong>esse</strong></span> <span class='ocrx_word' id='word_1_384' title='bbox 2042 4434 2180 4514; x_wconf 89' lang='lat' dir='ltr'><strong>videtur,</strong></span> <span class='ocrx_word' id='word_1_385' title='bbox 2200 4462 2227 4502; x_wconf 79' lang='lat' dir='ltr'><strong>ts</strong></span> 
     </span>
     <span class='ocr_line' id='line_1_37' title="bbox 531 4539 2181 4628; baseline -0.001 -23"><span class='ocrx_word' id='word_1_386' title='bbox 531 4542 693 4628; x_wconf 92' lang='lat' dir='ltr'><strong>quomodo</strong></span> <span class='ocrx_word' id='word_1_387' title='bbox 728 4541 865 4626; x_wconf 88' lang='lat' dir='ltr'><strong>quisque</strong></span> <span class='ocrx_word' id='word_1_388' title='bbox 901 4539 942 4603; x_wconf 91' lang='lat' dir='ltr'><strong>ad</strong></span> <span class='ocrx_word' id='word_1_389' title='bbox 978 4539 1105 4603; x_wconf 89' lang='lat' dir='ltr'><strong>culmen</strong></span> <span class='ocrx_word' id='word_1_390' title='bbox 1138 4539 1232 4603; x_wconf 89' lang='lat' dir='ltr'><strong>huius</strong></span> <span class='ocrx_word' id='word_1_391' title='bbox 1263 4540 1393 4603; x_wconf 85' lang='lat' dir='ltr'><strong>honoris</strong></span> <span class='ocrx_word' id='word_1_392' title='bbox 1421 4541 1617 4625; x_wconf 87' lang='lat' dir='ltr'><strong>pervenerit.</strong></span> <span class='ocrx_word' id='word_1_393' title='bbox 1670 4539 1814 4625; x_wconf 87' lang='lat' dir='ltr'><strong>Ideoque</strong></span> <span class='ocrx_word' id='word_1_394' title='bbox 1849 4539 1972 4625; x_wconf 89' lang='lat' dir='ltr'><strong>placuit</strong></span> <span class='ocrx_word' id='word_1_395' title='bbox 2006 4541 2181 4605; x_wconf 88' lang='lat' dir='ltr'><strong>conventui</strong></span> 
     </span>
     <span class='ocr_line' id='line_1_38' title="bbox 529 4646 2181 4732; baseline -0.001 -20"><span class='ocrx_word' id='word_1_396' title='bbox 529 4648 717 4712; x_wconf 87' lang='lat' dir='ltr'><strong>humilitatis</strong></span> <span class='ocrx_word' id='word_1_397' title='bbox 748 4658 888 4724; x_wconf 90' lang='lat' dir='ltr'><strong>nostrae,</strong></span> <span class='ocrx_word' id='word_1_398' title='bbox 919 4659 955 4710; x_wconf 92' lang='lat' dir='ltr'><strong>ut</strong></span> <span class='ocrx_word' id='word_1_399' title='bbox 985 4647 1067 4708; x_wconf 86' lang='lat' dir='ltr'><strong>sicut</strong></span> <span class='ocrx_word' id='word_1_400' title='bbox 1097 4668 1195 4731; x_wconf 90' lang='lat' dir='ltr'><strong>saepe</strong></span> <span class='ocrx_word' id='word_1_401' title='bbox 1228 4647 1419 4710; x_wconf 87' lang='lat' dir='ltr'><strong>auctoritate</strong></span> <span class='ocrx_word' id='word_1_402' title='bbox 1451 4646 1635 4710; x_wconf 85' lang='lat' dir='ltr'><strong>divinarum</strong></span> <span class='ocrx_word' id='word_1_403' title='bbox 1663 4648 1905 4732; x_wconf 85' lang='lat' dir='ltr'><strong>scripturarum,</strong></span> <span class='ocrx_word' id='word_1_404' title='bbox 1938 4646 2062 4711; x_wconf 87' lang='lat' dir='ltr'><strong>scilicet</strong></span> <span class='ocrx_word' id='word_1_405' title='bbox 2091 4646 2181 4711; x_wconf 88' lang='lat' dir='ltr'><strong>beati</strong></span> 
     </span>
    </p>

    <p class='ocr_par' dir='ltr' id='par_1_6' title="bbox 390 4750 2227 5052">
     <span class='ocr_line' id='line_1_39' title="bbox 390 4750 2181 4838; baseline 0.002 -24"><span class='ocrx_word' id='word_1_406' title='bbox 390 4774 509 4824; x_wconf 65' lang='lat' dir='ltr'><strong>usas,</strong></span> <span class='ocrx_word' id='word_1_407' title='bbox 527 4754 618 4819; x_wconf 89' lang='lat' dir='ltr'><strong>Petri</strong></span> <span class='ocrx_word' id='word_1_408' title='bbox 643 4753 778 4838; x_wconf 86' lang='lat' dir='ltr'><strong>apostoli</strong></span> <span class='ocrx_word' id='word_1_409' title='bbox 808 4754 843 4816; x_wconf 93' lang='lat' dir='ltr'><strong>in</strong></span> <span class='ocrx_word' id='word_1_410' title='bbox 867 4753 1032 4817; x_wconf 89' lang='lat' dir='ltr'><strong>Simonem</strong></span> <span class='ocrx_word' id='word_1_411' title='bbox 1064 4774 1193 4836; x_wconf 84' lang='lat' dir='ltr'><strong>magum</strong></span> <span class='ocrx_word' id='word_1_412' title='bbox 1218 4750 1426 4816; x_wconf 88' lang='lat' dir='ltr'><strong>danmatione</strong></span> <span class='ocrx_word' id='word_1_413' title='bbox 1456 4776 1583 4817; x_wconf 87' lang='lat' dir='ltr'><strong>necnon</strong></span> <span class='ocrx_word' id='word_1_414' title='bbox 1609 4764 1640 4816; x_wconf 89' lang='lat' dir='ltr'><strong>et</strong></span> <span class='ocrx_word' id='word_1_415' title='bbox 1664 4776 1822 4817; x_wconf 87' lang='lat' dir='ltr'><strong>canonum</strong></span> <span class='ocrx_word' id='word_1_416' title='bbox 1853 4754 2030 4835; x_wconf 89' lang='lat' dir='ltr'><strong>sanctione,</strong></span> <span class='ocrx_word' id='word_1_417' title='bbox 2062 4754 2121 4818; x_wconf 88' lang='lat' dir='ltr'><strong>sed</strong></span> <span class='ocrx_word' id='word_1_418' title='bbox 2149 4764 2181 4817; x_wconf 90' lang='lat' dir='ltr'><strong>et</strong></span> 
     </span>
     <span class='ocr_line' id='line_1_40' title="bbox 414 4828 2180 4946; baseline 0 -22"><span class='ocrx_word' id='word_1_419' title='bbox 414 4828 481 4876; x_wconf 53' lang='lat' dir='ltr'><strong>⁹⁸⁴¹sp</strong></span> <span class='ocrx_word' id='word_1_420' title='bbox 527 4858 615 4924; x_wconf 88' lang='lat' dir='ltr'><strong>beati</strong></span> <span class='ocrx_word' id='word_1_421' title='bbox 647 4858 819 4943; x_wconf 73' lang='lat' dir='ltr'><strong>Gregorii⁴</strong></span> <span class='ocrx_word' id='word_1_422' title='bbox 850 4858 1075 4922; x_wconf 87' lang='lat' dir='ltr'><strong>adhortatione</strong></span> <span class='ocrx_word' id='word_1_423' title='bbox 1107 4858 1267 4920; x_wconf 86' lang='lat' dir='ltr'><strong>sancitum</strong></span> <span class='ocrx_word' id='word_1_424' title='bbox 1300 4870 1359 4937; x_wconf 90' lang='lat' dir='ltr'><strong>est,</strong></span> <span class='ocrx_word' id='word_1_425' title='bbox 1390 4858 1497 4923; x_wconf 91' lang='lat' dir='ltr'><strong>nullus</strong></span> <span class='ocrx_word' id='word_1_426' title='bbox 1529 4858 1713 4945; x_wconf 87' lang='lat' dir='ltr'><strong>episcopale</strong></span> <span class='ocrx_word' id='word_1_427' title='bbox 1745 4860 1958 4924; x_wconf 90' lang='lat' dir='ltr'><strong>ministerium</strong></span> <span class='ocrx_word' id='word_1_428' title='bbox 1989 4882 2048 4946; x_wconf 92' lang='lat' dir='ltr'><strong>per</strong></span> <span class='ocrx_word' id='word_1_429' title='bbox 2077 4858 2180 4924; x_wconf 87' lang='lat' dir='ltr'><strong>ambi·</strong></span> 
     </span>
     <span class='ocr_line' id='line_1_41' title="bbox 527 4964 2227 5052; baseline 0 -21"><span class='ocrx_word' id='word_1_430' title='bbox 527 4968 646 5031; x_wconf 89' lang='lat' dir='ltr'><strong>tionem</strong></span> <span class='ocrx_word' id='word_1_431' title='bbox 670 4987 840 5029; x_wconf 91' lang='lat' dir='ltr'><strong>munerum</strong></span> <span class='ocrx_word' id='word_1_432' title='bbox 864 4964 1065 5051; x_wconf 88' lang='lat' dir='ltr'><strong>adtemptare</strong></span> <span class='ocrx_word' id='word_1_433' title='bbox 1090 4975 1285 5050; x_wconf 86' lang='lat' dir='ltr'><strong>praesumat,</strong></span> <span class='ocrx_word' id='word_1_434' title='bbox 1310 4964 1367 5027; x_wconf 89' lang='lat' dir='ltr'><strong>sed</strong></span> <span class='ocrx_word' id='word_1_435' title='bbox 1392 4966 1419 5028; x_wconf 87' lang='lat' dir='ltr'><strong>is</strong></span> <span class='ocrx_word' id='word_1_436' title='bbox 1443 4966 1621 5052; x_wconf 86' lang='lat' dir='ltr'><strong>episcopali</strong></span> <span class='ocrx_word' id='word_1_437' title='bbox 1645 4965 1753 5030; x_wconf 88' lang='lat' dir='ltr'><strong>officio</strong></span> <span class='ocrx_word' id='word_1_438' title='bbox 1777 4967 1971 5052; x_wconf 81' lang='lat' dir='ltr'><strong>perveniens</strong></span> <span class='ocrx_word' id='word_1_439' title='bbox 2001 4966 2179 5031; x_wconf 88' lang='lat' dir='ltr'><strong>secundum</strong></span> <span class='ocrx_word' id='word_1_440' title='bbox 2198 4995 2227 5033; x_wconf 75' lang='lat' dir='ltr'><strong>so</strong></span> 
     </span>
    </p>
   </div>
   <div class='ocr_carea' id='block_1_5' title="bbox 524 5160 2224 5678">
    <p class='ocr_par' dir='ltr' id='par_1_7' title="bbox 525 5160 2179 5498">
     <span class='ocr_line' id='line_1_42' title="bbox 634 5160 2178 5231; baseline 0.001 -16"><span class='ocrx_word' id='word_1_441' title='bbox 634 5163 847 5216; x_wconf 75' lang='lat' dir='ltr'><strong>Ssacerdotslis</strong></span> <span class='ocrx_word' id='word_1_442' title='bbox 869 5165 900 5214; x_wconf 86' lang='lat' dir='ltr'><strong>G.</strong></span> <span class='ocrx_word' id='word_1_443' title='bbox 965 5167 980 5214; x_wconf 85' lang='grc'>9</span> <span class='ocrx_word' id='word_1_444' title='bbox 1000 5163 1052 5213; x_wconf 86' lang='lat' dir='ltr'><strong>illis</strong></span> <span class='ocrx_word' id='word_1_445' title='bbox 1073 5165 1105 5213; x_wconf 87' lang='lat' dir='ltr'><strong>G.</strong></span> <span class='ocrx_word' id='word_1_446' title='bbox 1179 5167 1211 5214; x_wconf 89' lang='lat'><strong>10</strong></span> <span class='ocrx_word' id='word_1_447' title='bbox 1231 5166 1266 5213; x_wconf 87' lang='lat' dir='ltr'><strong>sit</strong></span> <span class='ocrx_word' id='word_1_448' title='bbox 1283 5164 1344 5215; x_wconf 76' lang='lat' dir='ltr'><strong>add.</strong></span> <span class='ocrx_word' id='word_1_449' title='bbox 1363 5182 1375 5215; x_wconf 82' lang='lat' dir='ltr'><strong>e</strong></span> <span class='ocrx_word' id='word_1_450' title='bbox 1393 5166 1455 5215; x_wconf 80' lang='lat' dir='ltr'><strong>coni.</strong></span> <span class='ocrx_word' id='word_1_451' title='bbox 1530 5168 1562 5215; x_wconf 87' lang='lat'><strong>13</strong></span> <span class='ocrx_word' id='word_1_452' title='bbox 1583 5160 1725 5229; x_wconf 82' lang='lat' dir='ltr'><strong>ecclesiae]</strong></span> <span class='ocrx_word' id='word_1_453' title='bbox 1744 5175 1825 5231; x_wconf 87' lang='lat' dir='ltr'><strong>atquc</strong></span> <span class='ocrx_word' id='word_1_454' title='bbox 1844 5167 1905 5217; x_wconf 82' lang='lat' dir='ltr'><strong>add.</strong></span> <span class='ocrx_word' id='word_1_455' title='bbox 1926 5167 1967 5226; x_wconf 72' lang='lat' dir='ltr'><strong>G„</strong></span> <span class='ocrx_word' id='word_1_456' title='bbox 1986 5167 2029 5216; x_wconf 77' lang='lat' dir='ltr'><strong>adi</strong></span> <span class='ocrx_word' id='word_1_457' title='bbox 2046 5167 2178 5218; x_wconf 87' lang='lat' dir='ltr'><strong>honorem</strong></span> 
     </span>
     <span class='ocr_line' id='line_1_43' title="bbox 525 5249 2177 5320; baseline 0.001 -15"><span class='ocrx_word' id='word_1_458' title='bbox 525 5257 564 5305; x_wconf 76' lang='lat' dir='ltr'><strong>ael</strong></span> <span class='ocrx_word' id='word_1_459' title='bbox 580 5256 659 5306; x_wconf 80' lang='lat' dir='ltr'><strong>simile</strong></span> <span class='ocrx_word' id='word_1_460' title='bbox 677 5254 739 5320; x_wconf 79' lang='lat' dir='ltr'><strong>qnid</strong></span> <span class='ocrx_word' id='word_1_461' title='bbox 756 5254 835 5304; x_wconf 61' lang='lat' dir='ltr'><strong>&amp;esse</strong></span> <span class='ocrx_word' id='word_1_462' title='bbox 854 5254 959 5303; x_wconf 68' lang='lat' dir='ltr'><strong>ridetur.</strong></span> <span class='ocrx_word' id='word_1_463' title='bbox 1029 5257 1059 5303; x_wconf 77' lang='lat'><strong>14</strong></span> <span class='ocrx_word' id='word_1_464' title='bbox 1079 5249 1206 5315; x_wconf 63' lang='lat' dir='ltr'><strong>debeant}</strong></span> <span class='ocrx_word' id='word_1_465' title='bbox 1227 5254 1396 5304; x_wconf 87' lang='lat' dir='ltr'><strong>debebantur</strong></span> <span class='ocrx_word' id='word_1_466' title='bbox 1416 5255 1447 5304; x_wconf 76' lang='lat' dir='ltr'><strong>G.</strong></span> <span class='ocrx_word' id='word_1_467' title='bbox 1516 5257 1549 5303; x_wconf 82' lang='grc'><strong>16</strong></span> <span class='ocrx_word' id='word_1_468' title='bbox 1567 5256 1603 5305; x_wconf 88' lang='lat' dir='ltr'><strong>im</strong></span> <span class='ocrx_word' id='word_1_469' title='bbox 1624 5255 1655 5304; x_wconf 76' lang='grc' dir='ltr'><strong>θ.</strong></span> <span class='ocrx_word' id='word_1_470' title='bbox 1725 5259 1756 5304; x_wconf 84' lang='grc'><strong>18</strong></span> <span class='ocrx_word' id='word_1_471' title='bbox 1776 5257 1941 5306; x_wconf 85' lang='lat' dir='ltr'><strong>nmmotione</strong></span> <span class='ocrx_word' id='word_1_472' title='bbox 1962 5256 1994 5306; x_wconf 80' lang='lat' dir='ltr'><strong>G.</strong></span> <span class='ocrx_word' id='word_1_473' title='bbox 2060 5258 2095 5307; x_wconf 82' lang='lat'><strong>20</strong></span> <span class='ocrx_word' id='word_1_474' title='bbox 2112 5258 2177 5306; x_wconf 76' lang='lat' dir='ltr'><strong>ism-</strong></span> 
     </span>
     <span class='ocr_line' id='line_1_44' title="bbox 526 5338 2179 5410; baseline 0.001 -18"><span class='ocrx_word' id='word_1_475' title='bbox 526 5360 579 5408; x_wconf 91' lang='lat' dir='ltr'><strong>qne</strong></span> <span class='ocrx_word' id='word_1_476' title='bbox 598 5370 633 5377; x_wconf 93' lang='lat'><strong>—</strong></span> <span class='ocrx_word' id='word_1_477' title='bbox 653 5338 703 5406; x_wconf 87' lang='lat' dir='ltr'><strong>est]</strong></span> <span class='ocrx_word' id='word_1_478' title='bbox 721 5343 831 5408; x_wconf 78' lang='lat' dir='ltr'><strong>fortasse</strong></span> <span class='ocrx_word' id='word_1_479' title='bbox 850 5343 980 5409; x_wconf 65' lang='lat' dir='ltr'><strong>hyesdem</strong></span> <span class='ocrx_word' id='word_1_480' title='bbox 998 5351 1033 5392; x_wconf 80' lang='lat' dir='ltr'><strong>est</strong></span> <span class='ocrx_word' id='word_1_481' title='bbox 1051 5343 1114 5401; x_wconf 87' lang='lat' dir='ltr'><strong>iam,</strong></span> <span class='ocrx_word' id='word_1_482' title='bbox 1134 5342 1217 5406; x_wconf 88' lang='lat' dir='ltr'><strong>quod,</strong></span> <span class='ocrx_word' id='word_1_483' title='bbox 1237 5349 1266 5391; x_wconf 90' lang='lat' dir='ltr'><strong>ut</strong></span> <span class='ocrx_word' id='word_1_484' title='bbox 1286 5343 1454 5407; x_wconf 86' lang='lat' dir='ltr'><strong>praedictum</strong></span> <span class='ocrx_word' id='word_1_485' title='bbox 1474 5350 1523 5393; x_wconf 88' lang='lat' dir='ltr'><strong>est.</strong></span> <span class='ocrx_word' id='word_1_486' title='bbox 1606 5345 1639 5393; x_wconf 77' lang='grc'><strong>26</strong></span> <span class='ocrx_word' id='word_1_487' title='bbox 1665 5345 1857 5395; x_wconf 87' lang='lat' dir='ltr'><strong>considerandi</strong></span> <span class='ocrx_word' id='word_1_488' title='bbox 1878 5344 1910 5394; x_wconf 82' lang='lat' dir='ltr'><strong>G.</strong></span> <span class='ocrx_word' id='word_1_489' title='bbox 1993 5346 2026 5395; x_wconf 80' lang='grc'><strong>29</strong></span> <span class='ocrx_word' id='word_1_490' title='bbox 2048 5360 2179 5410; x_wconf 88' lang='lat' dir='ltr'><strong>quocum·</strong></span> 
     </span>
     <span class='ocr_line' id='line_1_45' title="bbox 526 5424 1620 5498; baseline -0.001 -16"><span class='ocrx_word' id='word_1_491' title='bbox 526 5429 589 5498; x_wconf 89' lang='lat' dir='ltr'><strong>qne]</strong></span> <span class='ocrx_word' id='word_1_492' title='bbox 609 5447 727 5497; x_wconf 89' lang='lat' dir='ltr'><strong>quocum</strong></span> <span class='ocrx_word' id='word_1_493' title='bbox 749 5433 780 5482; x_wconf 83' lang='lat' dir='ltr'><strong>G.</strong></span> <span class='ocrx_word' id='word_1_494' title='bbox 854 5435 887 5481; x_wconf 76' lang='lat'><strong>32</strong></span> <span class='ocrx_word' id='word_1_495' title='bbox 907 5430 1103 5482; x_wconf 82' lang='lat' dir='ltr'><strong>sacerdotalem</strong></span> <span class='ocrx_word' id='word_1_496' title='bbox 1123 5456 1158 5464; x_wconf 94' lang='lat'>-</span> <span class='ocrx_word' id='word_1_497' title='bbox 1177 5424 1305 5496; x_wconf 79' lang='lat' dir='ltr'><strong>denegat]</strong></span> <span class='ocrx_word' id='word_1_498' title='bbox 1324 5448 1409 5480; x_wconf 76' lang='lat' dir='ltr'><strong>muas</strong></span> <span class='ocrx_word' id='word_1_499' title='bbox 1427 5430 1497 5481; x_wconf 75' lang='lat' dir='ltr'><strong>licre</strong></span> <span class='ocrx_word' id='word_1_500' title='bbox 1515 5432 1620 5482; x_wconf 76' lang='lat' dir='ltr'><strong>uidetur.</strong></span> 
     </span>
    </p>

    <p class='ocr_par' dir='ltr' id='par_1_8' title="bbox 524 5516 2224 5678">
     <span class='ocr_line' id='line_1_46' title="bbox 632 5516 2224 5588; baseline 0.001 -17"><span class='ocrx_word' id='word_1_501' title='bbox 632 5522 654 5571; x_wconf 87' lang='lat'><strong>1.</strong></span> <span class='ocrx_word' id='word_1_502' title='bbox 684 5524 717 5571; x_wconf 78' lang='lat'><strong>34</strong></span> <span class='ocrx_word' id='word_1_503' title='bbox 738 5520 873 5585; x_wconf 84' lang='lat' dir='ltr'><strong>Capnt-</strong></span> <span class='ocrx_word' id='word_1_504' title='bbox 887 5516 1088 5586; x_wconf 84' lang='lat' dir='ltr'><strong>episcoporum]</strong></span> <span class='ocrx_word' id='word_1_505' title='bbox 1110 5520 1146 5569; x_wconf 79' lang='lat' dir='ltr'><strong>ita</strong></span> <span class='ocrx_word' id='word_1_506' title='bbox 1155 5520 1376 5584; x_wconf 78' lang='lat' dir='ltr'><strong>praemissoverbo</strong></span> <span class='ocrx_word' id='word_1_507' title='bbox 1389 5519 1515 5570; x_wconf 79' lang='lat' dir='ltr'><strong>Oenones</strong></span> <span class='ocrx_word' id='word_1_508' title='bbox 1527 5520 1592 5582; x_wconf 67' lang='lat' dir='ltr'><strong>edd,</strong></span> <span class='ocrx_word' id='word_1_509' title='bbox 1611 5521 1701 5571; x_wconf 72' lang='lat' dir='ltr'><strong>daant</strong></span> <span class='ocrx_word' id='word_1_510' title='bbox 1715 5521 1746 5571; x_wconf 85' lang='lat' dir='ltr'><strong>G.</strong></span> <span class='ocrx_word' id='word_1_511' title='bbox 1805 5525 1838 5571; x_wconf 79' lang='lat'><strong>35</strong></span> <span class='ocrx_word' id='word_1_512' title='bbox 1858 5524 2131 5588; x_wconf 86' lang='lat' dir='ltr'><strong>praedistinationem</strong></span> <span class='ocrx_word' id='word_1_513' title='bbox 2145 5521 2177 5572; x_wconf 79' lang='lat' dir='ltr'><strong>G.</strong></span> <span class='ocrx_word' id='word_1_514' title='bbox 2195 5539 2224 5579; x_wconf 69' lang='lat' dir='ltr'><strong>aa</strong></span> 
     </span>
     <span class='ocr_line' id='line_1_47' title="bbox 524 5604 925 5678; baseline -0.005 -17"><span class='ocrx_word' id='word_1_515' title='bbox 524 5613 559 5662; x_wconf 77' lang='lat'><strong>40</strong></span> <span class='ocrx_word' id='word_1_516' title='bbox 578 5604 750 5678; x_wconf 84' lang='lat' dir='ltr'><strong>perveniens]</strong></span> <span class='ocrx_word' id='word_1_517' title='bbox 770 5611 793 5659; x_wconf 91' lang='lat' dir='ltr'><strong>si</strong></span> <span class='ocrx_word' id='word_1_518' title='bbox 811 5608 872 5659; x_wconf 73' lang='lat' dir='ltr'><strong>odd.</strong></span> <span class='ocrx_word' id='word_1_519' title='bbox 893 5613 925 5659; x_wconf 73' lang='lat' dir='ltr'><strong>G.</strong></span> 
     </span>
    </p>
   </div>
   <div class='ocr_carea' id='block_1_6' title="bbox 524 5771 2175 5956">
    <p class='ocr_par' dir='ltr' id='par_1_9' title="bbox 524 5771 2175 5956">
     <span class='ocr_line' id='line_1_48' title="bbox 634 5771 2175 5850; baseline 0.002 -21"><span class='ocrx_word' id='word_1_520' title='bbox 634 5776 662 5829; x_wconf 80' lang='lat' dir='ltr'><strong>ll</strong></span> <span class='ocrx_word' id='word_1_521' title='bbox 687 5774 717 5829; x_wconf 81' lang='lat' dir='ltr'><strong>l&#39;.</strong></span> <span class='ocrx_word' id='word_1_522' title='bbox 742 5773 827 5844; x_wconf 75' lang='lat' dir='ltr'><strong>iufra</strong></span> <span class='ocrx_word' id='word_1_523' title='bbox 850 5774 868 5828; x_wconf 85' lang='lat' dir='ltr'><strong>I.</strong></span> <span class='ocrx_word' id='word_1_524' title='bbox 890 5777 928 5828; x_wconf 76' lang='lat'><strong>35</strong></span> <span class='ocrx_word' id='word_1_525' title='bbox 944 5793 1006 5848; x_wconf 78' lang='lat' dir='ltr'><strong>sqq.</strong></span> <span class='ocrx_word' id='word_1_526' title='bbox 1099 5772 1129 5825; x_wconf 70' lang='lat' dir='ltr'><strong>‘ll</strong></span> <span class='ocrx_word' id='word_1_527' title='bbox 1153 5772 1184 5826; x_wconf 78' lang='lat' dir='ltr'><strong>V.</strong></span> <span class='ocrx_word' id='word_1_528' title='bbox 1204 5792 1238 5845; x_wconf 83' lang='lat' dir='ltr'><strong>p.</strong></span> <span class='ocrx_word' id='word_1_529' title='bbox 1260 5774 1322 5830; x_wconf 79' lang='lat'><strong>708</strong></span> <span class='ocrx_word' id='word_1_530' title='bbox 1345 5773 1363 5827; x_wconf 88' lang='lat' dir='ltr'><strong>I.</strong></span> <span class='ocrx_word' id='word_1_531' title='bbox 1385 5775 1426 5831; x_wconf 77' lang='lat'><strong>32</strong></span> <span class='ocrx_word' id='word_1_532' title='bbox 1440 5792 1501 5847; x_wconf 84' lang='lat' dir='ltr'><strong>sqq.</strong></span> <span class='ocrx_word' id='word_1_533' title='bbox 1588 5774 1618 5840; x_wconf 79' lang='lat'><strong>3)</strong></span> <span class='ocrx_word' id='word_1_534' title='bbox 1640 5773 1671 5829; x_wconf 85' lang='lat' dir='ltr'><strong>V.</strong></span> <span class='ocrx_word' id='word_1_535' title='bbox 1692 5793 1725 5848; x_wconf 83' lang='lat' dir='ltr'><strong>p.</strong></span> <span class='ocrx_word' id='word_1_536' title='bbox 1748 5776 1805 5833; x_wconf 70' lang='lat'><strong>714</strong></span> <span class='ocrx_word' id='word_1_537' title='bbox 1830 5775 1848 5829; x_wconf 83' lang='lat' dir='ltr'><strong>l.</strong></span> <span class='ocrx_word' id='word_1_538' title='bbox 1870 5778 1913 5833; x_wconf 79' lang='lat'><strong>26</strong></span> <span class='ocrx_word' id='word_1_539' title='bbox 1927 5795 1989 5850; x_wconf 82' lang='lat' dir='ltr'><strong>sqq.</strong></span> <span class='ocrx_word' id='word_1_540' title='bbox 2073 5773 2105 5844; x_wconf 80' lang='lat'><strong>4)</strong></span> <span class='ocrx_word' id='word_1_541' title='bbox 2127 5771 2175 5844; x_wconf 80' lang='lat' dir='ltr'><strong>Cf.</strong></span> 
     </span>
     <span class='ocr_line' id='line_1_49' title="bbox 524 5877 1429 5956; baseline -0.006 -18"><span class='ocrx_word' id='word_1_542' title='bbox 524 5880 681 5956; x_wconf 77' lang='lat' dir='ltr'><strong>Greporins</strong></span> <span class='ocrx_word' id='word_1_543' title='bbox 708 5880 760 5948; x_wconf 79' lang='lat' dir='ltr'><strong>Jl,</strong></span> <span class='ocrx_word' id='word_1_544' title='bbox 784 5879 895 5955; x_wconf 74' lang='lat' dir='ltr'><strong>Reputo</strong></span> <span class='ocrx_word' id='word_1_545' title='bbox 913 5878 1072 5954; x_wconf 78' lang='lat' dir='ltr'><strong>pastoralis</strong></span> <span class='ocrx_word' id='word_1_546' title='bbox 1096 5877 1114 5932; x_wconf 96' lang='lat'><em>1</em></span> <span class='ocrx_word' id='word_1_547' title='bbox 1133 5896 1158 5934; x_wconf 89' lang='lat' dir='ltr'><strong>c.</strong></span> <span class='ocrx_word' id='word_1_548' title='bbox 1177 5883 1214 5944; x_wconf 80' lang='lat'><strong>8,·</strong></span> <span class='ocrx_word' id='word_1_549' title='bbox 1240 5877 1314 5953; x_wconf 80' lang='lat' dir='ltr'><strong>Opp.</strong></span> <span class='ocrx_word' id='word_1_550' title='bbox 1339 5878 1379 5949; x_wconf 88' lang='lat' dir='ltr'><strong>II,</strong></span> <span class='ocrx_word' id='word_1_551' title='bbox 1399 5883 1429 5938; x_wconf 83' lang='lat'><strong>8.</strong></span> 
     </span>
    </p>
   </div>
   <div class='ocr_carea' id='block_1_7' title="bbox 0 0 2449 6708">
    <p class='ocr_par' dir='ltr' id='par_1_10' title="bbox 0 0 2449 6708">
     <span class='ocr_line' id='line_1_50' title="bbox 0 0 2449 6708; baseline 0 0"><span class='ocrx_word' id='word_1_552' title='bbox 0 0 2449 6708; x_wconf 95' lang='lat' dir='ltr'><strong> </strong></span> 
     </span>
    </p>
   </div>
  </div>
 </body>
</html>
