<?xml version="1.0" encoding="UTF-8"?>
<!DOCTYPE html PUBLIC "-//W3C//DTD XHTML 1.0 Transitional//EN"
    "http://www.w3.org/TR/xhtml1/DTD/xhtml1-transitional.dtd">
<html xmlns="http://www.w3.org/1999/xhtml" xml:lang="en" lang="en">
 <head>
  <title>
</title>
<meta http-equiv="Content-Type" content="text/html;charset=utf-8" />
  <meta name='ocr-system' content='tesseract 3.04.00' />
  <meta name='ocr-capabilities' content='ocr_page ocr_carea ocr_par ocr_line ocrx_word'/>
</head>
<body>
  <div class='ocr_page' id='page_1' title='image "./monumentagerman02gescgoog/monumentagerman02gescgoog_0434.png"; bbox 0 0 4884 6717; ppageno 0'>
   <div class='ocr_carea' id='block_1_1' title="bbox 553 525 2207 588">
    <p class='ocr_par' dir='ltr' id='par_1_1' title="bbox 553 525 2207 588">
     <span class='ocr_line' id='line_1_1' title="bbox 553 525 2207 588; baseline -0.002 0"><span class='ocrx_word' id='word_1_1' title='bbox 553 525 618 588; x_wconf 84' lang='lat'>838</span> <span class='ocrx_word' id='word_1_2' title='bbox 645 531 856 587; x_wconf 76' lang='lat' dir='ltr'>APPEXDIX.</span> <span class='ocrx_word' id='word_1_3' title='bbox 882 529 913 586; x_wconf 84' lang='grc'>9.</span> <span class='ocrx_word' id='word_1_4' title='bbox 929 529 1036 586; x_wconf 73' lang='lat' dir='ltr'>ACTA</span> <span class='ocrx_word' id='word_1_5' title='bbox 1052 529 1194 588; x_wconf 72' lang='lat' dir='ltr'>spuma</span> <span class='ocrx_word' id='word_1_6' title='bbox 1209 531 1266 587; x_wconf 83' lang='grc' dir='ltr'>ΔΙ)</span> <span class='ocrx_word' id='word_1_7' title='bbox 1282 530 1503 588; x_wconf 68' lang='lat' dir='ltr'>costuma</span> <span class='ocrx_word' id='word_1_8' title='bbox 1521 528 1802 585; x_wconf 73' lang='lat' dir='ltr'>cantsucexsn</span> <span class='ocrx_word' id='word_1_9' title='bbox 1818 528 2062 585; x_wconf 68' lang='lat' dir='ltr'>seueram</span> <span class='ocrx_word' id='word_1_10' title='bbox 2079 531 2118 587; x_wconf 86' lang='lat' dir='ltr'>A.</span> <span class='ocrx_word' id='word_1_11' title='bbox 2132 530 2207 586; x_wconf 83' lang='grc'><strong>838.</strong></span> 
     </span>
    </p>
   </div>
   <div class='ocr_carea' id='block_1_2' title="bbox 546 715 2347 5397">
    <p class='ocr_par' dir='ltr' id='par_1_2' title="bbox 546 715 2347 5397">
     <span class='ocr_line' id='line_1_2' title="bbox 553 715 2206 805; baseline -0.001 -22"><span class='ocrx_word' id='word_1_12' title='bbox 553 731 590 783; x_wconf 89' lang='lat' dir='ltr'>nt</span> <span class='ocrx_word' id='word_1_13' title='bbox 612 729 688 783; x_wconf 88' lang='lat' dir='ltr'>ante</span> <span class='ocrx_word' id='word_1_14' title='bbox 711 741 747 782; x_wconf 90' lang='lat' dir='ltr'>sc</span> <span class='ocrx_word' id='word_1_15' title='bbox 769 719 805 783; x_wconf 92' lang='lat' dir='ltr'>in</span> <span class='ocrx_word' id='word_1_16' title='bbox 828 740 887 783; x_wconf 92' lang='lat' dir='ltr'>sno</span> <span class='ocrx_word' id='word_1_17' title='bbox 910 716 1032 804; x_wconf 87' lang='lat' dir='ltr'>palatio</span> <span class='ocrx_word' id='word_1_18' title='bbox 1055 718 1128 804; x_wconf 86' lang='lat' dir='ltr'>ipsa</span> <span class='ocrx_word' id='word_1_19' title='bbox 1150 716 1319 783; x_wconf 87' lang='lat' dir='ltr'>altercatio</span> <span class='ocrx_word' id='word_1_20' title='bbox 1334 719 1492 784; x_wconf 88' lang='lat' dir='ltr'>finiretur.</span> <span class='ocrx_word' id='word_1_21' title='bbox 1530 718 1625 782; x_wconf 84' lang='lat' dir='ltr'>Tunc</span> <span class='ocrx_word' id='word_1_22' title='bbox 1648 738 1727 801; x_wconf 88' lang='lat' dir='ltr'>ergo</span> <span class='ocrx_word' id='word_1_23' title='bbox 1750 717 1844 780; x_wconf 87' lang='lat' dir='ltr'>iussit</span> <span class='ocrx_word' id='word_1_24' title='bbox 1862 715 1998 782; x_wconf 90' lang='lat' dir='ltr'>domnus</span> <span class='ocrx_word' id='word_1_25' title='bbox 2021 718 2206 805; x_wconf 86' lang='lat' dir='ltr'>imperatur,</span> 
     </span>
     <span class='ocr_line' id='line_1_3' title="bbox 549 822 2205 911; baseline -0.001 -22"><span class='ocrx_word' id='word_1_26' title='bbox 549 837 587 889; x_wconf 93' lang='lat' dir='ltr'>nt</span> <span class='ocrx_word' id='word_1_27' title='bbox 609 823 768 889; x_wconf 84' lang='lat' dir='ltr'>baberent</span> <span class='ocrx_word' id='word_1_28' title='bbox 790 823 888 889; x_wconf 90' lang='lat' dir='ltr'>ambo</span> <span class='ocrx_word' id='word_1_29' title='bbox 911 847 1023 889; x_wconf 90' lang='lat' dir='ltr'>eorum</span> <span class='ocrx_word' id='word_1_30' title='bbox 1046 825 1259 889; x_wconf 76' lang='lat' dir='ltr'><strong>auctoritates</strong></span> <span class='ocrx_word' id='word_1_31' title='bbox 1282 837 1315 888; x_wconf 91' lang='lat' dir='ltr'>et</span> <span class='ocrx_word' id='word_1_32' title='bbox 1338 826 1525 889; x_wconf 89' lang='lat' dir='ltr'>testimonia</span> <span class='ocrx_word' id='word_1_33' title='bbox 1546 824 1748 911; x_wconf 85' lang='lat' dir='ltr'>Aquisgrani</span> <span class='ocrx_word' id='word_1_34' title='bbox 1776 822 1899 909; x_wconf 82' lang='lat' dir='ltr'>palatio</span> <span class='ocrx_word' id='word_1_35' title='bbox 1925 823 1969 888; x_wconf 83' lang='lat' dir='ltr'>ed</span> <span class='ocrx_word' id='word_1_36' title='bbox 1991 847 2084 888; x_wconf 91' lang='lat' dir='ltr'>suum</span> <span class='ocrx_word' id='word_1_37' title='bbox 2106 824 2205 911; x_wconf 79' lang='lat' dir='ltr'>placi-</span> 
     </span>
     <span class='ocr_line' id='line_1_4' title="bbox 549 929 2206 1018; baseline -0.001 -22"><span class='ocrx_word' id='word_1_38' title='bbox 549 943 629 1013; x_wconf 91' lang='lat' dir='ltr'>tum,</span> <span class='ocrx_word' id='word_1_39' title='bbox 653 930 741 1017; x_wconf 89' lang='lat' dir='ltr'>quod</span> <span class='ocrx_word' id='word_1_40' title='bbox 764 929 811 995; x_wconf 91' lang='lat' dir='ltr'>ibi</span> <span class='ocrx_word' id='word_1_41' title='bbox 827 929 1103 1017; x_wconf 84' lang='lat' dir='ltr'>quadragesimali</span> <span class='ocrx_word' id='word_1_42' title='bbox 1119 943 1265 1018; x_wconf 89' lang='lat' dir='ltr'>tempore</span> <span class='ocrx_word' id='word_1_43' title='bbox 1282 953 1356 995; x_wconf 92' lang='lat' dir='ltr'>cum</span> <span class='ocrx_word' id='word_1_44' title='bbox 1371 931 1535 1018; x_wconf 87' lang='lat' dir='ltr'>episcopis</span> <span class='ocrx_word' id='word_1_45' title='bbox 1551 941 1584 995; x_wconf 89' lang='lat' dir='ltr'>et</span> <span class='ocrx_word' id='word_1_46' title='bbox 1599 929 1774 995; x_wconf 81' lang='lat' dir='ltr'>abbatibus</span> <span class='ocrx_word' id='word_1_47' title='bbox 1797 943 1831 993; x_wconf 91' lang='lat' dir='ltr'>et</span> <span class='ocrx_word' id='word_1_48' title='bbox 1845 929 2018 995; x_wconf 77' lang='lat' dir='ltr'>comitibus</span> <span class='ocrx_word' id='word_1_49' title='bbox 2040 943 2073 995; x_wconf 93' lang='lat' dir='ltr'>et</span> <span class='ocrx_word' id='word_1_50' title='bbox 2088 933 2206 995; x_wconf 88' lang='lat' dir='ltr'>ceteris</span> 
     </span>
     <span class='ocr_line' id='line_1_5' title="bbox 548 1035 2205 1124; baseline 0.001 -22"><span class='ocrx_word' id='word_1_51' title='bbox 548 1036 701 1102; x_wconf 86' lang='lat' dir='ltr'>fidelibus</span> <span class='ocrx_word' id='word_1_52' title='bbox 724 1039 792 1102; x_wconf 90' lang='lat' dir='ltr'>suis</span> <span class='ocrx_word' id='word_1_53' title='bbox 816 1035 969 1118; x_wconf 84' lang='lat' dir='ltr'>babebat,</span> <span class='ocrx_word' id='word_1_54' title='bbox 992 1049 1027 1102; x_wconf 90' lang='lat' dir='ltr'>ut</span> <span class='ocrx_word' id='word_1_55' title='bbox 1050 1035 1097 1101; x_wconf 84' lang='lat' dir='ltr'>ibi</span> <span class='ocrx_word' id='word_1_56' title='bbox 1120 1037 1260 1124; x_wconf 84' lang='lat' dir='ltr'>pleniter</span> <span class='ocrx_word' id='word_1_57' title='bbox 1281 1038 1452 1124; x_wconf 84' lang='lat' dir='ltr'>praefixa¹</span> <span class='ocrx_word' id='word_1_58' title='bbox 1474 1038 1642 1103; x_wconf 77' lang='lat' dir='ltr'><strong>altercatio</strong></span> <span class='ocrx_word' id='word_1_59' title='bbox 1665 1038 1764 1102; x_wconf 87' lang='lat' dir='ltr'>linem</span> <span class='ocrx_word' id='word_1_60' title='bbox 1791 1039 1985 1124; x_wconf 77' lang='lat' dir='ltr'>perciperet.</span> <span class='ocrx_word' id='word_1_61' title='bbox 2031 1036 2099 1102; x_wconf 85' lang='lat' dir='ltr'>Sed</span> <span class='ocrx_word' id='word_1_62' title='bbox 2122 1037 2205 1123; x_wconf 89' lang='lat' dir='ltr'>Sigi-</span> 
     </span>
     <span class='ocr_line' id='line_1_6' title="bbox 550 1143 2239 1231; baseline -0.001 -22"><span class='ocrx_word' id='word_1_63' title='bbox 550 1144 691 1209; x_wconf 87' lang='lat' dir='ltr'>mundus</span> <span class='ocrx_word' id='word_1_64' title='bbox 712 1146 779 1209; x_wconf 91' lang='lat' dir='ltr'>iam</span> <span class='ocrx_word' id='word_1_65' title='bbox 801 1155 938 1208; x_wconf 87' lang='lat' dir='ltr'>vocatus</span> <span class='ocrx_word' id='word_1_66' title='bbox 960 1143 1005 1207; x_wconf 90' lang='lat' dir='ltr'>ad</span> <span class='ocrx_word' id='word_1_67' title='bbox 1027 1144 1135 1230; x_wconf 89' lang='lat' dir='ltr'>ipsum</span> <span class='ocrx_word' id='word_1_68' title='bbox 1158 1143 1314 1230; x_wconf 89' lang='lat' dir='ltr'>placitum</span> <span class='ocrx_word' id='word_1_69' title='bbox 1336 1146 1469 1209; x_wconf 91' lang='lat' dir='ltr'>minime</span> <span class='ocrx_word' id='word_1_70' title='bbox 1492 1146 1653 1231; x_wconf 88' lang='lat' dir='ltr'>pervenit.</span> <span class='ocrx_word' id='word_1_71' title='bbox 1700 1143 1775 1224; x_wconf 81' lang='lat' dir='ltr'>Qua</span> <span class='ocrx_word' id='word_1_72' title='bbox 1797 1143 1838 1208; x_wconf 88' lang='lat' dir='ltr'>de</span> <span class='ocrx_word' id='word_1_73' title='bbox 1861 1166 1897 1207; x_wconf 91' lang='lat' dir='ltr'>re</span> <span class='ocrx_word' id='word_1_74' title='bbox 1927 1145 2045 1208; x_wconf 91' lang='lat' dir='ltr'>iterum</span> <span class='ocrx_word' id='word_1_75' title='bbox 2067 1144 2239 1208; x_wconf 79' lang='lat' dir='ltr'>domnuss</span> 
     </span>
     <span class='ocr_line' id='line_1_7' title="bbox 550 1249 2205 1338; baseline -0.001 -22"><span class='ocrx_word' id='word_1_76' title='bbox 550 1253 728 1338; x_wconf 90' lang='lat' dir='ltr'>imperator</span> <span class='ocrx_word' id='word_1_77' title='bbox 749 1274 810 1337; x_wconf 89' lang='lat' dir='ltr'>per</span> <span class='ocrx_word' id='word_1_78' title='bbox 831 1273 924 1315; x_wconf 87' lang='lat' dir='ltr'>suam</span> <span class='ocrx_word' id='word_1_79' title='bbox 948 1250 1118 1337; x_wconf 89' lang='lat' dir='ltr'>epistolam</span> <span class='ocrx_word' id='word_1_80' title='bbox 1142 1273 1217 1315; x_wconf 91' lang='lat' dir='ltr'>enm</span> <span class='ocrx_word' id='word_1_81' title='bbox 1239 1252 1382 1332; x_wconf 86' lang='lat' dir='ltr'>vocavit,</span> <span class='ocrx_word' id='word_1_82' title='bbox 1405 1264 1441 1315; x_wconf 94' lang='lat' dir='ltr'>ut</span> <span class='ocrx_word' id='word_1_83' title='bbox 1463 1263 1538 1338; x_wconf 88' lang='lat' dir='ltr'>post</span> <span class='ocrx_word' id='word_1_84' title='bbox 1560 1251 1710 1315; x_wconf 86' lang='lat' dir='ltr'>Pascba²</span> <span class='ocrx_word' id='word_1_85' title='bbox 1732 1251 1868 1314; x_wconf 84' lang='lat' dir='ltr'>veniret</span> <span class='ocrx_word' id='word_1_86' title='bbox 1916 1249 1983 1329; x_wconf 82' lang='lat' dir='ltr'>Qui</span> <span class='ocrx_word' id='word_1_87' title='bbox 2012 1260 2045 1315; x_wconf 89' lang='lat' dir='ltr'>et</span> <span class='ocrx_word' id='word_1_88' title='bbox 2071 1250 2132 1315; x_wconf 88' lang='lat' dir='ltr'>hoc</span> <span class='ocrx_word' id='word_1_89' title='bbox 2155 1273 2205 1314; x_wconf 90' lang='lat' dir='ltr'>re-</span> 
     </span>
     <span class='ocr_line' id='line_1_8' title="bbox 550 1356 2204 1444; baseline -0.001 -22"><span class='ocrx_word' id='word_1_90' title='bbox 550 1381 653 1422; x_wconf 90' lang='lat' dir='ltr'>nuens</span> <span class='ocrx_word' id='word_1_91' title='bbox 683 1359 749 1422; x_wconf 89' lang='lat' dir='ltr'>iam</span> <span class='ocrx_word' id='word_1_92' title='bbox 779 1358 875 1422; x_wconf 86' lang='lat' dir='ltr'>tertio</span> <span class='ocrx_word' id='word_1_93' title='bbox 905 1368 1042 1421; x_wconf 90' lang='lat' dir='ltr'>vocatus</span> <span class='ocrx_word' id='word_1_94' title='bbox 1072 1357 1206 1422; x_wconf 90' lang='lat' dir='ltr'>minime</span> <span class='ocrx_word' id='word_1_95' title='bbox 1238 1359 1329 1422; x_wconf 87' lang='lat' dir='ltr'>venit</span> <span class='ocrx_word' id='word_1_96' title='bbox 1358 1379 1466 1444; x_wconf 87' lang='lat' dir='ltr'>neque</span> <span class='ocrx_word' id='word_1_97' title='bbox 1489 1359 1623 1422; x_wconf 88' lang='lat' dir='ltr'>missum</span> <span class='ocrx_word' id='word_1_98' title='bbox 1646 1357 1789 1443; x_wconf 77' lang='lat' dir='ltr'>aliquem</span> <span class='ocrx_word' id='word_1_99' title='bbox 1811 1358 1908 1436; x_wconf 70' lang='lat' dir='ltr'>misit</span> <span class='ocrx_word' id='word_1_100' title='bbox 1932 1356 2075 1421; x_wconf 85' lang='lat' dir='ltr'>curbae</span> <span class='ocrx_word' id='word_1_101' title='bbox 2098 1356 2204 1421; x_wconf 91' lang='lat' dir='ltr'>dimit·</span> 
     </span>
     <span class='ocr_line' id='line_1_9' title="bbox 550 1464 2205 1551; baseline -0.001 -22"><span class='ocrx_word' id='word_1_102' title='bbox 550 1475 642 1529; x_wconf 82' lang='lat' dir='ltr'>teret</span> <span class='ocrx_word' id='word_1_103' title='bbox 688 1464 783 1529; x_wconf 85' lang='lat' dir='ltr'>Tunc</span> <span class='ocrx_word' id='word_1_104' title='bbox 807 1487 945 1529; x_wconf 89' lang='lat' dir='ltr'>cernens</span> <span class='ocrx_word' id='word_1_105' title='bbox 961 1464 1100 1529; x_wconf 89' lang='lat' dir='ltr'>domnus</span> <span class='ocrx_word' id='word_1_106' title='bbox 1122 1465 1300 1551; x_wconf 87' lang='lat' dir='ltr'>imperator</span> <span class='ocrx_word' id='word_1_107' title='bbox 1315 1487 1407 1529; x_wconf 87' lang='lat' dir='ltr'>suam</span> <span class='ocrx_word' id='word_1_108' title='bbox 1431 1464 1687 1529; x_wconf 76' lang='lat' dir='ltr'>inobedientiam</span> <span class='ocrx_word' id='word_1_109' title='bbox 1710 1464 1995 1528; x_wconf 83' lang='lat' dir='ltr'>eteomumaciam</span> <span class='ocrx_word' id='word_1_110' title='bbox 2019 1464 2205 1549; x_wconf 80' lang='lat' dir='ltr'>expectavit</span> 
     </span>
     <span class='ocr_line' id='line_1_10' title="bbox 550 1569 2204 1659; baseline -0.001 -24"><span class='ocrx_word' id='word_1_111' title='bbox 550 1583 660 1636; x_wconf 92' lang='lat' dir='ltr'>tamen</span> <span class='ocrx_word' id='word_1_112' title='bbox 690 1571 798 1636; x_wconf 85' lang='lat' dir='ltr'>adhuc</span> <span class='ocrx_word' id='word_1_113' title='bbox 829 1583 902 1659; x_wconf 91' lang='lat' dir='ltr'>post</span> <span class='ocrx_word' id='word_1_114' title='bbox 931 1572 1063 1635; x_wconf 90' lang='lat' dir='ltr'>tertium</span> <span class='ocrx_word' id='word_1_115' title='bbox 1093 1570 1280 1636; x_wconf 87' lang='lat' dir='ltr'>condictum</span> <span class='ocrx_word' id='word_1_116' title='bbox 1310 1571 1466 1659; x_wconf 86' lang='lat' dir='ltr'>placitum</span> <span class='ocrx_word' id='word_1_117' title='bbox 1489 1571 1676 1658; x_wconf 89' lang='lat' dir='ltr'>quindecim</span> <span class='ocrx_word' id='word_1_118' title='bbox 1699 1570 1781 1650; x_wconf 91' lang='lat' dir='ltr'>dies,</span> <span class='ocrx_word' id='word_1_119' title='bbox 1804 1582 1840 1633; x_wconf 92' lang='lat' dir='ltr'>ut</span> <span class='ocrx_word' id='word_1_120' title='bbox 1862 1570 2000 1634; x_wconf 84' lang='lat' dir='ltr'>veniret</span> <span class='ocrx_word' id='word_1_121' title='bbox 2046 1569 2113 1636; x_wconf 86' lang='lat' dir='ltr'>Sed</span> <span class='ocrx_word' id='word_1_122' title='bbox 2136 1593 2204 1634; x_wconf 91' lang='lat' dir='ltr'>cer·</span> 
     </span>
     <span class='ocr_line' id='line_1_11' title="bbox 549 1677 2250 1765; baseline -0.001 -23"><span class='ocrx_word' id='word_1_123' title='bbox 549 1700 632 1743; x_wconf 91' lang='lat' dir='ltr'>neus</span> <span class='ocrx_word' id='word_1_124' title='bbox 655 1700 729 1743; x_wconf 90' lang='lat' dir='ltr'>eum</span> <span class='ocrx_word' id='word_1_125' title='bbox 752 1679 818 1742; x_wconf 86' lang='lat' dir='ltr'>iam</span> <span class='ocrx_word' id='word_1_126' title='bbox 841 1678 954 1742; x_wconf 89' lang='lat' dir='ltr'>venire</span> <span class='ocrx_word' id='word_1_127' title='bbox 977 1700 1043 1742; x_wconf 89' lang='lat' dir='ltr'>non</span> <span class='ocrx_word' id='word_1_128' title='bbox 1066 1677 1150 1742; x_wconf 90' lang='lat' dir='ltr'>velle</span> <span class='ocrx_word' id='word_1_129' title='bbox 1175 1700 1281 1765; x_wconf 91' lang='lat' dir='ltr'>neque</span> <span class='ocrx_word' id='word_1_130' title='bbox 1306 1701 1398 1742; x_wconf 88' lang='lat' dir='ltr'>snam</span> <span class='ocrx_word' id='word_1_131' title='bbox 1421 1680 1580 1742; x_wconf 89' lang='lat' dir='ltr'>rationem</span> <span class='ocrx_word' id='word_1_132' title='bbox 1602 1680 1687 1742; x_wconf 90' lang='lat' dir='ltr'>iuste</span> <span class='ocrx_word' id='word_1_133' title='bbox 1711 1677 1863 1756; x_wconf 86' lang='lat' dir='ltr'>diffinire,</span> <span class='ocrx_word' id='word_1_134' title='bbox 1887 1678 1965 1763; x_wconf 90' lang='lat' dir='ltr'>quia</span> <span class='ocrx_word' id='word_1_135' title='bbox 1986 1678 2119 1741; x_wconf 89' lang='lat' dir='ltr'>minime</span> <span class='ocrx_word' id='word_1_136' title='bbox 2142 1677 2204 1741; x_wconf 91' lang='lat' dir='ltr'>boc</span> <span class='ocrx_word' id='word_1_137' title='bbox 2224 1703 2250 1740; x_wconf 76' lang='lat' dir='ltr'>io</span> 
     </span>
     <span class='ocr_line' id='line_1_12' title="bbox 549 1782 2204 1871; baseline -0.001 -22"><span class='ocrx_word' id='word_1_138' title='bbox 549 1782 788 1849; x_wconf 75' lang='lat' dir='ltr'>rationabiliter</span> <span class='ocrx_word' id='word_1_139' title='bbox 810 1794 843 1849; x_wconf 87' lang='lat' dir='ltr'>et</span> <span class='ocrx_word' id='word_1_140' title='bbox 865 1785 1030 1848; x_wconf 89' lang='lat' dir='ltr'>veraciter</span> <span class='ocrx_word' id='word_1_141' title='bbox 1052 1807 1087 1848; x_wconf 90' lang='lat' dir='ltr'>se</span> <span class='ocrx_word' id='word_1_142' title='bbox 1110 1784 1220 1848; x_wconf 84' lang='lat' dir='ltr'>facere</span> <span class='ocrx_word' id='word_1_143' title='bbox 1245 1783 1429 1849; x_wconf 89' lang='lat' dir='ltr'>confidebat</span> <span class='ocrx_word' id='word_1_144' title='bbox 1451 1796 1485 1848; x_wconf 93' lang='lat' dir='ltr'>et</span> <span class='ocrx_word' id='word_1_145' title='bbox 1502 1797 1676 1871; x_wconf 90' lang='lat' dir='ltr'>propterea</span> <span class='ocrx_word' id='word_1_146' title='bbox 1689 1786 1803 1847; x_wconf 90' lang='lat' dir='ltr'>venire</span> <span class='ocrx_word' id='word_1_147' title='bbox 1826 1783 1870 1848; x_wconf 83' lang='lat' dir='ltr'>sd</span> <span class='ocrx_word' id='word_1_148' title='bbox 1884 1783 2041 1870; x_wconf 88' lang='lat' dir='ltr'>placitum</span> <span class='ocrx_word' id='word_1_149' title='bbox 2063 1782 2204 1854; x_wconf 74' lang='lat' dir='ltr'>nolebat,</span> 
     </span>
     <span class='ocr_line' id='line_1_13' title="bbox 550 1888 2204 1978; baseline -0.001 -23"><span class='ocrx_word' id='word_1_150' title='bbox 550 1903 627 1956; x_wconf 90' lang='lat' dir='ltr'>tunc</span> <span class='ocrx_word' id='word_1_151' title='bbox 664 1889 800 1956; x_wconf 89' lang='lat' dir='ltr'>domnus</span> <span class='ocrx_word' id='word_1_152' title='bbox 835 1893 1014 1978; x_wconf 90' lang='lat' dir='ltr'>imperator</span> <span class='ocrx_word' id='word_1_153' title='bbox 1047 1892 1262 1976; x_wconf 87' lang='lat' dir='ltr'>interrogavit</span> <span class='ocrx_word' id='word_1_154' title='bbox 1296 1913 1372 1956; x_wconf 93' lang='lat' dir='ltr'>suos</span> <span class='ocrx_word' id='word_1_155' title='bbox 1406 1891 1609 1956; x_wconf 77' lang='lat' dir='ltr'>consiliarios</span> <span class='ocrx_word' id='word_1_156' title='bbox 1638 1904 1671 1954; x_wconf 89' lang='lat' dir='ltr'>et</span> <span class='ocrx_word' id='word_1_157' title='bbox 1700 1892 1871 1977; x_wconf 88' lang='lat' dir='ltr'>episcopos</span> <span class='ocrx_word' id='word_1_158' title='bbox 1901 1891 1971 1953; x_wconf 87' lang='lat' dir='ltr'>sive</span> <span class='ocrx_word' id='word_1_159' title='bbox 2001 1888 2138 1954; x_wconf 82' lang='lat' dir='ltr'>abbates</span> <span class='ocrx_word' id='word_1_160' title='bbox 2172 1905 2204 1954; x_wconf 91' lang='lat' dir='ltr'>et</span> 
     </span>
     <span class='ocr_line' id='line_1_14' title="bbox 551 1996 2203 2085; baseline -0.001 -23"><span class='ocrx_word' id='word_1_161' title='bbox 551 1999 686 2063; x_wconf 81' lang='lat' dir='ltr'>comites</span> <span class='ocrx_word' id='word_1_162' title='bbox 709 2011 743 2062; x_wconf 92' lang='lat' dir='ltr'>et</span> <span class='ocrx_word' id='word_1_163' title='bbox 765 1998 908 2085; x_wconf 80' lang='lat' dir='ltr'>reliquos</span> <span class='ocrx_word' id='word_1_164' title='bbox 931 1997 1045 2062; x_wconf 88' lang='lat' dir='ltr'>fideles</span> <span class='ocrx_word' id='word_1_165' title='bbox 1068 2020 1155 2080; x_wconf 88' lang='lat' dir='ltr'>suos,</span> <span class='ocrx_word' id='word_1_166' title='bbox 1179 1998 1259 2085; x_wconf 90' lang='lat' dir='ltr'>quid</span> <span class='ocrx_word' id='word_1_167' title='bbox 1282 2020 1326 2062; x_wconf 83' lang='lat' dir='ltr'>ex</span> <span class='ocrx_word' id='word_1_168' title='bbox 1347 1997 1409 2063; x_wconf 91' lang='lat' dir='ltr'>boc</span> <span class='ocrx_word' id='word_1_169' title='bbox 1433 1998 1541 2062; x_wconf 89' lang='lat' dir='ltr'>facere</span> <span class='ocrx_word' id='word_1_170' title='bbox 1564 1996 1701 2062; x_wconf 88' lang='lat' dir='ltr'>deberet</span> <span class='ocrx_word' id='word_1_171' title='bbox 1723 2009 1756 2061; x_wconf 90' lang='lat' dir='ltr'>et</span> <span class='ocrx_word' id='word_1_172' title='bbox 1771 1996 1867 2084; x_wconf 89' lang='lat' dir='ltr'>quale</span> <span class='ocrx_word' id='word_1_173' title='bbox 1883 1996 2054 2061; x_wconf 89' lang='lat' dir='ltr'>consilium</span> <span class='ocrx_word' id='word_1_174' title='bbox 2077 2019 2120 2060; x_wconf 84' lang='lat' dir='ltr'>ex</span> <span class='ocrx_word' id='word_1_175' title='bbox 2141 1996 2203 2061; x_wconf 91' lang='lat' dir='ltr'>boc</span> 
     </span>
     <span class='ocr_line' id='line_1_15' title="bbox 551 2102 2203 2192; baseline -0.001 -24"><span class='ocrx_word' id='word_1_176' title='bbox 551 2105 582 2168; x_wconf 92' lang='lat' dir='ltr'>ei</span> <span class='ocrx_word' id='word_1_177' title='bbox 606 2104 723 2169; x_wconf 79' lang='lat' dir='ltr'>darem</span> <span class='ocrx_word' id='word_1_178' title='bbox 745 2119 778 2170; x_wconf 89' lang='lat' dir='ltr'>et</span> <span class='ocrx_word' id='word_1_179' title='bbox 801 2105 880 2192; x_wconf 89' lang='lat' dir='ltr'>quid</span> <span class='ocrx_word' id='word_1_180' title='bbox 904 2103 945 2169; x_wconf 93' lang='lat' dir='ltr'>de</span> <span class='ocrx_word' id='word_1_181' title='bbox 968 2116 1034 2169; x_wconf 91' lang='lat' dir='ltr'>tam</span> <span class='ocrx_word' id='word_1_182' title='bbox 1058 2102 1267 2169; x_wconf 87' lang='lat' dir='ltr'>inobediente</span> <span class='ocrx_word' id='word_1_183' title='bbox 1291 2128 1350 2170; x_wconf 91' lang='lat' dir='ltr'>suo</span> <span class='ocrx_word' id='word_1_184' title='bbox 1372 2117 1549 2191; x_wconf 91' lang='lat' dir='ltr'>praecepto</span> <span class='ocrx_word' id='word_1_185' title='bbox 1565 2104 1711 2168; x_wconf 86' lang='lat' dir='ltr'>facturus</span> <span class='ocrx_word' id='word_1_186' title='bbox 1727 2116 1822 2168; x_wconf 74' lang='lat' dir='ltr'>esset.</span> <span class='ocrx_word' id='word_1_187' title='bbox 1860 2103 1955 2167; x_wconf 87' lang='lat' dir='ltr'>Tunc</span> <span class='ocrx_word' id='word_1_188' title='bbox 1969 2103 2203 2189; x_wconf 87' lang='lat' dir='ltr'>respondentes</span> 
     </span>
     <span class='ocr_line' id='line_1_16' title="bbox 551 2209 2249 2298; baseline -0.002 -22"><span class='ocrx_word' id='word_1_189' title='bbox 551 2211 705 2276; x_wconf 83' lang='lat' dir='ltr'>dixerunt</span> <span class='ocrx_word' id='word_1_190' title='bbox 727 2214 896 2298; x_wconf 89' lang='lat' dir='ltr'>utriusque</span> <span class='ocrx_word' id='word_1_191' title='bbox 919 2211 1042 2276; x_wconf 86' lang='lat' dir='ltr'>ordinis</span> <span class='ocrx_word' id='word_1_192' title='bbox 1065 2234 1194 2276; x_wconf 89' lang='lat' dir='ltr'>omnes:</span> <span class='ocrx_word' id='word_1_193' title='bbox 1220 2212 1392 2292; x_wconf 62' lang='lat' dir='ltr'>‘Vidimus</span> <span class='ocrx_word' id='word_1_194' title='bbox 1417 2211 1506 2298; x_wconf 92' lang='lat' dir='ltr'>quod</span> <span class='ocrx_word' id='word_1_195' title='bbox 1528 2213 1589 2275; x_wconf 90' lang='lat' dir='ltr'>iste</span> <span class='ocrx_word' id='word_1_196' title='bbox 1613 2212 1786 2297; x_wconf 90' lang='lat' dir='ltr'>episcopus</span> <span class='ocrx_word' id='word_1_197' title='bbox 1804 2221 1915 2274; x_wconf 84' lang='lat' dir='ltr'>vester</span> <span class='ocrx_word' id='word_1_198' title='bbox 1928 2209 2083 2274; x_wconf 84' lang='lat' dir='ltr'>Aldricus</span> <span class='ocrx_word' id='word_1_199' title='bbox 2106 2209 2249 2274; x_wconf 77' lang='lat' dir='ltr'>habetis</span> 
     </span>
     <span class='ocr_line' id='line_1_17' title="bbox 550 2315 2202 2405; baseline 0.001 -24"><span class='ocrx_word' id='word_1_200' title='bbox 550 2341 626 2382; x_wconf 89' lang='lat' dir='ltr'>suas</span> <span class='ocrx_word' id='word_1_201' title='bbox 657 2320 866 2383; x_wconf 80' lang='lat' dir='ltr'>auctoritates</span> <span class='ocrx_word' id='word_1_202' title='bbox 893 2329 927 2382; x_wconf 89' lang='lat' dir='ltr'>et</span> <span class='ocrx_word' id='word_1_203' title='bbox 955 2331 1133 2405; x_wconf 89' lang='lat' dir='ltr'>praecepta</span> <span class='ocrx_word' id='word_1_204' title='bbox 1162 2318 1288 2405; x_wconf 84' lang='lat' dir='ltr'>regalia</span> <span class='ocrx_word' id='word_1_205' title='bbox 1316 2331 1382 2382; x_wconf 90' lang='lat' dir='ltr'>tam</span> <span class='ocrx_word' id='word_1_206' title='bbox 1406 2319 1563 2405; x_wconf 85' lang='lat' dir='ltr'>genitoris</span> <span class='ocrx_word' id='word_1_207' title='bbox 1586 2318 1688 2381; x_wconf 83' lang='lat' dir='ltr'>vestri</span> <span class='ocrx_word' id='word_1_208' title='bbox 1711 2340 1808 2403; x_wconf 89' lang='lat' dir='ltr'>quam</span> <span class='ocrx_word' id='word_1_209' title='bbox 1832 2329 1865 2381; x_wconf 91' lang='lat' dir='ltr'>et</span> <span class='ocrx_word' id='word_1_210' title='bbox 1887 2315 2034 2392; x_wconf 88' lang='lat' dir='ltr'>aliorum,</span> <span class='ocrx_word' id='word_1_211' title='bbox 2057 2329 2202 2382; x_wconf 89' lang='lat' dir='ltr'>anteces-</span> 
     </span>
     <span class='ocr_line' id='line_1_18' title="bbox 550 2421 2202 2511; baseline -0.001 -23"><span class='ocrx_word' id='word_1_212' title='bbox 550 2447 659 2489; x_wconf 89' lang='lat' dir='ltr'>sorum</span> <span class='ocrx_word' id='word_1_213' title='bbox 682 2435 865 2490; x_wconf 88' lang='lat' dir='ltr'>vestrorum</span> <span class='ocrx_word' id='word_1_214' title='bbox 888 2423 1044 2489; x_wconf 90' lang='lat' dir='ltr'>videlicet</span> <span class='ocrx_word' id='word_1_215' title='bbox 1064 2447 1181 2511; x_wconf 90' lang='lat' dir='ltr'>regum</span> <span class='ocrx_word' id='word_1_216' title='bbox 1203 2426 1417 2506; x_wconf 85' lang='lat' dir='ltr'>Francorum,</span> <span class='ocrx_word' id='word_1_217' title='bbox 1445 2426 1478 2488; x_wconf 91' lang='lat' dir='ltr'>iu</span> <span class='ocrx_word' id='word_1_218' title='bbox 1502 2423 1631 2511; x_wconf 91' lang='lat' dir='ltr'>quibus,</span> <span class='ocrx_word' id='word_1_219' title='bbox 1654 2434 1691 2487; x_wconf 87' lang='lat' dir='ltr'>ut</span> <span class='ocrx_word' id='word_1_220' title='bbox 1714 2445 1825 2487; x_wconf 89' lang='lat' dir='ltr'>coram</span> <span class='ocrx_word' id='word_1_221' title='bbox 1847 2421 1941 2487; x_wconf 91' lang='lat' dir='ltr'>nobis</span> <span class='ocrx_word' id='word_1_222' title='bbox 1965 2423 2120 2489; x_wconf 91' lang='lat' dir='ltr'>relectum</span> <span class='ocrx_word' id='word_1_223' title='bbox 2144 2435 2202 2494; x_wconf 83' lang='lat' dir='ltr'>est,</span> 
     </span>
     <span class='ocr_line' id='line_1_19' title="bbox 549 2528 2202 2617; baseline -0.001 -21"><span class='ocrx_word' id='word_1_224' title='bbox 549 2532 734 2596; x_wconf 89' lang='lat' dir='ltr'>continetur</span> <span class='ocrx_word' id='word_1_225' title='bbox 755 2533 915 2596; x_wconf 90' lang='lat' dir='ltr'>insertum</span> <span class='ocrx_word' id='word_1_226' title='bbox 938 2542 971 2595; x_wconf 88' lang='lat' dir='ltr'>ct</span> <span class='ocrx_word' id='word_1_227' title='bbox 985 2542 1171 2596; x_wconf 89' lang='lat' dir='ltr'>sanctorum</span> <span class='ocrx_word' id='word_1_228' title='bbox 1188 2531 1394 2597; x_wconf 85' lang='lat' dir='ltr'>sacerdotum</span> <span class='ocrx_word' id='word_1_229' title='bbox 1410 2554 1449 2595; x_wconf 90' lang='lat' dir='ltr'>ac</span> <span class='ocrx_word' id='word_1_230' title='bbox 1472 2554 1587 2617; x_wconf 88' lang='lat' dir='ltr'>regum</span> <span class='ocrx_word' id='word_1_231' title='bbox 1610 2528 1761 2595; x_wconf 89' lang='lat' dir='ltr'>manibus</span> <span class='ocrx_word' id='word_1_232' title='bbox 1783 2531 1925 2616; x_wconf 89' lang='lat' dir='ltr'>propriis</span> <span class='ocrx_word' id='word_1_233' title='bbox 1948 2529 2202 2610; x_wconf 87' lang='lat' dir='ltr'>corroboratum,</span> 
     </span>
     <span class='ocr_line' id='line_1_20' title="bbox 550 2636 2202 2724; baseline -0.001 -22"><span class='ocrx_word' id='word_1_234' title='bbox 550 2637 639 2724; x_wconf 92' lang='lat' dir='ltr'>quod</span> <span class='ocrx_word' id='word_1_235' title='bbox 661 2638 893 2703; x_wconf 86' lang='lat' dir='ltr'>monasterium</span> <span class='ocrx_word' id='word_1_236' title='bbox 915 2637 1061 2718; x_wconf 85' lang='lat' dir='ltr'>Anisole,</span> <span class='ocrx_word' id='word_1_237' title='bbox 1085 2636 1172 2702; x_wconf 90' lang='lat' dir='ltr'>unde</span> <span class='ocrx_word' id='word_1_238' title='bbox 1195 2639 1303 2723; x_wconf 88' lang='lat' dir='ltr'>agitur</span> <span class='ocrx_word' id='word_1_239' title='bbox 1318 2637 1379 2703; x_wconf 90' lang='lat' dir='ltr'>bec</span> <span class='ocrx_word' id='word_1_240' title='bbox 1394 2639 1527 2720; x_wconf 87' lang='lat' dir='ltr'>iustitia,</span> <span class='ocrx_word' id='word_1_241' title='bbox 1551 2637 1814 2702; x_wconf 88' lang='lat' dir='ltr'>Cenomannicae</span> <span class='ocrx_word' id='word_1_242' title='bbox 1831 2636 1927 2701; x_wconf 85' lang='lat' dir='ltr'>matri</span> <span class='ocrx_word' id='word_1_243' title='bbox 1943 2637 2123 2701; x_wconf 86' lang='lat' dir='ltr'>aecclesiae</span> <span class='ocrx_word' id='word_1_244' title='bbox 2139 2649 2202 2701; x_wconf 92' lang='lat' dir='ltr'>tra·</span> 
     </span>
     <span class='ocr_line' id='line_1_21' title="bbox 551 2735 2347 2831; baseline -0.002 -23"><span class='ocrx_word' id='word_1_245' title='bbox 551 2743 653 2808; x_wconf 91' lang='lat' dir='ltr'>ditum</span> <span class='ocrx_word' id='word_1_246' title='bbox 687 2744 749 2808; x_wconf 84' lang='lat' dir='ltr'>fuit</span> <span class='ocrx_word' id='word_1_247' title='bbox 783 2757 815 2809; x_wconf 93' lang='lat' dir='ltr'>et</span> <span class='ocrx_word' id='word_1_248' title='bbox 849 2743 891 2809; x_wconf 89' lang='lat' dir='ltr'>ab</span> <span class='ocrx_word' id='word_1_249' title='bbox 922 2745 1084 2831; x_wconf 88' lang='lat' dir='ltr'>episcopis</span> <span class='ocrx_word' id='word_1_250' title='bbox 1115 2743 1262 2809; x_wconf 86' lang='lat' dir='ltr'>eiusdem</span> <span class='ocrx_word' id='word_1_251' title='bbox 1292 2746 1404 2808; x_wconf 89' lang='lat' dir='ltr'>matris</span> <span class='ocrx_word' id='word_1_252' title='bbox 1427 2743 1609 2809; x_wconf 87' lang='lat' dir='ltr'>aecclesiae</span> <span class='ocrx_word' id='word_1_253' title='bbox 1633 2755 1854 2809; x_wconf 88' lang='lat' dir='ltr'>constructum</span> <span class='ocrx_word' id='word_1_254' title='bbox 1877 2755 1909 2807; x_wconf 88' lang='lat' dir='ltr'>et</span> <span class='ocrx_word' id='word_1_255' title='bbox 1932 2755 2080 2808; x_wconf 90' lang='lat' dir='ltr'>ornatum</span> <span class='ocrx_word' id='word_1_256' title='bbox 2104 2755 2201 2831; x_wconf 89' lang='lat' dir='ltr'>atque</span> <span class='ocrx_word' id='word_1_257' title='bbox 2220 2766 2247 2804; x_wconf 81' lang='lat' dir='ltr'>so</span> <span class='ocrx_word' id='word_1_258' title='bbox 2332 2735 2347 2762; x_wconf 85' lang='lat'><em>&#39;</em></span> 
     </span>
     <span class='ocr_line' id='line_1_22' title="bbox 549 2848 2201 2938; baseline -0.001 -24"><span class='ocrx_word' id='word_1_259' title='bbox 549 2849 677 2937; x_wconf 88' lang='lat' dir='ltr'>legibus</span> <span class='ocrx_word' id='word_1_260' title='bbox 701 2873 897 2938; x_wconf 88' lang='lat' dir='ltr'>possessum.</span> <span class='ocrx_word' id='word_1_261' title='bbox 943 2848 1055 2914; x_wconf 91' lang='lat' dir='ltr'>Habet</span> <span class='ocrx_word' id='word_1_262' title='bbox 1078 2851 1177 2915; x_wconf 88' lang='lat' dir='ltr'>etiam</span> <span class='ocrx_word' id='word_1_263' title='bbox 1200 2850 1365 2936; x_wconf 84' lang='lat' dir='ltr'>praefixus</span> <span class='ocrx_word' id='word_1_264' title='bbox 1389 2852 1573 2937; x_wconf 89' lang='lat' dir='ltr'>episcopus,</span> <span class='ocrx_word' id='word_1_265' title='bbox 1603 2873 1684 2937; x_wconf 91' lang='lat' dir='ltr'>quos</span> <span class='ocrx_word' id='word_1_266' title='bbox 1708 2850 1857 2914; x_wconf 88' lang='lat' dir='ltr'>videmus</span> <span class='ocrx_word' id='word_1_267' title='bbox 1887 2862 1920 2913; x_wconf 88' lang='lat' dir='ltr'>et</span> <span class='ocrx_word' id='word_1_268' title='bbox 1943 2850 2103 2932; x_wconf 89' lang='lat' dir='ltr'>audimus,</span> <span class='ocrx_word' id='word_1_269' title='bbox 2127 2873 2201 2915; x_wconf 90' lang='lat' dir='ltr'>suos</span> 
     </span>
     <span class='ocr_line' id='line_1_23' title="bbox 548 2955 2201 3044; baseline -0.001 -22"><span class='ocrx_word' id='word_1_270' title='bbox 548 2969 648 3022; x_wconf 86' lang='lat' dir='ltr'>testes</span> <span class='ocrx_word' id='word_1_271' title='bbox 670 2979 767 3022; x_wconf 90' lang='lat' dir='ltr'>veros</span> <span class='ocrx_word' id='word_1_272' title='bbox 790 2969 823 3021; x_wconf 87' lang='lat' dir='ltr'>et</span> <span class='ocrx_word' id='word_1_273' title='bbox 845 2955 958 3038; x_wconf 88' lang='lat' dir='ltr'>bonos,</span> <span class='ocrx_word' id='word_1_274' title='bbox 983 2958 1039 3044; x_wconf 93' lang='lat' dir='ltr'>qui</span> <span class='ocrx_word' id='word_1_275' title='bbox 1062 2957 1121 3022; x_wconf 90' lang='lat' dir='ltr'>has</span> <span class='ocrx_word' id='word_1_276' title='bbox 1145 2959 1353 3022; x_wconf 87' lang='lat' dir='ltr'>auctoritates</span> <span class='ocrx_word' id='word_1_277' title='bbox 1376 2957 1486 3021; x_wconf 90' lang='lat' dir='ltr'>firmas</span> <span class='ocrx_word' id='word_1_278' title='bbox 1509 2970 1542 3021; x_wconf 90' lang='lat' dir='ltr'>et</span> <span class='ocrx_word' id='word_1_279' title='bbox 1557 2980 1653 3022; x_wconf 86' lang='lat' dir='ltr'>veras</span> <span class='ocrx_word' id='word_1_280' title='bbox 1669 2980 1741 3021; x_wconf 89' lang='lat' dir='ltr'>esse</span> <span class='ocrx_word' id='word_1_281' title='bbox 1756 2967 1916 3021; x_wconf 89' lang='lat' dir='ltr'>testantur</span> <span class='ocrx_word' id='word_1_282' title='bbox 1938 2969 1973 3022; x_wconf 91' lang='lat' dir='ltr'>et</span> <span class='ocrx_word' id='word_1_283' title='bbox 1993 2957 2201 3022; x_wconf 90' lang='lat' dir='ltr'>iureiurando</span> 
     </span>
     <span class='ocr_line' id='line_1_24' title="bbox 549 3063 2202 3155; baseline -0.001 -26"><span class='ocrx_word' id='word_1_284' title='bbox 549 3086 612 3150; x_wconf 90' lang='lat' dir='ltr'>que</span> <span class='ocrx_word' id='word_1_285' title='bbox 637 3063 751 3129; x_wconf 89' lang='lat' dir='ltr'>dicunt</span> <span class='ocrx_word' id='word_1_286' title='bbox 773 3063 946 3129; x_wconf 79' lang='lat' dir='ltr'>affirmant</span> <span class='ocrx_word' id='word_1_287' title='bbox 984 3063 1123 3151; x_wconf 87' lang='lat' dir='ltr'>Insuper</span> <span class='ocrx_word' id='word_1_288' title='bbox 1146 3074 1314 3144; x_wconf 89' lang='lat' dir='ltr'>testantur,</span> <span class='ocrx_word' id='word_1_289' title='bbox 1338 3063 1427 3151; x_wconf 89' lang='lat' dir='ltr'>quod</span> <span class='ocrx_word' id='word_1_290' title='bbox 1449 3064 1535 3128; x_wconf 86' lang='lat' dir='ltr'>iufra</span> <span class='ocrx_word' id='word_1_291' title='bbox 1557 3063 1736 3150; x_wconf 88' lang='lat' dir='ltr'>legitimum</span> <span class='ocrx_word' id='word_1_292' title='bbox 1759 3077 1886 3151; x_wconf 91' lang='lat' dir='ltr'>tempus</span> <span class='ocrx_word' id='word_1_293' title='bbox 1909 3064 2078 3150; x_wconf 89' lang='lat' dir='ltr'>praedicta</span> <span class='ocrx_word' id='word_1_294' title='bbox 2100 3077 2202 3155; x_wconf 88' lang='lat' dir='ltr'>mater</span> 
     </span>
     <span class='ocr_line' id='line_1_25' title="bbox 549 3168 2201 3256; baseline 0 -21"><span class='ocrx_word' id='word_1_295' title='bbox 549 3169 812 3235; x_wconf 83' lang='lat' dir='ltr'>Cenomaunicae</span> <span class='ocrx_word' id='word_1_296' title='bbox 837 3171 979 3235; x_wconf 89' lang='lat' dir='ltr'>civitatis</span> <span class='ocrx_word' id='word_1_297' title='bbox 1003 3170 1164 3235; x_wconf 88' lang='lat' dir='ltr'>aecclesia</span> <span class='ocrx_word' id='word_1_298' title='bbox 1189 3172 1381 3235; x_wconf 81' lang='lat' dir='ltr'>vestituram</span> <span class='ocrx_word' id='word_1_299' title='bbox 1410 3169 1589 3256; x_wconf 84' lang='lat' dir='ltr'>legitimam</span> <span class='ocrx_word' id='word_1_300' title='bbox 1619 3168 1786 3235; x_wconf 86' lang='lat' dir='ltr'>habuisset</span> <span class='ocrx_word' id='word_1_301' title='bbox 1816 3171 1857 3235; x_wconf 92' lang='lat' dir='ltr'>de</span> <span class='ocrx_word' id='word_1_302' title='bbox 1888 3170 2057 3256; x_wconf 88' lang='lat' dir='ltr'>praedicto</span> <span class='ocrx_word' id='word_1_303' title='bbox 2091 3194 2201 3236; x_wconf 90' lang='lat' dir='ltr'>mona·</span> 
     </span>
     <span class='ocr_line' id='line_1_26' title="bbox 549 3276 2247 3364; baseline -0.002 -23"><span class='ocrx_word' id='word_1_304' title='bbox 549 3279 658 3359; x_wconf 88' lang='lat' dir='ltr'>sterio,</span> <span class='ocrx_word' id='word_1_305' title='bbox 683 3288 716 3342; x_wconf 91' lang='lat' dir='ltr'>et</span> <span class='ocrx_word' id='word_1_306' title='bbox 730 3276 838 3343; x_wconf 89' lang='lat' dir='ltr'>adhuc</span> <span class='ocrx_word' id='word_1_307' title='bbox 855 3277 957 3340; x_wconf 92' lang='lat' dir='ltr'>XXX</span> <span class='ocrx_word' id='word_1_308' title='bbox 973 3278 1052 3340; x_wconf 87' lang='lat' dir='ltr'>anni</span> <span class='ocrx_word' id='word_1_309' title='bbox 1075 3299 1139 3340; x_wconf 91' lang='lat' dir='ltr'>uon</span> <span class='ocrx_word' id='word_1_310' title='bbox 1163 3287 1239 3341; x_wconf 91' lang='lat' dir='ltr'>sunt</span> <span class='ocrx_word' id='word_1_311' title='bbox 1252 3279 1418 3358; x_wconf 82' lang='lat' dir='ltr'>transacti,</span> <span class='ocrx_word' id='word_1_312' title='bbox 1443 3277 1532 3364; x_wconf 90' lang='lat' dir='ltr'>quod</span> <span class='ocrx_word' id='word_1_313' title='bbox 1555 3300 1598 3341; x_wconf 84' lang='lat' dir='ltr'>ex</span> <span class='ocrx_word' id='word_1_314' title='bbox 1613 3300 1653 3341; x_wconf 92' lang='lat' dir='ltr'>eo</span> <span class='ocrx_word' id='word_1_315' title='bbox 1676 3276 1855 3362; x_wconf 85' lang='lat' dir='ltr'>legitimam</span> <span class='ocrx_word' id='word_1_316' title='bbox 1870 3279 2061 3342; x_wconf 85' lang='lat' dir='ltr'>vestituram</span> <span class='ocrx_word' id='word_1_317' title='bbox 2077 3277 2200 3358; x_wconf 88' lang='lat' dir='ltr'>babuit,</span> <span class='ocrx_word' id='word_1_318' title='bbox 2220 3298 2247 3337; x_wconf 77' lang='lat' dir='ltr'>aa</span> 
     </span>
     <span class='ocr_line' id='line_1_27' title="bbox 549 3382 2201 3471; baseline 0.001 -24"><span class='ocrx_word' id='word_1_319' title='bbox 549 3396 582 3448; x_wconf 91' lang='lat' dir='ltr'>et</span> <span class='ocrx_word' id='word_1_320' title='bbox 612 3395 785 3471; x_wconf 86' lang='lat' dir='ltr'>propterea</span> <span class='ocrx_word' id='word_1_321' title='bbox 815 3382 890 3447; x_wconf 90' lang='lat' dir='ltr'>inde</span> <span class='ocrx_word' id='word_1_322' title='bbox 921 3383 982 3447; x_wconf 85' lang='lat' dir='ltr'>fuit</span> <span class='ocrx_word' id='word_1_323' title='bbox 1011 3382 1108 3447; x_wconf 91' lang='lat' dir='ltr'>modo</span> <span class='ocrx_word' id='word_1_324' title='bbox 1132 3382 1318 3465; x_wconf 89' lang='lat' dir='ltr'>alienatum,</span> <span class='ocrx_word' id='word_1_325' title='bbox 1349 3383 1436 3470; x_wconf 90' lang='lat' dir='ltr'>quod</span> <span class='ocrx_word' id='word_1_326' title='bbox 1459 3384 1588 3449; x_wconf 87' lang='lat' dir='ltr'>Franco</span> <span class='ocrx_word' id='word_1_327' title='bbox 1612 3385 1786 3471; x_wconf 89' lang='lat' dir='ltr'>episcopus</span> <span class='ocrx_word' id='word_1_328' title='bbox 1808 3384 1998 3471; x_wconf 88' lang='lat' dir='ltr'>praedictae</span> <span class='ocrx_word' id='word_1_329' title='bbox 2021 3384 2201 3450; x_wconf 83' lang='lat' dir='ltr'>aecclesiae</span> 
     </span>
     <span class='ocr_line' id='line_1_28' title="bbox 549 3487 2200 3577; baseline 0.001 -24"><span class='ocrx_word' id='word_1_330' title='bbox 549 3513 608 3554; x_wconf 91' lang='lat' dir='ltr'>suo</span> <span class='ocrx_word' id='word_1_331' title='bbox 632 3492 815 3577; x_wconf 89' lang='lat' dir='ltr'>propinquo</span> <span class='ocrx_word' id='word_1_332' title='bbox 830 3488 1023 3575; x_wconf 81' lang='lat' dir='ltr'>Adalghyso</span> <span class='ocrx_word' id='word_1_333' title='bbox 1039 3487 1120 3553; x_wconf 91' lang='lat' dir='ltr'>illud</span> <span class='ocrx_word' id='word_1_334' title='bbox 1134 3490 1369 3576; x_wconf 83' lang='lat' dir='ltr'>impetraverit,</span> <span class='ocrx_word' id='word_1_335' title='bbox 1392 3503 1428 3554; x_wconf 92' lang='lat' dir='ltr'>ut</span> <span class='ocrx_word' id='word_1_336' title='bbox 1443 3514 1501 3577; x_wconf 89' lang='lat' dir='ltr'>pro</span> <span class='ocrx_word' id='word_1_337' title='bbox 1517 3490 1573 3555; x_wconf 91' lang='lat' dir='ltr'>illo</span> <span class='ocrx_word' id='word_1_338' title='bbox 1588 3490 1714 3576; x_wconf 83' lang='lat' dir='ltr'>regalia</span> <span class='ocrx_word' id='word_1_339' title='bbox 1729 3492 1870 3555; x_wconf 84' lang='lat' dir='ltr'>servicia</span> <span class='ocrx_word' id='word_1_340' title='bbox 1888 3501 1921 3555; x_wconf 91' lang='lat' dir='ltr'>et</span> <span class='ocrx_word' id='word_1_341' title='bbox 1935 3492 2053 3555; x_wconf 90' lang='lat' dir='ltr'>itinera</span> <span class='ocrx_word' id='word_1_342' title='bbox 2068 3492 2200 3562; x_wconf 76' lang='lat' dir='ltr'>faceret,</span> 
     </span>
     <span class='ocr_line' id='line_1_29' title="bbox 549 3595 2200 3683; baseline 0.002 -23"><span class='ocrx_word' id='word_1_343' title='bbox 549 3619 633 3683; x_wconf 91' lang='lat' dir='ltr'>quae</span> <span class='ocrx_word' id='word_1_344' title='bbox 650 3595 704 3660; x_wconf 89' lang='lat' dir='ltr'>ille</span> <span class='ocrx_word' id='word_1_345' title='bbox 720 3619 780 3682; x_wconf 92' lang='lat' dir='ltr'>pro</span> <span class='ocrx_word' id='word_1_346' title='bbox 803 3619 863 3661; x_wconf 90' lang='lat' dir='ltr'>sua</span> <span class='ocrx_word' id='word_1_347' title='bbox 884 3597 1071 3660; x_wconf 86' lang='lat' dir='ltr'>infirmitate</span> <span class='ocrx_word' id='word_1_348' title='bbox 1095 3609 1128 3660; x_wconf 88' lang='lat' dir='ltr'>et</span> <span class='ocrx_word' id='word_1_349' title='bbox 1151 3609 1317 3660; x_wconf 89' lang='lat' dir='ltr'>senectute</span> <span class='ocrx_word' id='word_1_350' title='bbox 1342 3597 1450 3661; x_wconf 85' lang='lat' dir='ltr'>facere</span> <span class='ocrx_word' id='word_1_351' title='bbox 1474 3619 1539 3661; x_wconf 90' lang='lat' dir='ltr'>non</span> <span class='ocrx_word' id='word_1_352' title='bbox 1555 3595 1688 3662; x_wconf 90' lang='lat' dir='ltr'>valebat</span> <span class='ocrx_word' id='word_1_353' title='bbox 1696 3602 1718 3660; x_wconf 78' lang='lat'>⁸.</span> <span class='ocrx_word' id='word_1_354' title='bbox 1757 3596 1933 3662; x_wconf 84' lang='lat' dir='ltr'>Affirmant</span> <span class='ocrx_word' id='word_1_355' title='bbox 1947 3600 2045 3662; x_wconf 91' lang='lat' dir='ltr'>etiam</span> <span class='ocrx_word' id='word_1_356' title='bbox 2061 3597 2200 3664; x_wconf 90' lang='lat' dir='ltr'>eundem</span> 
     </span>
     <span class='ocr_line' id='line_1_30' title="bbox 549 3701 2201 3792; baseline 0.002 -26"><span class='ocrx_word' id='word_1_357' title='bbox 549 3704 755 3767; x_wconf 88' lang='lat' dir='ltr'>Franconcm</span> <span class='ocrx_word' id='word_1_358' title='bbox 778 3701 905 3789; x_wconf 90' lang='lat' dir='ltr'>aliquas</span> <span class='ocrx_word' id='word_1_359' title='bbox 928 3702 1057 3767; x_wconf 88' lang='lat' dir='ltr'>villulas</span> <span class='ocrx_word' id='word_1_360' title='bbox 1081 3713 1115 3767; x_wconf 89' lang='lat' dir='ltr'>et</span> <span class='ocrx_word' id='word_1_361' title='bbox 1137 3702 1296 3790; x_wconf 89' lang='lat' dir='ltr'>quosdam</span> <span class='ocrx_word' id='word_1_362' title='bbox 1318 3703 1477 3768; x_wconf 91' lang='lat' dir='ltr'>vassallos</span> <span class='ocrx_word' id='word_1_363' title='bbox 1501 3715 1705 3791; x_wconf 84' lang='lat' dir='ltr'>casatosque,</span> <span class='ocrx_word' id='word_1_364' title='bbox 1728 3716 1766 3769; x_wconf 92' lang='lat' dir='ltr'>ut</span> <span class='ocrx_word' id='word_1_365' title='bbox 1787 3705 1965 3784; x_wconf 88' lang='lat' dir='ltr'>nominant,</span> <span class='ocrx_word' id='word_1_366' title='bbox 1989 3728 2032 3769; x_wconf 86' lang='lat' dir='ltr'>ex</span> <span class='ocrx_word' id='word_1_367' title='bbox 2054 3705 2201 3792; x_wconf 83' lang='lat' dir='ltr'>praefixo</span> 
     </span>
     <span class='ocr_line' id='line_1_31' title="bbox 549 3808 2247 3895; baseline 0.001 -22"><span class='ocrx_word' id='word_1_368' title='bbox 549 3810 746 3874; x_wconf 87' lang='lat' dir='ltr'>monasterio</span> <span class='ocrx_word' id='word_1_369' title='bbox 779 3808 821 3874; x_wconf 88' lang='lat' dir='ltr'>ad</span> <span class='ocrx_word' id='word_1_370' title='bbox 856 3832 950 3873; x_wconf 90' lang='lat' dir='ltr'>suum</span> <span class='ocrx_word' id='word_1_371' title='bbox 984 3832 1076 3895; x_wconf 89' lang='lat' dir='ltr'>opus,</span> <span class='ocrx_word' id='word_1_372' title='bbox 1106 3809 1184 3874; x_wconf 90' lang='lat' dir='ltr'>dum</span> <span class='ocrx_word' id='word_1_373' title='bbox 1214 3809 1352 3890; x_wconf 84' lang='lat' dir='ltr'>advixit,</span> <span class='ocrx_word' id='word_1_374' title='bbox 1383 3812 1532 3874; x_wconf 86' lang='lat' dir='ltr'>retinere.</span> <span class='ocrx_word' id='word_1_375' title='bbox 1580 3809 1648 3875; x_wconf 88' lang='lat' dir='ltr'>Sed</span> <span class='ocrx_word' id='word_1_376' title='bbox 1678 3810 1741 3874; x_wconf 89' lang='lat' dir='ltr'>illis</span> <span class='ocrx_word' id='word_1_377' title='bbox 1768 3809 1927 3875; x_wconf 84' lang='lat' dir='ltr'>ambobus</span> <span class='ocrx_word' id='word_1_378' title='bbox 1951 3811 2113 3876; x_wconf 86' lang='lat' dir='ltr'>defunctis</span> <span class='ocrx_word' id='word_1_379' title='bbox 2135 3835 2200 3876; x_wconf 90' lang='lat' dir='ltr'>non</span> <span class='ocrx_word' id='word_1_380' title='bbox 2222 3835 2247 3874; x_wconf 79' lang='lat' dir='ltr'>aa</span> 
     </span>
     <span class='ocr_line' id='line_1_32' title="bbox 548 3915 2201 4004; baseline 0.001 -23"><span class='ocrx_word' id='word_1_381' title='bbox 548 3916 610 3981; x_wconf 87' lang='lat' dir='ltr'>fuit</span> <span class='ocrx_word' id='word_1_382' title='bbox 633 3915 676 3980; x_wconf 89' lang='lat' dir='ltr'>ad</span> <span class='ocrx_word' id='word_1_383' title='bbox 698 3938 855 4003; x_wconf 87' lang='lat' dir='ltr'>praesens</span> <span class='ocrx_word' id='word_1_384' title='bbox 871 3917 1044 4003; x_wconf 88' lang='lat' dir='ltr'>episcopus</span> <span class='ocrx_word' id='word_1_385' title='bbox 1061 3915 1206 3980; x_wconf 88' lang='lat' dir='ltr'>eiusdem</span> <span class='ocrx_word' id='word_1_386' title='bbox 1222 3916 1319 3996; x_wconf 87' lang='lat' dir='ltr'>sedis,</span> <span class='ocrx_word' id='word_1_387' title='bbox 1344 3917 1400 4003; x_wconf 90' lang='lat' dir='ltr'>qui</span> <span class='ocrx_word' id='word_1_388' title='bbox 1415 3915 1569 3981; x_wconf 91' lang='lat' dir='ltr'>domnum</span> <span class='ocrx_word' id='word_1_389' title='bbox 1592 3918 1821 4004; x_wconf 87' lang='lat' dir='ltr'>imperatorem</span> <span class='ocrx_word' id='word_1_390' title='bbox 1837 3916 2058 3983; x_wconf 87' lang='lat' dir='ltr'>Hludovicum</span> <span class='ocrx_word' id='word_1_391' title='bbox 2082 3941 2125 3983; x_wconf 84' lang='lat' dir='ltr'>ex</span> <span class='ocrx_word' id='word_1_392' title='bbox 2140 3918 2201 3983; x_wconf 91' lang='lat' dir='ltr'>hoc</span> 
     </span>
     <span class='ocr_line' id='line_1_33' title="bbox 548 4021 2200 4112; baseline 0.002 -26"><span class='ocrx_word' id='word_1_393' title='bbox 548 4021 771 4109; x_wconf 88' lang='lat' dir='ltr'>interpellaret</span> <span class='ocrx_word' id='word_1_394' title='bbox 793 4021 836 4086; x_wconf 89' lang='lat' dir='ltr'>ad</span> <span class='ocrx_word' id='word_1_395' title='bbox 859 4034 1004 4110; x_wconf 70' lang='lat' dir='ltr'>tempus,</span> <span class='ocrx_word' id='word_1_396' title='bbox 1029 4035 1062 4087; x_wconf 89' lang='lat' dir='ltr'>et</span> <span class='ocrx_word' id='word_1_397' title='bbox 1085 4024 1132 4087; x_wconf 89' lang='lat' dir='ltr'>sic</span> <span class='ocrx_word' id='word_1_398' title='bbox 1156 4023 1268 4088; x_wconf 90' lang='lat' dir='ltr'>datum</span> <span class='ocrx_word' id='word_1_399' title='bbox 1292 4036 1342 4087; x_wconf 88' lang='lat' dir='ltr'>est</span> <span class='ocrx_word' id='word_1_400' title='bbox 1364 4022 1427 4087; x_wconf 91' lang='lat' dir='ltr'>alio</span> <span class='ocrx_word' id='word_1_401' title='bbox 1451 4037 1484 4088; x_wconf 90' lang='lat' dir='ltr'>et</span> <span class='ocrx_word' id='word_1_402' title='bbox 1507 4023 1564 4087; x_wconf 91' lang='lat' dir='ltr'>tali</span> <span class='ocrx_word' id='word_1_403' title='bbox 1587 4025 1760 4089; x_wconf 87' lang='lat' dir='ltr'>occasione</span> <span class='ocrx_word' id='word_1_404' title='bbox 1784 4023 1948 4089; x_wconf 89' lang='lat' dir='ltr'>sublatum</span> <span class='ocrx_word' id='word_1_405' title='bbox 1971 4037 2020 4088; x_wconf 90' lang='lat' dir='ltr'>est</span> <span class='ocrx_word' id='word_1_406' title='bbox 2043 4024 2085 4090; x_wconf 91' lang='lat' dir='ltr'>de</span> <span class='ocrx_word' id='word_1_407' title='bbox 2107 4047 2200 4112; x_wconf 88' lang='lat' dir='ltr'>prae-</span> 
     </span>
     <span class='ocr_line' id='line_1_34' title="bbox 548 4129 2200 4219; baseline 0.001 -25"><span class='ocrx_word' id='word_1_408' title='bbox 548 4130 616 4194; x_wconf 77' lang='lat' dir='ltr'>fixa</span> <span class='ocrx_word' id='word_1_409' title='bbox 645 4129 733 4194; x_wconf 88' lang='lat' dir='ltr'>sede.</span> <span class='ocrx_word' id='word_1_410' title='bbox 781 4129 848 4195; x_wconf 90' lang='lat' dir='ltr'>Sed</span> <span class='ocrx_word' id='word_1_411' title='bbox 878 4141 911 4193; x_wconf 90' lang='lat' dir='ltr'>et</span> <span class='ocrx_word' id='word_1_412' title='bbox 940 4129 1012 4210; x_wconf 89' lang='lat' dir='ltr'>boc,</span> <span class='ocrx_word' id='word_1_413' title='bbox 1044 4129 1130 4215; x_wconf 91' lang='lat' dir='ltr'>quod</span> <span class='ocrx_word' id='word_1_414' title='bbox 1158 4131 1212 4194; x_wconf 89' lang='lat' dir='ltr'>isti</span> <span class='ocrx_word' id='word_1_415' title='bbox 1235 4130 1386 4196; x_wconf 85' lang='lat' dir='ltr'>monachi</span> <span class='ocrx_word' id='word_1_416' title='bbox 1409 4130 1532 4211; x_wconf 87' lang='lat' dir='ltr'>dicunt,</span> <span class='ocrx_word' id='word_1_417' title='bbox 1564 4129 1651 4218; x_wconf 91' lang='lat' dir='ltr'>quod</span> <span class='ocrx_word' id='word_1_418' title='bbox 1674 4141 1819 4195; x_wconf 90' lang='lat' dir='ltr'>vestrum</span> <span class='ocrx_word' id='word_1_419' title='bbox 1842 4133 2009 4218; x_wconf 87' lang='lat' dir='ltr'>proprium</span> <span class='ocrx_word' id='word_1_420' title='bbox 2032 4133 2085 4212; x_wconf 89' lang='lat' dir='ltr'>sit,</span> <span class='ocrx_word' id='word_1_421' title='bbox 2107 4154 2200 4219; x_wconf 91' lang='lat' dir='ltr'>prae-</span> 
     </span>
     <span class='ocr_line' id='line_1_35' title="bbox 549 4236 2200 4324; baseline 0.002 -23"><span class='ocrx_word' id='word_1_422' title='bbox 549 4236 627 4301; x_wconf 91' lang='lat' dir='ltr'>dicti</span> <span class='ocrx_word' id='word_1_423' title='bbox 657 4247 756 4301; x_wconf 90' lang='lat' dir='ltr'>testes</span> <span class='ocrx_word' id='word_1_424' title='bbox 785 4236 912 4301; x_wconf 83' lang='lat' dir='ltr'>Aldrici</span> <span class='ocrx_word' id='word_1_425' title='bbox 943 4237 1090 4322; x_wconf 90' lang='lat' dir='ltr'>episcopi</span> <span class='ocrx_word' id='word_1_426' title='bbox 1119 4259 1180 4323; x_wconf 89' lang='lat' dir='ltr'>per</span> <span class='ocrx_word' id='word_1_427' title='bbox 1209 4260 1322 4301; x_wconf 90' lang='lat' dir='ltr'>corum</span> <span class='ocrx_word' id='word_1_428' title='bbox 1353 4238 1562 4301; x_wconf 88' lang='lat' dir='ltr'>auctoritates</span> <span class='ocrx_word' id='word_1_429' title='bbox 1592 4248 1626 4301; x_wconf 91' lang='lat' dir='ltr'>et</span> <span class='ocrx_word' id='word_1_430' title='bbox 1652 4260 1711 4324; x_wconf 88' lang='lat' dir='ltr'>per</span> <span class='ocrx_word' id='word_1_431' title='bbox 1732 4249 1859 4302; x_wconf 89' lang='lat' dir='ltr'>vestros</span> <span class='ocrx_word' id='word_1_432' title='bbox 1881 4238 2040 4303; x_wconf 87' lang='lat' dir='ltr'>vassallos</span> <span class='ocrx_word' id='word_1_433' title='bbox 2064 4251 2096 4304; x_wconf 89' lang='lat' dir='ltr'>et</span> <span class='ocrx_word' id='word_1_434' title='bbox 2119 4239 2200 4304; x_wconf 87' lang='lat' dir='ltr'>alios</span> 
     </span>
     <span class='ocr_line' id='line_1_36' title="bbox 546 4341 2246 4433; baseline 0.002 -27"><span class='ocrx_word' id='word_1_435' title='bbox 546 4343 710 4408; x_wconf 85' lang='lat' dir='ltr'>veridicos</span> <span class='ocrx_word' id='word_1_436' title='bbox 736 4355 768 4407; x_wconf 88' lang='lat' dir='ltr'>et</span> <span class='ocrx_word' id='word_1_437' title='bbox 790 4341 894 4407; x_wconf 89' lang='lat' dir='ltr'>bonos</span> <span class='ocrx_word' id='word_1_438' title='bbox 923 4342 1070 4407; x_wconf 91' lang='lat' dir='ltr'>homines</span> <span class='ocrx_word' id='word_1_439' title='bbox 1093 4342 1259 4407; x_wconf 87' lang='lat' dir='ltr'>affirmant</span> <span class='ocrx_word' id='word_1_440' title='bbox 1288 4366 1353 4409; x_wconf 90' lang='lat' dir='ltr'>uon</span> <span class='ocrx_word' id='word_1_441' title='bbox 1377 4366 1459 4408; x_wconf 89' lang='lat' dir='ltr'>esse.</span> <span class='ocrx_word' id='word_1_442' title='bbox 1505 4344 1631 4408; x_wconf 92' lang='lat' dir='ltr'>Dicunt</span> <span class='ocrx_word' id='word_1_443' title='bbox 1654 4347 1762 4425; x_wconf 88' lang='lat' dir='ltr'>etiam,</span> <span class='ocrx_word' id='word_1_444' title='bbox 1787 4344 1884 4431; x_wconf 89' lang='lat' dir='ltr'>quod,</span> <span class='ocrx_word' id='word_1_445' title='bbox 1909 4346 1937 4409; x_wconf 90' lang='lat' dir='ltr'>si</span> <span class='ocrx_word' id='word_1_446' title='bbox 1959 4356 2104 4410; x_wconf 89' lang='lat' dir='ltr'>vestrum</span> <span class='ocrx_word' id='word_1_447' title='bbox 2127 4369 2199 4433; x_wconf 91' lang='lat' dir='ltr'>pro-</span> <span class='ocrx_word' id='word_1_448' title='bbox 2219 4369 2246 4409; x_wconf 77' lang='lat' dir='ltr'>aa</span> 
     </span>
     <span class='ocr_line' id='line_1_37' title="bbox 547 4449 2200 4537; baseline 0.003 -24"><span class='ocrx_word' id='word_1_449' title='bbox 547 4451 653 4537; x_wconf 88' lang='lat' dir='ltr'>prium</span> <span class='ocrx_word' id='word_1_450' title='bbox 676 4462 773 4531; x_wconf 87' lang='lat' dir='ltr'>esset,</span> <span class='ocrx_word' id='word_1_451' title='bbox 796 4471 848 4514; x_wconf 90' lang='lat' dir='ltr'>res</span> <span class='ocrx_word' id='word_1_452' title='bbox 872 4450 973 4536; x_wconf 90' lang='lat' dir='ltr'>ipsius</span> <span class='ocrx_word' id='word_1_453' title='bbox 997 4451 1186 4514; x_wconf 85' lang='lat' dir='ltr'>monasterii</span> <span class='ocrx_word' id='word_1_454' title='bbox 1209 4449 1388 4515; x_wconf 88' lang='lat' dir='ltr'>secundum</span> <span class='ocrx_word' id='word_1_455' title='bbox 1418 4450 1525 4536; x_wconf 87' lang='lat' dir='ltr'>legem</span> <span class='ocrx_word' id='word_1_456' title='bbox 1555 4449 1698 4516; x_wconf 91' lang='lat' dir='ltr'>Salicam</span> <span class='ocrx_word' id='word_1_457' title='bbox 1727 4461 1783 4516; x_wconf 91' lang='lat' dir='ltr'>aut</span> <span class='ocrx_word' id='word_1_458' title='bbox 1809 4450 2000 4517; x_wconf 88' lang='lat' dir='ltr'>Ribuariam</span> <span class='ocrx_word' id='word_1_459' title='bbox 2023 4464 2200 4526; x_wconf 81' lang='lat' dir='ltr'>tuerentur,</span> 
     </span>
     <span class='ocr_line' id='line_1_38' title="bbox 547 4555 2200 4646; baseline 0.004 -27"><span class='ocrx_word' id='word_1_460' title='bbox 547 4556 633 4619; x_wconf 90' lang='lat' dir='ltr'>sicut</span> <span class='ocrx_word' id='word_1_461' title='bbox 661 4555 727 4620; x_wconf 89' lang='lat' dir='ltr'>alia</span> <span class='ocrx_word' id='word_1_462' title='bbox 755 4555 828 4621; x_wconf 91' lang='lat' dir='ltr'>loca</span> <span class='ocrx_word' id='word_1_463' title='bbox 857 4567 890 4619; x_wconf 91' lang='lat' dir='ltr'>et</span> <span class='ocrx_word' id='word_1_464' title='bbox 924 4577 986 4636; x_wconf 88' lang='lat' dir='ltr'>res,</span> <span class='ocrx_word' id='word_1_465' title='bbox 1017 4579 1102 4642; x_wconf 89' lang='lat' dir='ltr'>qnae</span> <span class='ocrx_word' id='word_1_466' title='bbox 1132 4555 1173 4621; x_wconf 88' lang='lat' dir='ltr'>de</span> <span class='ocrx_word' id='word_1_467' title='bbox 1196 4567 1307 4620; x_wconf 87' lang='lat' dir='ltr'>vestro</span> <span class='ocrx_word' id='word_1_468' title='bbox 1337 4569 1412 4621; x_wconf 90' lang='lat' dir='ltr'>sunt</span> <span class='ocrx_word' id='word_1_469' title='bbox 1441 4558 1584 4644; x_wconf 88' lang='lat' dir='ltr'>proprio,</span> <span class='ocrx_word' id='word_1_470' title='bbox 1614 4557 1749 4632; x_wconf 85' lang='lat' dir='ltr'>faciunt,</span> <span class='ocrx_word' id='word_1_471' title='bbox 1773 4570 1806 4622; x_wconf 91' lang='lat' dir='ltr'>et</span> <span class='ocrx_word' id='word_1_472' title='bbox 1828 4561 1993 4646; x_wconf 88' lang='lat' dir='ltr'>mancipia</span> <span class='ocrx_word' id='word_1_473' title='bbox 2014 4582 2080 4624; x_wconf 91' lang='lat' dir='ltr'>nou</span> <span class='ocrx_word' id='word_1_474' title='bbox 2101 4563 2200 4646; x_wconf 89' lang='lat' dir='ltr'>parti-</span> 
     </span>
     <span class='ocr_line' id='line_1_39' title="bbox 548 4660 2201 4753; baseline 0.004 -28"><span class='ocrx_word' id='word_1_475' title='bbox 548 4674 669 4744; x_wconf 86' lang='lat' dir='ltr'>rentur,</span> <span class='ocrx_word' id='word_1_476' title='bbox 694 4663 779 4727; x_wconf 90' lang='lat' dir='ltr'>sicut</span> <span class='ocrx_word' id='word_1_477' title='bbox 801 4661 842 4726; x_wconf 91' lang='lat' dir='ltr'>de</span> <span class='ocrx_word' id='word_1_478' title='bbox 866 4662 938 4726; x_wconf 89' lang='lat' dir='ltr'>aliis</span> <span class='ocrx_word' id='word_1_479' title='bbox 962 4661 1043 4727; x_wconf 92' lang='lat' dir='ltr'>locis</span> <span class='ocrx_word' id='word_1_480' title='bbox 1066 4675 1099 4726; x_wconf 90' lang='lat' dir='ltr'>et</span> <span class='ocrx_word' id='word_1_481' title='bbox 1121 4660 1231 4743; x_wconf 88' lang='lat' dir='ltr'>rebus,</span> <span class='ocrx_word' id='word_1_482' title='bbox 1262 4685 1347 4749; x_wconf 89' lang='lat' dir='ltr'>quae</span> <span class='ocrx_word' id='word_1_483' title='bbox 1377 4662 1418 4727; x_wconf 89' lang='lat' dir='ltr'>de</span> <span class='ocrx_word' id='word_1_484' title='bbox 1448 4675 1557 4728; x_wconf 88' lang='lat' dir='ltr'>vestro</span> <span class='ocrx_word' id='word_1_485' title='bbox 1588 4675 1663 4728; x_wconf 90' lang='lat' dir='ltr'>sunt</span> <span class='ocrx_word' id='word_1_486' title='bbox 1693 4666 1833 4751; x_wconf 90' lang='lat' dir='ltr'>proprio,</span> <span class='ocrx_word' id='word_1_487' title='bbox 1862 4666 1895 4728; x_wconf 92' lang='lat' dir='ltr'>in</span> <span class='ocrx_word' id='word_1_488' title='bbox 1919 4666 1973 4730; x_wconf 88' lang='lat' dir='ltr'>illa</span> <span class='ocrx_word' id='word_1_489' title='bbox 1995 4668 2128 4753; x_wconf 86' lang='lat' dir='ltr'>regione</span> <span class='ocrx_word' id='word_1_490' title='bbox 2152 4680 2201 4732; x_wconf 88' lang='lat' dir='ltr'>cst</span> 
     </span>
     <span class='ocr_line' id='line_1_40' title="bbox 548 4767 2201 4861; baseline 0.002 -28"><span class='ocrx_word' id='word_1_491' title='bbox 548 4767 749 4833; x_wconf 90' lang='lat' dir='ltr'>cousuetudo</span> <span class='ocrx_word' id='word_1_492' title='bbox 784 4769 904 4834; x_wconf 88' lang='lat' dir='ltr'>facere.</span> <span class='ocrx_word' id='word_1_493' title='bbox 951 4767 1019 4834; x_wconf 89' lang='lat' dir='ltr'>Sed</span> <span class='ocrx_word' id='word_1_494' title='bbox 1053 4769 1094 4833; x_wconf 90' lang='lat' dir='ltr'>de</span> <span class='ocrx_word' id='word_1_495' title='bbox 1124 4771 1194 4833; x_wconf 89' lang='lat' dir='ltr'>istis</span> <span class='ocrx_word' id='word_1_496' title='bbox 1226 4771 1333 4834; x_wconf 89' lang='lat' dir='ltr'>causis</span> <span class='ocrx_word' id='word_1_497' title='bbox 1364 4770 1398 4833; x_wconf 92' lang='lat' dir='ltr'>in</span> <span class='ocrx_word' id='word_1_498' title='bbox 1427 4767 1525 4835; x_wconf 88' lang='lat' dir='ltr'>rebus</span> <span class='ocrx_word' id='word_1_499' title='bbox 1555 4773 1659 4835; x_wconf 89' lang='lat' dir='ltr'>sancti</span> <span class='ocrx_word' id='word_1_500' title='bbox 1682 4771 1864 4858; x_wconf 86' lang='lat' dir='ltr'>Karilephi,</span> <span class='ocrx_word' id='word_1_501' title='bbox 1895 4774 1980 4836; x_wconf 91' lang='lat' dir='ltr'>sicut</span> <span class='ocrx_word' id='word_1_502' title='bbox 2004 4774 2201 4861; x_wconf 87' lang='lat' dir='ltr'>inpropriis</span> 
     </span>
     <span class='ocr_line' id='line_1_41' title="bbox 549 4873 2249 4964; baseline 0.002 -26"><span class='ocrx_word' id='word_1_503' title='bbox 549 4873 659 4938; x_wconf 92' lang='lat' dir='ltr'>domni</span> <span class='ocrx_word' id='word_1_504' title='bbox 692 4875 898 4962; x_wconf 88' lang='lat' dir='ltr'>imperatoris</span> <span class='ocrx_word' id='word_1_505' title='bbox 933 4873 1108 4940; x_wconf 86' lang='lat' dir='ltr'>observare</span> <span class='ocrx_word' id='word_1_506' title='bbox 1140 4875 1228 4961; x_wconf 91' lang='lat' dir='ltr'>apud</span> <span class='ocrx_word' id='word_1_507' title='bbox 1258 4897 1313 4940; x_wconf 90' lang='lat' dir='ltr'>eos</span> <span class='ocrx_word' id='word_1_508' title='bbox 1344 4886 1394 4939; x_wconf 87' lang='lat' dir='ltr'>est</span> <span class='ocrx_word' id='word_1_509' title='bbox 1423 4877 1635 4956; x_wconf 89' lang='lat' dir='ltr'>consuetudo,</span> <span class='ocrx_word' id='word_1_510' title='bbox 1665 4877 1766 4942; x_wconf 90' lang='lat' dir='ltr'>nichil</span> <span class='ocrx_word' id='word_1_511' title='bbox 1796 4901 1951 4964; x_wconf 85' lang='lat' dir='ltr'>umquam</span> <span class='ocrx_word' id='word_1_512' title='bbox 1975 4892 2200 4946; x_wconf 89' lang='lat' dir='ltr'>conservatum</span> <span class='ocrx_word' id='word_1_513' title='bbox 2222 4904 2249 4942; x_wconf 72' lang='lat' dir='ltr'>ao</span> 
     </span>
     <span class='ocr_line' id='line_1_42' title="bbox 548 4981 2201 5072; baseline 0.005 -27"><span class='ocrx_word' id='word_1_514' title='bbox 548 4981 619 5064; x_wconf 81' lang='lat' dir='ltr'>fuit,</span> <span class='ocrx_word' id='word_1_515' title='bbox 643 4994 677 5045; x_wconf 93' lang='lat' dir='ltr'>et</span> <span class='ocrx_word' id='word_1_516' title='bbox 698 5003 758 5068; x_wconf 89' lang='lat' dir='ltr'>pro</span> <span class='ocrx_word' id='word_1_517' title='bbox 781 4982 851 5045; x_wconf 86' lang='lat' dir='ltr'>istis</span> <span class='ocrx_word' id='word_1_518' title='bbox 875 4983 982 5045; x_wconf 87' lang='lat' dir='ltr'>causis</span> <span class='ocrx_word' id='word_1_519' title='bbox 1006 4982 1169 5047; x_wconf 88' lang='lat' dir='ltr'>affirmant</span> <span class='ocrx_word' id='word_1_520' title='bbox 1195 4993 1227 5045; x_wconf 89' lang='lat' dir='ltr'>et</span> <span class='ocrx_word' id='word_1_521' title='bbox 1258 4981 1438 5046; x_wconf 86' lang='lat' dir='ltr'>defendunt</span> <span class='ocrx_word' id='word_1_522' title='bbox 1467 4985 1532 5048; x_wconf 87' lang='lat' dir='ltr'>iam</span> <span class='ocrx_word' id='word_1_523' title='bbox 1562 4983 1642 5048; x_wconf 89' lang='lat' dir='ltr'>dicti</span> <span class='ocrx_word' id='word_1_524' title='bbox 1672 4995 1771 5049; x_wconf 88' lang='lat' dir='ltr'>testes</span> <span class='ocrx_word' id='word_1_525' title='bbox 1794 4985 2018 5072; x_wconf 89' lang='lat' dir='ltr'>saepedictum</span> <span class='ocrx_word' id='word_1_526' title='bbox 2041 4999 2201 5053; x_wconf 86' lang='lat' dir='ltr'>monaste·</span> 
     </span>
     <span class='ocr_line' id='line_1_43' title="bbox 547 5087 2201 5176; baseline 0.005 -25"><span class='ocrx_word' id='word_1_527' title='bbox 547 5089 632 5152; x_wconf 91' lang='lat' dir='ltr'>rium</span> <span class='ocrx_word' id='word_1_528' title='bbox 654 5111 719 5151; x_wconf 89' lang='lat' dir='ltr'>non</span> <span class='ocrx_word' id='word_1_529' title='bbox 743 5099 889 5152; x_wconf 89' lang='lat' dir='ltr'>vestrum</span> <span class='ocrx_word' id='word_1_530' title='bbox 912 5090 1079 5176; x_wconf 88' lang='lat' dir='ltr'>proprium</span> <span class='ocrx_word' id='word_1_531' title='bbox 1102 5100 1159 5153; x_wconf 88' lang='lat' dir='ltr'>aut</span> <span class='ocrx_word' id='word_1_532' title='bbox 1181 5087 1320 5153; x_wconf 89' lang='lat' dir='ltr'>alicuius</span> <span class='ocrx_word' id='word_1_533' title='bbox 1343 5111 1426 5170; x_wconf 89' lang='lat' dir='ltr'>esse,</span> <span class='ocrx_word' id='word_1_534' title='bbox 1450 5088 1508 5154; x_wconf 88' lang='lat' dir='ltr'>sed</span> <span class='ocrx_word' id='word_1_535' title='bbox 1532 5089 1573 5155; x_wconf 91' lang='lat' dir='ltr'>de</span> <span class='ocrx_word' id='word_1_536' title='bbox 1604 5091 1673 5155; x_wconf 91' lang='lat' dir='ltr'>iure</span> <span class='ocrx_word' id='word_1_537' title='bbox 1697 5090 1939 5157; x_wconf 84' lang='lat' dir='ltr'>Oenomaunice</span> <span class='ocrx_word' id='word_1_538' title='bbox 1963 5095 2074 5158; x_wconf 70' lang='lat' dir='ltr'>mauis</span> <span class='ocrx_word' id='word_1_539' title='bbox 2098 5095 2201 5161; x_wconf 89' lang='lat' dir='ltr'>eccle·</span> 
     </span>
     <span class='ocr_line' id='line_1_44' title="bbox 548 5194 2200 5290; baseline 0.005 -32"><span class='ocrx_word' id='word_1_540' title='bbox 548 5195 627 5277; x_wconf 87' lang='lat' dir='ltr'>siae,</span> <span class='ocrx_word' id='word_1_541' title='bbox 652 5194 693 5259; x_wconf 88' lang='lat' dir='ltr'>de</span> <span class='ocrx_word' id='word_1_542' title='bbox 717 5196 809 5286; x_wconf 80' lang='lat' dir='ltr'>cuius</span> <span class='ocrx_word' id='word_1_543' title='bbox 832 5194 931 5259; x_wconf 90' lang='lat' dir='ltr'>rebus</span> <span class='ocrx_word' id='word_1_544' title='bbox 954 5205 1004 5260; x_wconf 91' lang='lat' dir='ltr'>est</span> <span class='ocrx_word' id='word_1_545' title='bbox 1026 5196 1207 5276; x_wconf 89' lang='lat' dir='ltr'>fundatum,</span> <span class='ocrx_word' id='word_1_546' title='bbox 1239 5195 1318 5260; x_wconf 93' lang='lat' dir='ltr'>illud</span> <span class='ocrx_word' id='word_1_547' title='bbox 1342 5217 1413 5260; x_wconf 90' lang='lat' dir='ltr'>esse</span> <span class='ocrx_word' id='word_1_548' title='bbox 1437 5196 1611 5278; x_wconf 86' lang='lat' dir='ltr'>affirmant,</span> <span class='ocrx_word' id='word_1_549' title='bbox 1641 5196 1730 5285; x_wconf 92' lang='lat' dir='ltr'>quod</span> <span class='ocrx_word' id='word_1_550' title='bbox 1754 5208 1787 5263; x_wconf 90' lang='lat' dir='ltr'>et</span> <span class='ocrx_word' id='word_1_551' title='bbox 1809 5198 2045 5264; x_wconf 87' lang='lat' dir='ltr'>rationabiliter</span> <span class='ocrx_word' id='word_1_552' title='bbox 2068 5214 2101 5266; x_wconf 88' lang='lat' dir='ltr'>et</span> <span class='ocrx_word' id='word_1_553' title='bbox 2123 5202 2200 5290; x_wconf 87' lang='lat' dir='ltr'>legi·</span> 
     </span>
     <span class='ocr_line' id='line_1_45' title="bbox 548 5300 2201 5397; baseline 0.005 -32"><span class='ocrx_word' id='word_1_554' title='bbox 548 5300 620 5384; x_wconf 88' lang='lat' dir='ltr'>bus,</span> <span class='ocrx_word' id='word_1_555' title='bbox 650 5313 687 5367; x_wconf 93' lang='lat' dir='ltr'>ut</span> <span class='ocrx_word' id='word_1_556' title='bbox 719 5300 813 5365; x_wconf 89' lang='lat' dir='ltr'>nobis</span> <span class='ocrx_word' id='word_1_557' title='bbox 844 5300 982 5383; x_wconf 88' lang='lat' dir='ltr'>videtur,</span> <span class='ocrx_word' id='word_1_558' title='bbox 1012 5301 1121 5366; x_wconf 83' lang='lat' dir='ltr'>facere</span> <span class='ocrx_word' id='word_1_559' title='bbox 1151 5315 1296 5388; x_wconf 86' lang='lat' dir='ltr'>possunt.</span> <span class='ocrx_word' id='word_1_560' title='bbox 1344 5303 1520 5368; x_wconf 88' lang='lat' dir='ltr'>Testantur</span> <span class='ocrx_word' id='word_1_561' title='bbox 1542 5305 1641 5369; x_wconf 90' lang='lat' dir='ltr'>etiam</span> <span class='ocrx_word' id='word_1_562' title='bbox 1664 5327 1763 5392; x_wconf 88' lang='lat' dir='ltr'>supra</span> <span class='ocrx_word' id='word_1_563' title='bbox 1786 5308 1955 5372; x_wconf 86' lang='lat' dir='ltr'>memorati</span> <span class='ocrx_word' id='word_1_564' title='bbox 1978 5318 2090 5390; x_wconf 89' lang='lat' dir='ltr'>testes,</span> <span class='ocrx_word' id='word_1_565' title='bbox 2114 5310 2201 5397; x_wconf 91' lang='lat' dir='ltr'>quod</span> 
     </span>
    </p>
   </div>
   <div class='ocr_carea' id='block_1_3' title="bbox 547 5494 2247 5655">
    <p class='ocr_par' dir='ltr' id='par_1_3' title="bbox 547 5494 2247 5655">
     <span class='ocr_line' id='line_1_46' title="bbox 656 5494 2247 5576; baseline 0.007 -25"><span class='ocrx_word' id='word_1_566' title='bbox 656 5494 759 5565; x_wconf 70' lang='lat' dir='ltr'>lauis]</span> <span class='ocrx_word' id='word_1_567' title='bbox 779 5502 879 5552; x_wconf 87' lang='lat' dir='ltr'>nostris</span> <span class='ocrx_word' id='word_1_568' title='bbox 898 5519 920 5552; x_wconf 86' lang='lat' dir='ltr'>c.</span> <span class='ocrx_word' id='word_1_569' title='bbox 993 5504 1026 5553; x_wconf 74' lang='grc'>23</span> <span class='ocrx_word' id='word_1_570' title='bbox 1047 5501 1168 5567; x_wconf 81' lang='lat' dir='ltr'>legitimo</span> <span class='ocrx_word' id='word_1_571' title='bbox 1187 5509 1309 5569; x_wconf 85' lang='lat' dir='ltr'>tempore</span> <span class='ocrx_word' id='word_1_572' title='bbox 1327 5521 1348 5554; x_wconf 87' lang='lat' dir='ltr'>c.</span> <span class='ocrx_word' id='word_1_573' title='bbox 1421 5499 1597 5569; x_wconf 74' lang='lat' dir='ltr'>29nt1ctc</span> <span class='ocrx_word' id='word_1_574' title='bbox 1678 5509 1712 5558; x_wconf 76' lang='lat'>34</span> <span class='ocrx_word' id='word_1_575' title='bbox 1731 5506 1852 5558; x_wconf 81' lang='lat' dir='ltr'>vasallos</span> <span class='ocrx_word' id='word_1_576' title='bbox 1870 5526 1892 5558; x_wconf 87' lang='lat' dir='ltr'>c.</span> <span class='ocrx_word' id='word_1_577' title='bbox 1965 5511 1999 5560; x_wconf 78' lang='lat'>35</span> <span class='ocrx_word' id='word_1_578' title='bbox 2018 5510 2092 5576; x_wconf 84' lang='lat' dir='ltr'>quod</span> <span class='ocrx_word' id='word_1_579' title='bbox 2109 5508 2170 5563; x_wconf 79' lang='lat' dir='ltr'>edd.</span> <span class='ocrx_word' id='word_1_580' title='bbox 2188 5526 2201 5558; x_wconf 83' lang='lat' dir='ltr'>c</span> <span class='ocrx_word' id='word_1_581' title='bbox 2219 5523 2247 5562; x_wconf 67' lang='grc' dir='ltr'>ω</span> 
     </span>
     <span class='ocr_line' id='line_1_47' title="bbox 547 5585 965 5655; baseline 0 -13"><span class='ocrx_word' id='word_1_582' title='bbox 547 5591 610 5642; x_wconf 79' lang='lat' dir='ltr'>coni.</span> <span class='ocrx_word' id='word_1_583' title='bbox 684 5585 828 5655; x_wconf 67' lang='lat' dir='ltr'>sanabis]</span> <span class='ocrx_word' id='word_1_584' title='bbox 848 5592 965 5642; x_wconf 87' lang='lat' dir='ltr'>vobisc.</span> 
     </span>
    </p>
   </div>
   <div class='ocr_carea' id='block_1_4' title="bbox 545 5771 2200 5962">
    <p class='ocr_par' dir='ltr' id='par_1_4' title="bbox 545 5771 2200 5962">
     <span class='ocr_line' id='line_1_48' title="bbox 659 5771 2199 5856; baseline 0.005 -28"><span class='ocrx_word' id='word_1_585' title='bbox 659 5771 689 5842; x_wconf 91' lang='lat' dir='ltr'>l)</span> <span class='ocrx_word' id='word_1_586' title='bbox 712 5771 759 5829; x_wconf 83' lang='lat' dir='ltr'>De</span> <span class='ocrx_word' id='word_1_587' title='bbox 781 5771 833 5829; x_wconf 81' lang='lat' dir='ltr'>boc</span> <span class='ocrx_word' id='word_1_588' title='bbox 854 5772 937 5830; x_wconf 83' lang='lat' dir='ltr'>verde</span> <span class='ocrx_word' id='word_1_589' title='bbox 955 5772 1069 5848; x_wconf 79' lang='lat' dir='ltr'>saepius</span> <span class='ocrx_word' id='word_1_590' title='bbox 1085 5772 1187 5831; x_wconf 78' lang='lat' dir='ltr'>mitcto</span> <span class='ocrx_word' id='word_1_591' title='bbox 1205 5773 1247 5845; x_wconf 86' lang='lat' dir='ltr'>cs.</span> <span class='ocrx_word' id='word_1_592' title='bbox 1268 5773 1379 5831; x_wconf 69' lang='lat' dir='ltr'>Simeon</span> <span class='ocrx_word' id='word_1_593' title='bbox 1397 5773 1587 5852; x_wconf 70' lang='lat' dir='ltr'>‘Entstebrmq</span> <span class='ocrx_word' id='word_1_594' title='bbox 1605 5777 1658 5833; x_wconf 79' lang='lat' dir='ltr'>der</span> <span class='ocrx_word' id='word_1_595' title='bbox 1670 5777 1964 5852; x_wconf 68' lang='lat' dir='ltr'>pseudotidon‘aclm</span> <span class='ocrx_word' id='word_1_596' title='bbox 1984 5777 2199 5856; x_wconf 66' lang='lat' dir='ltr'>Fd&#39;lacltaapen&#39;</span> 
     </span>
     <span class='ocr_line' id='line_1_49' title="bbox 545 5876 2200 5962; baseline 0.001 -24"><span class='ocrx_word' id='word_1_597' title='bbox 545 5899 576 5954; x_wconf 83' lang='lat' dir='ltr'>p.</span> <span class='ocrx_word' id='word_1_598' title='bbox 593 5882 633 5938; x_wconf 87' lang='lat'>65</span> <span class='ocrx_word' id='word_1_599' title='bbox 644 5898 706 5954; x_wconf 82' lang='lat' dir='ltr'>sqq.</span> <span class='ocrx_word' id='word_1_600' title='bbox 784 5876 814 5944; x_wconf 83' lang='lat'>2)</span> <span class='ocrx_word' id='word_1_601' title='bbox 838 5877 910 5936; x_wconf 79' lang='lat' dir='ltr'>Dies</span> <span class='ocrx_word' id='word_1_602' title='bbox 932 5877 1064 5937; x_wconf 69' lang='lat' dir='ltr'>Paschae</span> <span class='ocrx_word' id='word_1_603' title='bbox 1086 5888 1150 5936; x_wconf 82' lang='lat' dir='ltr'>erat</span> <span class='ocrx_word' id='word_1_604' title='bbox 1171 5882 1236 5940; x_wconf 82' lang='grc'>838</span> <span class='ocrx_word' id='word_1_605' title='bbox 1259 5880 1318 5937; x_wconf 77' lang='lat' dir='ltr'>dies</span> <span class='ocrx_word' id='word_1_606' title='bbox 1333 5881 1380 5940; x_wconf 71' lang='lat'>14.</span> <span class='ocrx_word' id='word_1_607' title='bbox 1397 5882 1499 5940; x_wconf 63' lang='lat' dir='ltr'>rumas</span> <span class='ocrx_word' id='word_1_608' title='bbox 1513 5881 1630 5958; x_wconf 69' lang='lat' dir='ltr'>Aprilis</span> <span class='ocrx_word' id='word_1_609' title='bbox 1708 5883 1740 5952; x_wconf 85' lang='grc'>3)</span> <span class='ocrx_word' id='word_1_610' title='bbox 1766 5882 1815 5956; x_wconf 81' lang='lat' dir='ltr'>Cf.</span> <span class='ocrx_word' id='word_1_611' title='bbox 1838 5884 1923 5956; x_wconf 56' lang='lat' dir='ltr'>iissre</span> <span class='ocrx_word' id='word_1_612' title='bbox 1941 5906 1973 5962; x_wconf 83' lang='lat' dir='ltr'>p.</span> <span class='ocrx_word' id='word_1_613' title='bbox 1988 5887 2051 5945; x_wconf 72' lang='lat'>846</span> <span class='ocrx_word' id='word_1_614' title='bbox 2072 5886 2092 5943; x_wconf 88' lang='lat' dir='ltr'>l.</span> <span class='ocrx_word' id='word_1_615' title='bbox 2110 5889 2200 5962; x_wconf 79' lang='lat' dir='ltr'>9rpq.</span> 
     </span>
    </p>
   </div>
   <div class='ocr_carea' id='block_1_5' title="bbox 0 0 2446 6709">
    <p class='ocr_par' dir='ltr' id='par_1_5' title="bbox 0 0 2446 6709">
     <span class='ocr_line' id='line_1_50' title="bbox 0 0 2446 6709; baseline 0 0"><span class='ocrx_word' id='word_1_616' title='bbox 0 0 2446 6709; x_wconf 95' lang='lat' dir='ltr'> </span> 
     </span>
    </p>
   </div>
  </div>
 </body>
</html>
