4884 6717
529 1303 629 1425 so.
694 1290 1263 1425 concrema
1318 1223 2184 1425 ceuo'unuurcuu.

1204 1538 1298 1622 840.
1328 1536 1416 1611 Mai.
1446 1539 1504 1610 12.

637 1771 793 1866 Caecilii
816 1799 1044 1866 Geuomoauici
1064 1801 1219 1866 decretam
1243 1802 1281 1866 de
1310 1803 1418 1866 maheu
1444 1801 1611 1866 cantandis
1635 1801 1749 1888 beqitur
1775 1802 1810 1864 iu
1828 1799 1940 1864 'Gestis
1962 1799 2098 1864 Abda-ici
2117 1802 2185 1886 epi·

529 1914 621 1997 scopi
645 1908 872 1975 Cenomoanici
894 1907 949 1989 (cc.
967 1915 1011 1975 58
1027 1923 1055 1972 et
1069 1911 1138 1992 59),
1169 1932 1302 1995 quorum
1324 1910 1568 1973 recentissimam
1593 1907 1760 1972 editionem
1790 1906 1842 1986 (de
1865 1906 2114 1970 antecedentibus
2137 1907 2182 1994 cf.

529 2017 679 2096 Pottboat,
703 2014 918 2102 ‘Wepueiser’
934 2013 963 2095 I,
982 2017 1060 2100 510)
1085 2040 1105 2079 o
1129 2015 1168 2078 R.
1199 2015 1331 2079 Cbarles
1354 2029 1383 2080 et
1403 2014 1443 2078 L.
1468 2014 1591 2101 Froper
1615 2013 1790 2096 calamae
1807 2020 1908 2092 1889,
1928 2036 1962 2098 p.
1980 2020 2045 2079 165
2052 2013 2183 2096 -174)
2202 2040 2217 2079 s

528 2123 697 2188 secuudum
721 2122 859 2186 codicem
883 2122 1085 2187 bibliothecae
1112 2121 1361 2187 Oenomouuicoe
1385 2130 1429 2189 99
1458 2146 1537 2186 aoec.
1562 2120 1623 2184 XI.
1650 2120 1706 2204 (=
1728 2120 1766 2204 O)
1791 2120 1966 2206 confectam
1989 2142 2047 2183 uos
2069 2121 2184 2206 repeti·

529 2255 608 2294 orus.
632 2268 677 2276 -
700 2230 797 2315 Bep:
819 2227 924 2292 Neues
946 2228 1082 2292 Arcbie'
1100 2227 1230 2308 XXIV,
1246 2237 1321 2295 491.

637 2409 686 2504 In
715 2441 845 2505 nomine
880 2442 981 2525 patris
1016 2449 1049 2504 et
1080 2440 1137 2504 filii
1168 2452 1200 2504 et
1231 2440 1372 2527 Spiritus
1403 2439 1517 2503 sancti.
1569 2437 1723 2503 Aldricus
1758 2438 1912 2524 indignus
1941 2436 2183 2503 Oenomannice

529 2549 642 2612 matris
666 2545 845 2611 aecclesiae
870 2546 1042 2634 episcopus
1066 2545 1215 2611 omnibus
1239 2557 1369 2611 nostrae
1386 2568 1484 2611 curae
1502 2546 1681 2610 commissis
1698 2546 1800 2609 sacris
1817 2543 1985 2610 ordinibus
2002 2554 2034 2608 et
2057 2545 2184 2609 cunctis

528 2652 680 2720 fidelibus
705 2652 841 2718 salutem
865 2663 898 2717 et
919 2651 1057 2738 gloriam
1081 2654 1322 2740 sempiternam.
2205 2679 2230 2718 ra

637 2759 721 2824 Cum
743 2761 777 2823 in
800 2759 866 2824 Dei
889 2760 1019 2823 nomine
1050 2781 1135 2823 anno
1165 2760 1397 2823 incarnationis
1421 2758 1603 2823 dominicae
1627 2756 1833 2840 DOCOXL,
1864 2757 2042 2823 indictione
2065 2757 2126 2822 III.
2152 2768 2185 2822 et

529 2889 614 2932 anno
645 2867 774 2954 imperii
805 2865 915 2930 domni
938 2864 1124 2930 illudowici
1154 2866 1292 2952 piissimi
1317 2866 1521 2951 imperatoris
1545 2865 1702 2947 XXVII,
1733 2887 1818 2929 anno
1841 2887 1920 2929 vero
1937 2864 2029 2928 VIII.
2054 2864 2183 2928 ordina·

528 2975 626 3039 tionis
649 2972 810 3059 praedicti
827 2971 954 3037 Aldrici
978 2960 1124 3059 episcopi
1134 2977 1155 3052 ¹,
1179 2971 1258 3036 ΠΠ.
1282 2971 1437 3036 videlicet
1459 2970 1577 3036 Iduum
1592 2971 1754 3036 Maiarum
1778 2972 1841 3053 die,
1866 2970 2016 3036 sinodum
2039 2972 2184 3035 omnium

529 3079 735 3145 sacerdotum
759 3101 798 3143 ac
821 3078 995 3143 levitarum
1019 3101 1077 3142 seu
1100 3077 1300 3165 reliquorum
1324 3101 1492 3143 servorum
1508 3078 1573 3142 Dei
1589 3077 1834 3143 Cenomannica
1848 3080 1882 3142 in
1897 3077 1978 3143 urbe
1994 3077 2182 3165 praedictus

528 3186 677 3274 pontifex
708 3185 925 3267 coadunaret,
961 3196 1034 3271 post
1068 3184 1295 3250 allocutionem
1326 3195 1359 3249 et
1390 3186 1654 3250 ammonitionem
1689 3186 1759 3249 sive
1793 3186 2036 3271 inquisitionem
2070 3206 2182 3249 eorum
2202 3209 2228 3248 u

531 3294 638 3380 coepit
662 3294 726 3356 iam
751 3291 857 3356 dictus
872 3290 1026 3356 Aldricus
1043 3292 1216 3378 episcopus
1239 3314 1306 3355 una
1329 3314 1402 3356 cum
1427 3292 1474 3356 eis
1498 3291 1626 3379 illisque
1650 3291 1903 3379 deprecantibus
1925 3302 2077 3374 tractare,
2102 3290 2182 3378 quid

529 3400 629 3464 officii
658 3399 882 3485 unusquisque
912 3421 971 3485 pro
998 3399 1064 3462 suis
1091 3396 1318 3478 confratribus,
1349 3410 1416 3463 tam
1445 3421 1504 3485 pro
1533 3400 1620 3463 vivis
1653 3420 1752 3485 quam
1782 3409 1815 3463 et
1843 3422 1903 3487 pro
1933 3398 2046 3464 solutis
2069 3396 2181 3463 debito

529 3508 651 3588 mortis,
676 3504 850 3590 diligenter
873 3515 986 3590 ageret
1010 3515 1042 3568 et
1065 3503 1145 3590 quid
1167 3527 1227 3591 pro
1251 3505 1397 3591 praefixo
1420 3505 1574 3592 pontifice
1598 3515 1631 3570 et
1653 3528 1754 3593 grege
1777 3507 1946 3593 utriusque
1970 3504 2092 3570 ordinis
2118 3503 2181 3569 sibi

530 3614 702 3677 commisso
725 3611 866 3675 fideliter
889 3609 1092 3697 adimpleret.

636 3718 711 3799 Qua
734 3717 774 3781 de
798 3740 834 3781 re
857 3716 918 3781 boc
941 3717 1097 3781 instinctu
1121 3716 1233 3782 divino
1256 3720 1379 3804 pariter
1402 3719 1645 3783 considerantes
1674 3721 1885 3783 tractavimus
1913 3719 2073 3805 simulque
2096 3719 2182 3782 inter
2199 3740 2228 3780 aa

529 3848 587 3889 nos
612 3823 697 3888 bono
722 3825 829 3888 animo
855 3835 887 3888 et
910 3846 993 3910 pura
1015 3823 1180 3888 voluntate
1205 3823 1420 3908 decrevimus,
1452 3835 1496 3906 ut,
1527 3824 1605 3890 dum
1628 3825 1802 3908 advixerit,
1832 3827 2055 3911 unusquisque
2080 3825 2181 3889 nostri

529 3931 651 3995 ordinis
675 3929 828 3995 sacerdos
851 3953 911 4018 pro
935 3931 1114 4017 prescripto
1140 3929 1257 3995 domno
1281 3930 1415 3995 Aldrico
1440 3932 1594 4018 episcopo
1625 3943 1657 3996 et
1685 3955 1745 4018 pro
1775 3930 1896 4018 populo
1921 3930 1982 3994 sibi
2007 3932 2181 3996 commisso

528 4039 562 4100 in
585 4037 664 4101 IIII.
688 4037 771 4101 feria
793 4059 859 4101 una
883 4060 957 4101 cum
980 4035 1101 4101 letania
1124 4046 1157 4100 et
1180 4036 1397 4102 oblationibus
1420 4039 1553 4102 missam
1577 4038 1730 4103 decantet
1745 4038 1772 4120 I,
1797 4037 1946 4102 similiter
1969 4049 2002 4102 ct
2016 4037 2074 4102 VI.
2099 4038 2182 4102 feria

527 4143 628 4209 iaciat
658 4154 691 4207 et
719 4144 775 4230 qui
799 4142 861 4208 hoc
884 4143 994 4209 facere
1024 4166 1089 4208 non
1120 4144 1240 4230 poterit
1262 4144 1289 4207 L
1312 4143 1455 4231 psalmos
1478 4143 1640 4226 decantet,
1664 4183 1708 4192 -
1732 4155 1860 4209 orantes
1890 4167 1929 4209 ac
1960 4144 2180 4231 supplicantes

527 4251 705 4316 Dominum
730 4250 822 4332 coeli,
853 4259 890 4314 ut
911 4250 1004 4314 Deus
1035 4251 1239 4336 omnipotens
1269 4250 1416 4336 praefixo
1440 4250 1586 4337 pontifici
1616 4263 1726 4316 nostro
1751 4250 1928 4317 secundum
1952 4273 2043 4315 suam
2068 4251 2179 4316 volun·
2199 4272 2227 4312 aa

527 4367 628 4422 tatem
651 4358 736 4421 hanc
759 4356 882 4421 tribuat
906 4356 1025 4443 degere
1049 4357 1160 4437 vitam,
1184 4366 1230 4437 ut,
1255 4356 1385 4443 quando
1409 4357 1440 4420 ei
1455 4356 1616 4444 placuerit
1630 4357 1769 4444 finisque
1786 4357 1881 4422 buius
1896 4359 1984 4421 vitae
2000 4357 2180 4436 advenerit,

528 4463 678 4528 coelestis
701 4465 801 4528 ianua
823 4465 854 4527 ei
878 4472 989 4549 pateat
1011 4472 1044 4527 et
1066 4461 1157 4528 lacus
1173 4474 1359 4528 sanctorum
1376 4464 1530 4529 consortii
1545 4462 1639 4528 nobis
1656 4463 1907 4551 deprecantibus
1924 4463 2028 4529 detur.
2063 4464 2180 4529 Amen.

528 4569 686 4635 Similiter
716 4581 748 4634 et
778 4570 944 4657 praefatus
973 4570 1121 4656 pontifex
1153 4592 1212 4655 pro
1243 4568 1336 4634 nabis
1367 4568 1516 4635 omnibus
1547 4580 1603 4635 aut
1632 4592 1692 4656 per
1715 4593 1750 4634 se
1778 4581 1834 4634 aut
1855 4593 1915 4657 per
1938 4569 2079 4657 aliquem
2103 4595 2123 4635 a
2146 4593 2181 4634 se

530 4677 737 4742 commissum
762 4685 811 4741 est
832 4676 994 4765 pellicitus
1018 4699 1126 4763 agere.

636 4783 775 4869 Insuper
807 4783 889 4848 haec
923 4792 1100 4848 tractantes
1133 4784 1169 4846 in
1202 4777 1403 4869 praesbripto
1438 4783 1556 4860 Iduum
1590 4782 1751 4848 Maiarum
1786 4783 1839 4849 die
1871 4795 1903 4849 et
1934 4786 1968 4848 in
1998 4785 2063 4849 iam
2093 4783 2182 4849 dicta
2200 4805 2230 4845 so

530 4889 655 4976 synodo
687 4891 771 4952 inter
801 4912 860 4953 nos
891 4889 1105 4972 decrevimus,
1136 4899 1172 4954 ut
1195 4890 1418 4976 unusquisque
1442 4900 1598 4971 nostrum,
1629 4888 1706 4953 dum
1731 4889 1905 4971 advixerit,
1932 4913 1991 4977 pro
2015 4891 2082 4955 suis
2106 4914 2181 4956 con·

529 4994 683 5059 fratribus
706 4997 740 5059 in
764 5018 850 5059 anno
866 4996 934 5059 XII
958 5006 1067 5061 cantet
1089 4998 1205 5060 missas
1230 5019 1304 5061 cum
1328 4994 1545 5062 oblationibus
1561 5007 1594 5061 et
1609 4995 1744 5082 reliquis
1761 4996 1961 5062 orationibus
1984 5009 2026 5080 et,
2051 4999 2182 5084 quando

636 5195 754 5245 lemma:
774 5196 873 5246 LVIII.
903 5196 1027 5261 Synodus
1046 5196 1141 5246 habita
1159 5197 1194 5247 ab
1214 5195 1326 5248 Aldrico
1346 5199 1374 5247 in
1392 5199 1459 5247 urbe
1477 5196 1662 5248 cenomanica
1676 5197 1819 5263 praemittit
1836 5197 1939 5256 Bolum,
1958 5198 2119 5249 Miscellouea
2136 5198 2187 5249 III

529 5280 625 5346 (Pam.
646 5283 733 5345 reso),
749 5303 778 5350 p.
793 5290 852 5335 rso.

639 5376 671 5423 ll
691 5373 875 5424 cenomanica
896 5375 922 5424 C.
998 5375 1029 5425 17
1050 5373 1141 5424 debite
1163 5375 1189 5425 C.
1264 5376 1299 5426 30
1318 5369 1426 5440 Iduum]
1445 5373 1630 5426 Kalendarum
1650 5376 1677 5426 0.
2201 5379 2230 5422 ⁸⁶

639 5554 669 5624 1)
696 5553 755 5618 Qui
777 5558 840 5613 832
863 5555 908 5612 die
930 5560 982 5614 22.
1007 5575 1041 5610 m.
1067 5554 1231 5611 Decembris
1254 5564 1432 5612 coaaecrauu
1454 5564 1533 5625 erot,·
1557 5557 1598 5628 cf.
1620 5553 1709 5614 Gesta
1732 5555 1843 5613 Atdrici
1864 5576 1887 5613 c.
1906 5560 1922 5616 l
1943 5549 1976 5630 (l.
1992 5559 2013 5615 l.
2030 5577 2064 5634 p.
2082 5552 2133 5634 10)
2159 5564 2186 5614 et

530 5662 617 5718 Actus
635 5660 800 5739 pontificma
827 5659 1016 5719 Cenomauuis
1039 5661 1068 5717 iu
1092 5661 1159 5718 urbe
1183 5661 1339 5738 &pentum
1363 5681 1386 5718 c.
1407 5666 1448 5722 23
1471 5664 1534 5719 edd.
1560 5661 1598 5720 G.
1622 5663 1736 5720 Bussou
1760 5672 1786 5720 et
1808 5664 1843 5720 Α.
1869 5664 1967 5721 Ledru
1990 5658 2060 5739 (‘Au
2084 5664 2183 5721 Murts'

475 5767 478 5774 ’
533 5763 632 5842 reor),
652 5789 685 5844 ρ.
703 5772 765 5828 299
780 5789 823 5844 sq.
849 5771 918 5827 307.
