4884 6717
564 543 628 605 630
1032 549 1083 605 50.
1120 549 1340 607 CONCILIUM
1362 550 1588 606 PARISIENSE
1612 551 1648 605 Α.
1670 549 1745 605 829.

556 740 770 823 paenitentiae
786 739 943 824 populum
968 738 1094 802 dicens:
1116 738 1155 800 In
1180 763 1225 816 eo,
1249 741 1309 824 qni
1330 753 1474 803 uenturus
1501 753 1545 803 est
1571 753 1643 824 post
1671 740 1787 823 ipsum,
1819 752 1851 801 nt
1880 737 2040 801 crederent
2068 740 2101 801 in
2132 762 2212 816 eum,

562 845 619 907 boc
642 846 741 908 estin
766 843 878 907 Iesum.
926 845 990 908 His
1013 844 1134 908 auditis
1157 847 1312 930 baptrbati
1331 860 1403 909 sunt
1427 849 1460 909 in
1484 847 1606 909 nomine
1629 844 1711 908 Iesu.
1758 843 1893 907 Etcum
1926 846 2113 929 inposuisset
2142 845 2213 908 illa

563 976 674 1013 manns
696 949 827 1029 Paulus,
852 953 935 1014 cenit
959 951 1101 1037 Spiritus
1122 966 1249 1015 sarnatus
1275 977 1370 1037 siper
1393 977 1455 1032 eos,
1485 966 1513 1016 et
1536 953 1739 1037 loquebantur
1770 952 1889 1037 linpnis
1918 964 1947 1014 et
1971 950 2210 1036 prophetabant

386 1078 542 1128 serenan.
563 1055 644 1119 Item
674 1056 708 1118 in
739 1055 871 1119 eodem:
905 1056 983 1121 Cum
1006 1058 1169 1121 audissent
1190 1059 1336 1143 apostoli,
1369 1063 1428 1145 qui
1448 1072 1538 1122 erant
1559 1058 1796 1138 Hierosolimis,
1819 1060 1895 1142 quia
1921 1059 2039 1143 recepit
2061 1056 2212 1120 Samaria

564 1166 689 1227 uerbum
713 1163 856 1242 Domini,
879 1167 1031 1227 mitterent
1053 1164 1098 1227 ad
1119 1189 1169 1228 eos
1193 1165 1318 1228 Petrum
1343 1180 1372 1229 et
1385 1165 1565 1229 lobannem.
1608 1165 1674 1242 Qut
1693 1189 1762 1227 curn
1786 1166 1949 1244 uenissent,
1966 1178 2133 1227 orarerunt
2151 1182 2245 1249 prot

563 1273 655 1357 ipsis,
680 1285 711 1334 nt
733 1273 910 1356 acciperent
934 1269 1089 1355 Spiritum
1112 1285 1262 1335 sanetum.
1302 1271 1451 1335 Nondum
1476 1274 1559 1336 enim
1582 1274 1616 1335 in
1639 1259 1824 1356 quiunquam
1851 1271 1977 1334 illorum
2001 1285 2135 1348 uernat,
2158 1270 2216 1334 sed

563 1380 716 1463 baptizati
737 1393 853 1441 tanturn
879 1392 968 1440 erant
991 1380 1025 1441 in
1053 1379 1177 1440 nonrine
1209 1377 1334 1442 domini
1353 1378 1434 1443 Iesse.
1487 1378 1518 1440 T
1515 1403 1574 1442 nne
1599 1379 1797 1464 imponebant
1818 1402 1930 1441 monus
1958 1400 2053 1462 snper
2083 1378 2157 1440 illos
2187 1391 2214 1440 et

563 1485 760 1569 accipiebant
783 1485 939 1570 Spiritum
956 1498 1104 1547 salictum.
1144 1483 1233 1546 Eece
1250 1495 1361 1570 aperte
1379 1482 1627 1564 demonstratur,
1644 1482 1730 1568 quod
1749 1505 1814 1546 non
1831 1483 2036 1568 septuaginta
2051 1482 2212 1568 discipuli,

564 1612 700 1675 quorum
730 1589 867 1653 formam
898 1601 1010 1653 tenent
1040 1590 1254 1675 corepiscopi,
1285 1589 1342 1653 sed
1373 1589 1520 1676 apostoli,
1553 1612 1688 1675 quorum
1719 1611 1924 1654 successores
1955 1601 2029 1652 sunt
2056 1590 2213 1675 episcopi,

563 1694 736 1760 tradebant
759 1696 914 1782 Spiritum
939 1707 1096 1761 sanetum.
1143 1696 1182 1759 In
1206 1696 1343 1761 concilio
1367 1717 1445 1760 vero
1470 1694 1677 1760 Caesariensi
1700 1696 1746 1760 ita
1768 1695 1809 1759 de
1834 1696 2052 1781 corepiscopis
2076 1694 2214 1759 habetur
2233 1715 2260 1754 ro

564 1804 736 1888 scriptum:
762 1808 964 1883 Corepiscopi¹
990 1830 1101 1882 quoque
1126 1813 1161 1866 ad
1186 1812 1345 1884 exemplum
1369 1812 1484 1883 quidem
1508 1819 1538 1866 et
1561 1812 1677 1867 formam
1699 1813 1883 1884 septuaginta
1906 1812 2040 1866 videntur
2070 1829 2150 1876 esseq
2182 1819 2214 1864 ut

564 1920 742 1973 comministri
765 1927 861 1974 autern
883 1927 1001 1989 propter
1023 1919 1157 1984 studium,
1182 1920 1257 1989 quod
1282 1937 1350 1990 erga
1372 1937 1514 1990 pauperes
1538 1919 1684 1987 exhibent,
1707 1919 1888 1974 honorantur.
1926 1909 2009 1973 Item
2025 1910 2059 1973 in
2075 1907 2213 1973 concilio

563 2016 745 2079 Antioceno
770 2015 911 2102 capitulo
935 2016 1079 2080 deotmot
1105 2021 1183 2088 Qui?
1206 2026 1233 2079 in
1257 2025 1326 2079 vicis
1349 2026 1395 2080 vel
1418 2026 1642 2097 possessionibus
1666 2026 1840 2097 corepiscopi
1867 2026 2055 2093 nominantur,
2088 2025 2213 2096 quamtis

564 2150 661 2186 manus
684 2133 888 2202 impositionem
913 2133 1106 2203 episcoporum
1129 2132 1311 2202 perceperint
1336 2139 1366 2186 et
1389 2139 1421 2186 ut
1445 2134 1571 2203 episcopi
1594 2133 1750 2188 consecrati
1773 2134 1839 2198 sint,
1863 2140 1958 2187 tamen
1974 2140 2089 2187 sanctim
2105 2133 2213 2203 synodo

563 2240 688 2310 placuit,
726 2246 758 2292 ut
792 2240 904 2293 modum
937 2239 1079 2310 proprium
1118 2245 1322 2309 recognoscant
1361 2247 1390 2294 ct
1427 2241 1588 2311 gubernent
1623 2241 1765 2295 subiectas
1800 2240 1852 2293 sibi
1889 2239 2024 2294 ecclesias
2059 2256 2212 2308 earumque
2232 2250 2259 2290 ιι

564 2346 753 2401 moderamine
778 2363 900 2416 curaque
925 2345 1052 2400 contenti
1076 2345 1141 2399 sint.
1190 2334 1360 2400 Ordinatio
1384 2358 1480 2422 porro
1511 2338 1794 2422 corepiscopomm
1825 2335 1963 2422 qualiter
1993 2335 2064 2399 lieri
2094 2334 2214 2399 debeat

566 2455 597 2507 et
621 2442 759 2528 qualiter
787 2441 941 2529 qualesve
972 2443 1035 2529 ipsi
1066 2442 1285 2506 ordinationes
1316 2441 1502 2507 iubentibus
1533 2445 1694 2530 episcopis
1725 2444 1791 2506 suis
1821 2442 1930 2508 facere
1961 2441 2111 2524 debeant,
2142 2442 2214 2505 iura

565 2572 725 2614 canonum
749 2548 872 2635 liquido
904 2549 1083 2613 decernunt
1092 2554 1113 2613 ³.
1161 2549 1257 2613 Unde
1289 2551 1365 2636 quia
1395 2549 1552 2614 hactenus
1583 2549 1716 2636 quidam
1746 2550 1949 2636 corepiscopi
1980 2572 2084 2628 secus,
2116 2571 2213 2634 quam

568 2657 743 2720 auctoritas
768 2657 927 2720 canonica
950 2655 1077 2736 doceat,
1101 2657 1134 2718 in
1158 2656 1275 2719 officiis
1300 2656 1530 2721 ecclesiasticis
1552 2658 1659 2721 minus
1683 2669 1777 2721 caute
1801 2669 1948 2742 egerunt,
1976 2654 2212 2742 providendum

468 2833 472 2842 Ι
566 2784 770 2848 summopere
795 2763 956 2848 episcopis
981 2775 1039 2841 est,
1070 2775 1106 2826 ut
1128 2761 1262 2826 ulterius
1293 2785 1403 2827 eorum
1434 2765 1635 2850 corepiscopi
1665 2764 1729 2827 tale
1760 2763 1848 2849 quid,
1884 2762 1971 2849 quod
2004 2784 2066 2827 nec
2102 2784 2212 2826 eorum
2231 2782 2260 2822 so

565 2870 743 2933 ministerio
766 2891 827 2933 nee
852 2870 1035 2933 auctoritati
1060 2869 1190 2932 diuinae
1216 2869 1400 2951 concordat,
1424 2869 1533 2934 facere
1558 2881 1789 2957 pertemptent3
1821 2892 1881 2933 nec
1910 2869 2053 2955 episcopi
2085 2869 2135 2932 sui
2166 2869 2213 2931 eis

566 2974 654 3040 aliud
678 2975 840 3062 agendum
866 2977 1076 3056 committant,
1102 2976 1165 3039 nisi
1189 2974 1276 3062 quod
1300 2975 1342 3039 ad
1366 2999 1478 3040 eorum
1502 2976 1644 3041 officium
1668 2979 1818 3064 propriae
1843 2978 1983 3063 pertinet
2006 2985 2039 3039 et
2061 2977 2095 3040 in
2110 2975 2214 3039 sacris

565 3082 745 3146 canonibus
768 3083 949 3169 praefixum
972 3081 1120 3146 habetur.

673 3206 775 3292 Cap.
801 3206 961 3270 XXVHI.
1009 3206 1064 3271 Ut
1091 3206 1363 3294 presbiteri
1392 3207 1678 3272 nullomodo
1709 3206 2004 3272 fiantvilici
2035 3223 2078 3270 et
2107 3229 2213 3271 con·
2284 3197 2290 3212 '

566 3312 793 3378 ductores
824 3336 1042 3398 agrorum
1069 3313 1145 3377 vel
1174 3315 1477 3399 negotiorum
1510 3315 1805 3380 secularium
1837 3324 2114 3378 sectatores
2144 3329 2258 3376 rit-rs

566 3442 650 3505 que
675 3442 756 3505 per
779 3419 976 3483 diversa
1000 3431 1254 3505 vagantes,
1280 3421 1402 3507 quod
1427 3433 1471 3486 et
1494 3420 1545 3485 de
1569 3421 1815 3486 monacbis
1846 3420 2081 3484 similiter
2105 3442 2212 3484 con·

566 3550 587 3588 v
600 3549 618 3589 o
631 3550 651 3589 n
665 3527 701 3589 it
724 3525 776 3590 ob
790 3549 896 3590 serv
909 3549 929 3589 a
940 3550 956 3589 r
968 3527 988 3589 i.
1037 3526 1102 3606 Qui
1125 3527 1227 3590 sacris
1251 3527 1367 3591 officiis
1391 3527 1432 3591 ob
1457 3530 1643 3592 meritorum
1667 3529 1928 3615 praerogativam
1952 3537 2027 3591 sunt
2049 3525 2213 3612 adplicati,

566 3632 708 3696 dedecus
733 3645 765 3695 et
786 3632 882 3696 valde
907 3632 1124 3718 periculosum
1149 3644 1197 3696 est
1221 3635 1358 3698 terrenis
1382 3633 1564 3699 actionibus
1594 3634 1807 3721 turpibusque
1837 3634 1936 3698 lucris
1967 3657 2022 3698 eos
2053 3632 2213 3719 inplicari.

568 3739 781 3826 Conperimus
805 3740 903 3824 igitur
925 3739 1095 3804 nonnullos
1119 3739 1337 3826 praesbiteros
1361 3751 1394 3804 et
1416 3741 1601 3824 monachos,
1625 3742 1808 3806 desertores
1832 3740 1954 3805 ordinis
1970 3742 2029 3822 sui,
2047 3739 2134 3826 quod
2149 3762 2214 3803 non

567 3848 637 3910 sine
661 3868 778 3930 magno
802 3847 901 3909 animi
931 3869 1056 3910 merore
1086 3848 1323 3932 prosequimur,
1354 3847 1436 3912 adeo
1459 3847 1662 3913 vilicationes
1692 3859 1725 3912 at
1753 3849 1988 3934 negotiationes
2018 3846 2213 3932 diversaque
2232 3865 2260 3905 so

419 3954 675 4062 0,¹J„²1'}t¹¹rPI³
698 3952 788 4016 lucra
810 3954 938 4026 sectari,
963 3964 998 4016 ut
1021 3951 1099 4016 illud
1123 3952 1274 4017 rideatur
1297 3952 1474 4040 impletum,
1499 3954 1586 4040 quod
1609 3954 1742 4019 dicitur:
1767 3956 1811 4020 Et
1833 3958 1893 4020 erit
1914 3958 1996 4019 sicut
2013 3955 2153 4040 populns
2167 3955 2215 4017 sic

513 4051 519 4072 ¹
541 4052 547 4064 ’
567 4061 722 4124 sacerdos.
765 4059 862 4139 Quod
887 4071 918 4122 et
941 4059 1031 4144 leges
1055 4058 1186 4122 divinae
1211 4072 1243 4123 et
1266 4060 1337 4123 iura
1360 4062 1518 4125 canoniea
1541 4061 1791 4147 condempnant,
1816 4070 2036 4146 quantumque
2059 4060 2157 4123 etiam
2180 4057 2215 4122 id

568 4166 716 4251 religioni
741 4165 944 4230 Christianae
970 4166 1168 4229 contrarium
1192 4167 1242 4248 sit,
1267 4167 1475 4230 manifestum
1498 4178 1556 4231 est.
1604 4167 1702 4248 Quod
1731 4190 1809 4231 vero
1841 4165 1882 4230 ab
1913 4164 2137 4231 huiuscemodi
2166 4167 2213 4228 in-

567 4273 654 4337 licito
679 4284 753 4337 actu
780 4284 915 4358 uterque
947 4272 1035 4354 ordo,
1073 4282 1105 4336 et
1134 4272 1345 4337 sacerdotalis
1377 4285 1408 4336 et
1439 4267 1647 4354 monasticus,
1683 4296 1717 4337 se
1753 4272 1905 4338 cohibere
1940 4271 2068 4352 debeat,
2103 4270 2215 4335 subter

429 4405 550 4454 nassas.
567 4378 712 4442 breviter
746 4378 882 4442 collecta
915 4380 1100 4443 testimonia
1134 4378 1311 4442 declarant.
1369 4379 1426 4442 Ait
1459 4402 1598 4466 namque
1631 4380 1792 4445 Dominus
1827 4382 1861 4443 in
1896 4378 2084 4464 evangelio:
2115 4379 2215 4444 Nemo
2232 4396 2261 4436 π

567 4489 690 4550 mittens
711 4511 838 4550 manum
868 4512 958 4550 snam
989 4489 1023 4550 in
1053 4501 1161 4550 aratro
1192 4501 1220 4550 et
1249 4487 1421 4572 respiciens
1450 4502 1543 4568 retro,
1573 4503 1666 4573 aptus
1695 4503 1739 4552 est
1766 4512 1861 4574 repno
1885 4487 1956 4551 Dei.
2010 4485 2054 4549 Et
2076 4484 2213 4549 Paulus:

410 4618 549 4680 armar
569 4593 667 4657 Nemo
701 4594 844 4657 militans
874 4593 941 4656 Deo
972 4594 1118 4678 implicat
1148 4618 1179 4656 se
1214 4595 1346 4679 rsepotiis
1375 4594 1580 4675 secularibus,
1613 4610 1644 4659 nt
1676 4598 1710 4659 ei
1733 4596 1873 4680 placeat,
1908 4596 1963 4657 orei
1993 4618 2026 4657 se
2056 4594 2213 4678 probarit

569 4699 774 4785 Quamquam
808 4721 887 4783 ergo
921 4698 1003 4762 haec
1038 4696 1230 4783 evangelica
1268 4709 1300 4762 et
1338 4699 1516 4784 apostolica
1554 4702 1715 4765 sententia
1753 4698 1949 4786 generaliter
1987 4699 2027 4763 de
2063 4696 2213 4762 omnibus

568 4805 761 4870 Christianis
785 4806 826 4870 sit
849 4804 937 4868 dieta
961 4816 993 4868 et
1016 4803 1057 4868 ab
1082 4803 1231 4868 omnibus
1256 4802 1472 4886 observanda,
1497 4807 1670 4892 specialius
1694 4817 1801 4872 tamen
1831 4816 1929 4892 atque
1959 4804 2142 4891 religiosius
2171 4803 2214 4869 ab

674 5025 787 5073 xxvu.
817 5024 1160 5074 leucos-actricomeum
1176 5023 1205 5072 P.
1261 5017 1529 5086 2u0mineldomini
1541 5023 1602 5076 aad.
1622 5023 1649 5073 V.
1709 5017 1859 5087 5Domini]
1872 5024 1925 5073 Dei
1939 5023 1970 5073 P.
2031 5017 2215 5089 llseriptum]
2232 5034 2262 5074 to

567 5132 625 5180 spm
644 5113 672 5163 V.
747 5117 778 5163 13
797 5114 947 5180 Antioeene
969 5112 995 5162 1⁷.
1068 5106 1197 5176 capitulo]
1217 5114 1305 5177 capite
1326 5111 1356 5162 P.
1431 5114 1463 5162 15
1482 5112 1636 5178 gubernant
1656 5113 1682 5162 V.
1757 5115 1788 5164 ll
1809 5107 1870 5178 ipsi]
1887 5112 1939 5163 scil.
1959 5114 2139 5178 corepiscopi.

674 5202 808 5252 XXVIII.
837 5205 869 5251 24
889 5196 975 5262 vilici]
998 5201 1034 5250 ira
1052 5201 1080 5250 Γ.
1100 5199 1139 5260 Ρ;
1163 5219 1185 5250 r.
1204 5217 1283 5265 supra
1297 5218 1325 5265 p.
1340 5205 1391 5251 276
1410 5202 1426 5251 l.
1441 5205 1483 5250 19.
1574 5203 1607 5250 25
1633 5200 1677 5251 vol
1694 5201 1731 5252 bis
1749 5202 1832 5266 script.
1853 5201 1883 5251 P.
1975 5203 2008 5252 33
2034 5200 2167 5266 religione
2187 5201 2215 5251 Γ,

569 5286 750 5353 Christianae]
771 5291 925 5355 Chrysuan-
946 5289 971 5339 P
986 5290 1092 5353 saepiam.

679 5474 708 5542 l)
734 5470 886 5530 Corrcilium
909 5470 1150 5527 Neocamariense
1174 5473 1268 5538 c.13,·
1300 5469 1399 5526 Mansi
1421 5470 1461 5540 ΙΙ,
1478 5475 1550 5530 546.
1658 5471 1688 5541 2)
1714 5469 1866 5529 Concilium
1889 5472 2090 5528 Antiochorum
2113 5491 2137 5528 c.
2159 5474 2216 5540 105

571 5581 589 5634 t.
614 5581 632 5635 l.
658 5579 697 5648 ll,
716 5582 802 5638 1323.
906 5579 937 5644 3)
972 5576 1040 5632 Post
1066 5576 1152 5632 verba
1182 5576 1300 5632 laudata
1331 5595 1422 5633 canon
1445 5576 1634 5634 macrianus
1662 5577 1703 5634 ita
1728 5578 1840 5655 perpit:
1871 5573 2067 5653 (corepiscopi)
2089 5579 2216 5634 ordinent
2231 5594 2261 5634 et

571 5687 653 5739 etiarn
677 5687 794 5740 lectores
818 5695 846 5740 et
868 5686 1049 5740 subdiaconos
1071 5693 1153 5755 atque
1178 5684 1341 5748 exorcistas,
1365 5683 1463 5753 quibus
1485 5685 1668 5754 promotiones
1686 5685 1756 5740 istae
1772 5684 1915 5740 sufficiant.
1949 5686 2007 5740 Nec
2022 5685 2215 5757 presbyterum

572 5811 635 5846 roro
659 5811 709 5845 nor
733 5795 877 5846 diaconum
901 5794 1022 5846 audeant
1044 5799 1154 5861 praeter
1177 5790 1295 5843 civitatis
1318 5790 1485 5860 cpiscopmn,
1508 5791 1552 5844 cui
1575 5791 1634 5861 ipse
1657 5808 1718 5845 eum
1741 5792 1911 5862 possessione
1935 5792 2072 5846 subiectus
2094 5799 2138 5848 cst

572 5898 784 5969 Carepiseopum
807 5917 873 5954 vero
896 5899 1012 5953 civitatis
1035 5898 1180 5968 episcopus
1203 5897 1320 5967 ordinet,
1342 5896 1384 5950 cui
1409 5896 1456 5951 ille
1480 5896 1618 5952 subiectus
1639 5905 1688 5952 est.
