4884 6717
553 537 617 600 624
1021 543 1072 601 50.
1110 541 1327 599 CONCILIUM
1351 541 1578 598 PARISIENSE
1602 541 1638 597 Α.
1660 540 1735 598 829.

658 730 760 816 Cap.
786 728 896 793 XVII.
941 727 1071 809 Quod
1110 728 1235 793 nulli
1275 731 1613 816 episcoporum
1650 728 1805 793 liceat
1843 750 1918 792 res
1957 726 2208 793 ecclesiae

551 847 688 900 extra
719 837 995 900 constituta
1026 837 1456 922 canonumpassim
1486 837 1531 899 in
1555 835 1763 901 alterius
1792 836 1898 899 iura
1921 834 2206 899 transferre.

550 941 717 1008 Canonica
740 964 879 1006 censura
902 942 1058 1022 decernit,
1084 955 1119 1006 ut
1141 964 1194 1006 res
1219 941 1379 1007 ecclesiae
1403 944 1466 1006 nisi
1489 941 1531 1008 ob
1549 942 1666 1007 nimias
1685 943 1908 1021 necessitates,
1933 963 2015 1028 quas
2040 938 2207 1022 describit,

549 1072 644 1114 nemo
680 1048 846 1113 distrahat.
896 1048 992 1131 Quod
1027 1050 1055 1112 si
1090 1049 1253 1136 quispiam
1288 1050 1464 1113 inminente
1500 1049 1600 1114 nimia
1635 1050 1828 1113 necessitate
1859 1047 2040 1112 inconsulto
2069 1049 2208 1134 primate

550 1156 738 1241 provinciae
762 1167 818 1221 aut
842 1166 929 1220 certe
948 1156 1063 1220 maiori
1082 1165 1241 1241 urguente
1260 1157 1465 1237 necessitate,
1490 1178 1555 1221 non
1575 1154 1730 1220 adhibitis
1745 1153 1883 1220 testibus
1898 1155 2017 1219 vicinis
2034 1155 2207 1241 episcopis,
2230 1175 2244 1215 s

550 1260 583 1324 id
606 1260 716 1325 faeere
740 1261 1001 1348 adtemptaverit,
1026 1264 1072 1326 ita
1095 1263 1255 1326 canonico
1279 1261 1400 1326 iudicio
1424 1261 1620 1348 percellitur,
1645 1261 1770 1326 scilicet
1790 1271 1826 1326 ut
1844 1262 1963 1326 amisso
1986 1260 2109 1326 honore
2134 1283 2208 1325 rens

550 1366 623 1432 Deo
649 1378 680 1432 et
704 1367 841 1432 concilio
865 1379 1023 1432 teneatur.
1070 1368 1113 1432 Et
1147 1367 1224 1432 licet
1258 1366 1414 1432 moderno
1451 1381 1595 1456 tempore
1630 1369 1809 1433 necessitas
1844 1390 1910 1432 non
1946 1366 2137 1453 compellat,
2173 1379 2209 1432 ut

550 1484 662 1561 aperte
686 1497 738 1538 res
762 1474 983 1539 distrahantur
1006 1474 1176 1556 ecclesiae,
1201 1473 1382 1538 verendum
1406 1485 1456 1538 est
1478 1487 1663 1557 tameu,.ue
1686 1473 1833 1539 clanculo
1851 1473 2037 1539 vendantur
2056 1484 2088 1538 et
2112 1496 2207 1539 cano-

550 1581 625 1645 nica
648 1580 866 1644 intemrinatio
891 1580 1054 1645 subeatur.
1096 1580 1235 1661 Quando
1260 1582 1347 1645 enim
1371 1582 1533 1668 quispiam
1549 1581 1767 1668 praelatorum
1783 1593 1840 1646 aut
1856 1582 2000 1646 muueris
2016 1593 2073 1646 aut
2088 1582 2208 1646 amoris

551 1699 607 1752 aut
629 1688 793 1751 amicitiae
818 1698 873 1751 aut
906 1698 993 1752 certe
1025 1689 1148 1752 timoris
1172 1687 1226 1752 vel
1250 1686 1423 1752 cuiuslibet
1447 1687 1579 1752 alterius
1603 1689 1651 1753 rei
1674 1689 1781 1775 gratia
1804 1710 1857 1753 res
1880 1687 2040 1753 ecclesiae
2063 1689 2097 1752 in
2121 1710 2207 1752 com·
2227 1709 2253 1748 ιο

550 1795 761 1858 mutationem
796 1793 867 1876 dat,
904 1793 1074 1859 commoda
1108 1793 1233 1858 scilicet
1268 1807 1300 1858 et
1328 1794 1422 1859 utilia
1451 1795 1533 1859 dans
1557 1808 1589 1859 et
1612 1793 1818 1859 incommoda
1842 1806 1874 1859 et
1897 1794 2023 1858 inutilia
2047 1794 2207 1859 ecclesiae

551 1923 628 1965 suae
653 1901 829 1987 accipiens,
852 1900 1056 1965 venditorem
1081 1902 1289 1965 temerarium
1313 1900 1607 1966 ecclesiasticarum
1632 1923 1740 1965 rerum
1759 1923 1793 1965 se
1814 1923 1885 1965 esse
1904 1902 2032 1966 noverit
2050 1921 2207 1987 reumque

551 2006 624 2072 Deo
649 2018 682 2071 et
705 2006 842 2071 concilio
867 2008 1106 2071 contremiscat.
1154 2006 1252 2088 Quod
1282 2008 1359 2094 quia
1389 2008 1422 2072 in
1453 2007 1691 2072 commutandis
1715 2006 1813 2072 rebus
1836 2007 1870 2072 id
1895 2029 2033 2094 persepe
2057 2008 2206 2072 evenisse

551 2112 685 2178 dubium
708 2136 773 2178 uon
798 2125 857 2194 est,
882 2113 1064 2178 cavendum
1088 2136 1294 2200 summopere
1318 2114 1437 2178 abhinc
1462 2113 1615 2201 praelatis
1639 2125 1698 2196 est,
1722 2136 1763 2178 ne
1787 2115 1821 2178 in
1845 2113 2083 2179 commutandis
2102 2113 2206 2178 eccle·

551 2221 691 2285 siasticis
725 2219 823 2284 rebus
853 2221 975 2285 incauti
1006 2221 1156 2285 existant.
1205 2221 1257 2285 De
1292 2244 1358 2285 non
1392 2220 1573 2286 alienandis
1608 2243 1685 2285 vero
1720 2219 1819 2286 rebus
1853 2220 2085 2285 ecclesiasticis
2119 2243 2208 2308 papa
2227 2246 2252 2286 ιι

552 2326 766 2413 Symmachus
785 2328 819 2390 in
839 2326 979 2391 decretis
1000 2329 1065 2391 suis
1089 2328 1174 2392 inter
1197 2339 1307 2392 cetera
1330 2328 1376 2391 ita
1400 2326 1528 2392 scribit:
1553 2331 1628 2392 His1
1652 2355 1720 2409 ergo
1743 2338 1891 2409 perpensis
1913 2355 2042 2393 mansuro
2065 2355 2128 2392 cum
2151 2337 2207 2393 Dei

551 2444 638 2499 nostri
662 2443 888 2498 consideratione
912 2445 1030 2499 decreto
1054 2444 1204 2511 sancimus,
1232 2453 1262 2498 ut
1285 2445 1356 2499 nulli
1380 2445 1553 2516 apostolicae
1578 2445 1654 2500 sedis
1678 2445 1801 2515 praesuli
1824 2463 1843 2499 a
1864 2445 2010 2516 praesenti
2033 2444 2090 2512 die,
2115 2444 2207 2499 donce

551 2551 719 2622 disponente
743 2552 864 2605 Domino
892 2551 1026 2605 manserit
1057 2551 1185 2606 doctrina
1214 2550 1377 2616 salvatoris,
1412 2550 1497 2607 liceat
1529 2552 1676 2622 praedium
1710 2552 1845 2606 rusticum
1878 2555 2125 2622 quantaecumque
2159 2551 2206 2606 vel

552 2658 752 2728 magnitudinis
776 2657 822 2711 vel
856 2658 1018 2729 exiguitatis
1048 2658 1099 2711 sub
1123 2666 1262 2728 perpetua
1286 2657 1457 2714 alienatione
1481 2657 1529 2713 vel
1556 2659 1774 2714 commutatione
1798 2659 1835 2713 ad
1858 2658 2010 2713 cuiuslibet
2033 2658 2093 2712 iura
2115 2665 2205 2713 nass·

550 2763 626 2820 ferre
651 2782 705 2819 uec
729 2765 891 2835 cuiusquam
915 2765 1047 2835 publicae
1071 2765 1254 2819 necessitatis
1278 2764 1410 2830 obtentu,
1436 2765 1552 2835 quippe,
1576 2783 1638 2818 cum
1661 2764 1773 2819 nonsit
1796 2764 1947 2835 personale
1963 2765 2040 2835 quod
2055 2764 2205 2836 loquimur,
2225 2779 2252 2818 ιο

551 2888 604 2925 nec
628 2870 729 2940 aliquis
753 2872 918 2926 clericorum
941 2871 986 2926 ch
1015 2871 1148 2926 laicorum
1178 2871 1231 2925 sub
1260 2871 1313 2925 hac
1344 2871 1491 2926 occasione
1522 2879 1640 2941 accepta
1670 2877 1795 2926 tueatur.
1843 2869 1901 2926 Sed
1931 2887 1985 2925 nec
2016 2872 2045 2925 in
2074 2871 2204 2926 usufruc-

550 2977 642 3031 tuario
666 2977 774 3048 aliquid
796 2978 857 3032 dari
881 2978 967 3032 liceat
989 2995 1044 3033 nec
1075 2978 1143 3032 data
1169 2978 1287 3032 retineri
1317 2985 1432 3048 practer
1461 2978 1578 3033 clericos
1610 2986 1637 3032 et
1661 2978 1788 3048 captiuos
1811 2985 1897 3048 atque
1921 2978 2097 3049 peregrinos.
2144 2967 2205 3031 His

551 3072 661 3137 verbis
684 3085 796 3159 aperte
820 3085 1030 3154 monstratur,
1062 3076 1155 3161 quia,
1188 3073 1275 3160 quod
1306 3074 1411 3138 isdem
1440 3097 1527 3162 papa
1556 3074 1753 3160 apostolicae
1783 3073 1870 3138 sedis
1894 3074 2024 3161 praesul
2047 3085 2205 3161 perpetuo

551 3179 792 3244 observandum
816 3182 957 3261 censuit,
989 3181 1196 3245 nihilominus
1227 3179 1378 3246 omnibus
1402 3179 1608 3269 praesulibus
1633 3180 1845 3246 ecclesiarum
1869 3180 2110 3246 observandum
2134 3203 2205 3268 per-

552 3286 672 3351 docuit.
1079 3297 1085 3308 '
2224 3312 2250 3350 ιι

659 3409 763 3498 Cap.
788 3411 913 3475 XVIII.
963 3411 1093 3492 Quod
1128 3435 1202 3476 res
1237 3412 1485 3478 ecclesiae
1519 3435 1605 3477 non
1636 3413 1733 3476 sint
1763 3411 2131 3495 sacerdotibus,
2167 3415 2205 3476 si

554 3540 632 3582 eas
672 3529 868 3582 strenue
908 3517 1333 3604 dispensaverint,
1374 3542 1517 3584 causa
1555 3519 1761 3606 peccati.
1820 3517 1982 3585 Convenit
2020 3517 2205 3606 pastoribus

553 3624 766 3690 ecclesiarum
789 3646 841 3687 res
865 3622 1024 3688 ecclesiae
1048 3623 1226 3710 possidere,
1249 3646 1315 3689 non
1338 3624 1380 3689 ab
1403 3624 1454 3690 his
1478 3626 1637 3712 possideri
1662 3636 1704 3708 et,
1728 3635 1764 3691 ut
1786 3626 1979 3690 Pomerins²
2002 3624 2125 3704 scribit,
2149 3647 2205 3689 eas

553 3729 751 3818 possidendo
787 3728 907 3794 debent
942 3739 1170 3817 contempnere
1206 3740 1239 3794 et
1272 3754 1337 3795 non
1373 3730 1452 3814 sibi,
1491 3731 1550 3796 sed
1587 3731 1659 3796 aliis
1694 3731 1872 3817 possidere.
1927 3731 2063 3797 Constat
2097 3741 2203 3796 autem

552 3837 772 3902 sanctissimos
796 3836 975 3921 pontifices,
1000 3837 1055 3921 qui
1080 3859 1154 3900 cum
1170 3835 1300 3901 Christo
1323 3850 1565 3903 remuneratore
1589 3861 1647 3903 suo
1670 3849 1818 3924 regnant,
1843 3861 1980 3926 quorum
1997 3861 2056 3904 uos
2080 3837 2205 3925 indigni
2224 3862 2252 3903 ιο

552 3943 658 4008 locum
682 3955 840 4022 tenemus,
864 3964 916 4006 res
941 3941 1101 4006 ecclesiae
1125 3966 1189 4007 non
1213 3942 1286 4024 sibi,
1311 3944 1369 4009 sed
1393 3944 1465 4009 aliis
1488 3945 1672 4032 possedisse
1696 3956 1728 4010 et
1750 3969 1816 4010 non
1839 3945 1881 4009 ad
1899 3968 1991 4011 suam
2014 3945 2151 4030 gloriam
2174 3956 2206 4008 et

553 4049 818 4130 delectationem,
854 4048 912 4113 sed
946 4050 1053 4135 potius
1088 4048 1131 4113 ad
1160 4050 1225 4114 Dei
1261 4050 1415 4115 honorem
1451 4063 1484 4116 et
1513 4051 1659 4117 fidelium
1689 4052 1952 4118 commoditatem
1976 4073 2032 4116 eos
2055 4051 2106 4116 his
2128 4074 2205 4116 usos

552 4157 662 4222 fuisse.
703 4155 799 4221 Unde
823 4155 934 4242 liquet,
959 4158 1036 4243 quia
1060 4156 1138 4221 nihil
1163 4159 1209 4221 eis
1234 4157 1407 4223 obfuerunt
1423 4157 1465 4222 ad
1481 4158 1733 4224 nanciscendam
1750 4170 1903 4224 aeternae
1918 4160 2045 4245 patriae
2068 4157 2205 4245 gloriam

552 4286 604 4328 res
640 4262 859 4328 ecclesiastice
895 4263 1176 4328 commodissimae
1211 4276 1308 4352 atque
1343 4263 1558 4352 amplissime,
1598 4288 1678 4352 quas
1712 4264 1853 4330 fideliter
1886 4264 2204 4330 administraverunt

553 4369 759 4456 Quicumque
783 4391 861 4454 ergo
885 4368 1064 4433 secundum
1084 4370 1262 4435 eorundem
1281 4382 1466 4435 sanctorum
1483 4371 1635 4458 exempla
1651 4395 1703 4436 res
1719 4370 1782 4436 sibi
1799 4371 1940 4437 creditas
1956 4371 2204 4459 dispensaverit,
2224 4395 2251 4435 ιι

553 4499 654 4563 seque
685 4474 727 4540 ab
757 4474 931 4540 inlecebris
959 4475 1177 4541 mundialibus
1207 4488 1241 4542 et
1270 4478 1443 4543 incentivis
1467 4477 1653 4543 carnalibus
1677 4477 1883 4560 custodierit,
1915 4477 1957 4542 ad
1987 4500 2099 4544 eorum
2129 4501 2204 4544 con·

554 4585 688 4648 sortium
712 4604 747 4646 se
771 4583 933 4669 pertinere
957 4581 1105 4647 dubitare
1130 4607 1194 4648 non
1217 4587 1346 4671 poterit.
1391 4583 1426 4650 Si
1450 4595 1557 4649 autem
1582 4607 1676 4650 secus
1699 4585 1823 4666 fecerit,
1848 4608 1960 4650 eorum
1983 4585 2146 4650 consortio
2170 4607 2205 4648 se

552 4689 721 4777 indignum
753 4688 822 4753 fore
853 4690 1070 4775 pertimescat.
1118 4690 1372 4755 Miserabiliores
1402 4690 1498 4778 plane
1530 4693 1656 4757 cunctis
1679 4691 1869 4758 mortalibus
1892 4691 2039 4756 nonnulli
2062 4691 2207 4756 existunt

553 4797 738 4883 pontifices,
771 4798 826 4883 qui
857 4798 890 4859 in
919 4795 1113 4861 brevissimo
1145 4797 1240 4862 huius
1264 4797 1468 4863 mortalitatis
1492 4798 1679 4881 intervallo,
1711 4821 1789 4865 suae
1813 4800 1929 4863 misere
1949 4797 2135 4884 fragilitatis
2158 4798 2205 4862 in-

553 4925 722 4986 memores,
755 4901 965 4967 sacerdotalis
989 4903 1120 4968 honoris
1151 4903 1292 4969 culmine
1316 4903 1401 4968 ultra
1430 4916 1554 4969 maetas
1584 4904 1750 4988 subvecti,
1781 4928 1891 4971 amore
1923 4904 2035 4969 mundi
2065 4904 2205 4991 decepti,
2224 4927 2253 4966 ιο

553 5008 730 5096 cupiditate
754 5020 955 5075 terrenarum
977 5032 1086 5075 rerum
1110 5010 1231 5092 inlecti,
1262 5034 1320 5098 pro
1345 5010 1478 5076 caducis
1503 5023 1535 5076 et
1557 5013 1621 5077 cito
1645 5009 1962 5098 praeterlabentibus
1985 5010 2093 5092 rebus,
2124 5032 2206 5097 quas

660 5282 748 5331 xv11.
778 5283 944 5332 ttranserre
964 5284 995 5335 P.
1069 5277 1230 5349 sprimate]
1249 5283 1286 5334 ita
1305 5283 1333 5333 I'.
1353 5282 1384 5333 P.
1458 5283 1630 5334 badhibitas
1652 5282 1678 5332 I’.
1756 5285 1919 5334 dammisuo
1939 5282 1967 5334 V.
2041 5285 2073 5333 14
2092 5282 2206 5332 dubium

552 5369 618 5420 deest
637 5370 663 5419 I'.
739 5372 770 5422 16
792 5370 951 5436 symmacus
971 5372 999 5420 1'.
1058 5374 1204 5437 perpennis
1225 5373 1252 5422 V.
1327 5373 1359 5423 18
1379 5373 1589 5437 quanticumque
1610 5371 1636 5422 Γ.
1657 5372 1688 5423 Ρ.
1761 5373 1796 5423 20
1814 5371 1923 5438 publica
1944 5372 1971 5420 Γ.
2044 5373 2076 5422 21
2097 5365 2206 5436 aliquis]

554 5458 684 5509 elicorum
705 5459 732 5518 Γ,
752 5459 903 5525 aliquorum
924 5457 954 5510 P.
1027 5455 1148 5524 tuentur]
1167 5468 1293 5512 teneatur
1313 5462 1339 5516 V.

661 5548 768 5597 XVIH.
796 5550 829 5599 28
850 5543 999 5612 Pometios]
1020 5549 1138 5616 Prosper
1157 5549 1187 5600 P.
1261 5553 1295 5602 39
1314 5550 1465 5616 asgititstis
1485 5550 1513 5600 V.
1532 5549 1563 5600 P.
1636 5552 1671 5600 40
1690 5544 1802 5612 maetas]
1823 5549 1946 5616 iutelliye:
1964 5555 2048 5600 metus.
2225 5563 2253 5605 ss

664 5781 692 5848 l)
720 5781 769 5839 Er
793 5781 955 5856 Symmachi
977 5783 1092 5840 cenatio
1115 5782 1246 5840 Rornauo
1270 5786 1332 5842 502
1356 5803 1378 5839 c.
1396 5787 1432 5846 4,·
1462 5782 1562 5841 Μαιιοὶ
1582 5782 1663 5852 VIII,
1679 5786 1751 5842 267.
1865 5783 1896 5854 2)
1922 5781 1971 5856 Cf.
1995 5781 2125 5841 [ultanus
2150 5783 2207 5841 Po·

555 5889 666 5956 merius,
693 5888 738 5944 Dc
760 5889 817 5944 vita
842 5890 1056 5964 contemplative
1081 5888 1117 5945 II
1135 5909 1158 5945 c.
1177 5893 1212 5955 9,·
1238 5887 1311 5964 opp.
1336 5889 1476 5964 Proepcrt'
1497 5909 1565 5965 app.
1584 5893 1633 5949 32.
