4884 6717
2024 1581 2429 1649 z-zsswsffl‘vffi

1844 1705 2004 1775 mss
2036 1705 2120 1773 le
2188 1697 2629 1773 lxx'l‘l-tmffi

2151 1829 2329 1893 μὴτ

2052 1937 2269 1997 ΛΜΗ
2289 1934 2433 1993 της

810 3352 927 3445 In
973 3367 1468 3467 praefatione,
1525 3394 1713 3467 quae
1766 3395 1964 3442 anno
2007 3370 2235 3442 1906.
2272 3370 2483 3465 parti
2516 3369 2817 3465 primae
2870 3370 3041 3443 tomi
3081 3369 3189 3443 II.
3250 3365 3738 3444 Conciliorum
3790 3369 3905 3443 vel

596 3510 767 3582 tomi
803 3508 865 3580 I.
921 3504 1410 3582 Conciliorum
1463 3506 1626 3578 aevi
1661 3505 2015 3579 Karolini
2043 3504 2451 3603 praemissa
2506 3518 2619 3597 est,
2672 3530 2866 3603 spem
2907 3504 3238 3605 professi
3273 3533 3559 3580 eramus
3595 3506 3900 3580 alteram

588 3658 873 3743 partem
909 3643 1110 3716 brevi
1142 3644 1380 3740 spatio
1435 3644 1805 3716 interiecto
1853 3642 2141 3741 prelum
2192 3642 2610 3715 relicturam
2668 3669 2828 3716 esse.
2918 3640 3157 3734 Quam
3193 3669 3391 3717 nunc
3410 3644 3901 3741 proponimus

596 3782 1070 3855 continentem
1108 3779 1579 3853 conciliorum
1619 3793 1788 3852 acta
1817 3781 2143 3879 qenuina
2194 3778 2368 3851 inde
2404 3778 2497 3851 ab
2535 3805 2735 3852 anno
2774 3781 2950 3853 819.
2984 3805 3209 3878 usque
3245 3780 3351 3852 ad
3381 3806 3658 3853 annum
3696 3782 3899 3871 842„

594 3919 872 4015 spuria,
928 3943 1116 4015 quae
1169 3918 1386 3989 annis
1421 3918 1585 3989 710.
1628 3940 1851 4013 usque
1903 3915 2008 3988 ad
2058 3942 2334 3988 annum
2374 3918 2552 3988 839.
2594 3916 3109 4006 attribuuntur,
3162 3916 3551 3990 nonnullos
3602 3915 3899 4007 indices,

597 4055 870 4128 omissis
922 4067 1159 4127 tamen
1199 4052 1561 4150 sontibus,
1635 4054 1892 4150 quibus
1961 4052 2050 4125 de
2117 4052 2262 4125 illis
2327 4052 2620 4150 synodis
2688 4054 2950 4152 a9itur,
3024 4080 3336 4150 quarum
3409 4052 3698 4126 decreta
3749 4079 3900 4125 non

599 4191 703 4264 ad
749 4203 1072 4264 nostram
1129 4203 1431 4263 aetatem
1482 4202 1990 4286 pervenerunt,
2064 4188 2408 4286 quoniam
2467 4190 2673 4261 talem
2730 4189 3051 4262 tabulam
3105 4188 3460 4288 conficere
3514 4190 3604 4262 ab
3659 4190 3896 4288 officio

595 4327 808 4400 liuius
859 4326 1193 4399 editionis
1247 4326 1565 4398 alienum
1618 4326 1848 4398 visum
1905 4337 2005 4398 est
2056 4322 2189 4423 (cf.
2248 4323 2510 4397 ‘Neues
2559 4324 2867 4397 Arclziv'
2920 4324 3200 4415 XXIV,
3258 4328 3484 4416 1899,
3540 4353 3628 4422 p.
3667 4328 3901 4427 459).-

597 4467 842 4561 itaque
909 4489 1108 4536 nunc
1171 4475 1472 4560 praesto
1542 4474 1711 4535 sunt
1783 4463 1862 4534 in
1941 4461 2074 4534 lzoc
2142 4461 2505 4534 volumine
2570 4476 2769 4561 qesta
2841 4462 3228 4562 synodalia
3299 4463 3462 4535 aevi
3530 4462 3899 4553 Karolini,

599 4614 944 4698 quotquot
1013 4612 1180 4671 ante
1245 4600 1625 4696 imperium
1702 4625 1900 4672 anno
1965 4601 2143 4673 843.
2218 4598 2528 4671 divisum
2600 4600 3012 4695 conscripta
3082 4612 3476 4695 temporum
3547 4601 3896 4672 iniuriam

600 4750 998 4809 evaserunt.

801 4871 1006 4946 Sicut
1055 4874 1135 4945 in
1182 4874 1438 4970 priore
1485 4886 1700 4969 parte
1750 4873 1856 4944 ita
1907 4872 1988 4944 in
2041 4872 2275 4945 altera
2329 4896 2614 4969 quoque
2663 4898 2816 4944 non
2855 4873 3094 4968 pauci
3144 4874 3289 4944 viri
3341 4872 3536 4946 docti
3584 4899 3717 4945 nos
3770 4872 3901 4945 ad-

600 5012 955 5082 iuverunt.
1035 5009 1339 5082 Praeter
1374 5008 1965 5083 bibliothecarum
2013 5008 2448 5105 praefectos,
2506 5034 2811 5104 quorum
2866 5034 3040 5107 erya
3095 5034 3225 5080 nos
3261 5010 3577 5082 studium
3608 5009 3899 5106 pridem

599 5146 976 5220 laudatum
1047 5172 1199 5219 non
1276 5146 1488 5219 modo
1560 5172 1710 5218 non
1782 5145 2235 5235 diminutum,
2313 5145 2531 5216 immo
2605 5156 2895 5216 auctum
2968 5157 3081 5235 est,
3161 5144 3237 5217 Izi
3301 5146 3446 5217 viri
3512 5144 3902 5219 doctissimi

600 5284 853 5357 eximie
925 5282 1014 5356 de
1077 5282 1211 5356 lzoc
1277 5308 1491 5380 opere
1561 5283 1799 5355 meriti
1865 5295 2073 5354 sunt.-
2158 5279 2242 5356 Ο.
2323 5277 2731 5355 Cartellieri
2801 5280 3440 5381 Heidelberqensis‚
3513 5281 3600 5354 F.
3671 5283 3901 5374 Kern,

599 5422 703 5494 M.
760 5420 1173 5510 Krammer,
1246 5419 1349 5493 M.
1413 5419 1652 5519 Tanyl
1716 5419 2236 5510 Berolinenses,
2310 5416 2413 5490 W.
2467 5417 2780 5490 Levison
2852 5430 2918 5491 et
2965 5421 3051 5490 A.
3107 5417 3394 5492 Sebulte
3464 5420 3900 5510 Bonnense-3,

605 5556 692 5633 G.
733 5556 966 5630 Meier
1017 5556 1553 5648 Einsiedlensis,
1631 5555 1719 5632 G.
1762 5553 2164 5628 Milclzsack
2221 5552 2851 5653 Guelferbytanus,
2919 5557 3007 5627 A.
3065 5554 3141 5627 V.
3183 5555 3453 5629 Micller
3506 5555 3901 5646 Romanus,

599 5694 695 5767 H.
757 5692 1024 5770 Omont
1072 5693 1521 5784 Parisiensis,
1586 5691 1660 5767 J.
1718 5663 2074 5767 Sollwalm
2132 5691 2725 5792 Hamburqensis.
2841 5690 3169 5782 Quorum
3228 5695 3720 5791 unusquisque
3773 5707 3904 5766 aut

598 5845 894 5931 roqatus
964 5831 1243 5905 codices
1309 5831 1626 5928 inspexit
1691 5830 2077 5904 contulitve
2147 5844 2279 5903 aut
2344 5856 2533 5928 quae
2598 5856 2796 5902 nova
2865 5831 3020 5926 ipse
3085 5831 3468 5904 invenerat
3530 5831 3896 5904 nobiscum
