4884 6717
686 547 740 603 56.
784 546 1004 604 CONCILIUM
1026 542 1357 612 AQUISGRANENSE
1380 544 1418 600 Α.
1436 544 1511 600 836.

706 732 940 798 INCIPIUNT
965 731 1193 800 CAPITULA
1215 732 1339 797 LIBRI
1361 731 1500 797 PRIMI.

381 856 462 945 Cap.
486 857 513 921 Ι.
554 857 651 939 Quod
673 857 766 922 Deus
790 857 914 922 nullum
936 868 1108 944 peccatum
1132 857 1269 922 inultum
1293 857 1436 922 dimittit.

380 964 423 1029 11.
464 962 532 1029 Cur
565 964 658 1030 Deus
693 963 856 1051 quaedam
889 974 1029 1051 peecata
1063 966 1096 1028 in
1131 964 1192 1029 hoc
1223 962 1355 1029 saeculo
1385 963 1519 1046 iudicat,
1556 965 1716 1050 quaedam
1751 968 1785 1030 in
1819 966 1929 1034 futuro

273 1070 449 1137 iudicanda
471 1084 627 1135 reservat.

241 1204 255 1244 a
381 1177 441 1243 ΠΙ.
481 1176 604 1242 Contra
627 1200 693 1260 eos,
722 1179 778 1265 qui
802 1177 914 1243 dieunt
936 1178 1061 1242 nullum
1085 1177 1367 1259 essediscrimen,
1392 1179 1420 1241 si
1443 1175 1541 1241 rebus
1563 1177 1638 1242 Deo
1662 1176 1779 1243 oblatis
1803 1181 1838 1244 in
1861 1182 1929 1244 suis

272 1295 405 1350 utantur
428 1283 688 1349 necessitatibus.

379 1390 458 1455 IIII.
499 1390 596 1472 Quod
619 1392 729 1455 omnia
752 1402 909 1455 terrarum
934 1414 1036 1477 regna
1059 1401 1092 1455 et
1115 1392 1225 1455 omnia
1247 1389 1335 1455 bona
1357 1401 1463 1455 terrae
1487 1391 1622 1454 Domini
1653 1391 1718 1455 sint
1740 1401 1773 1455 et
1796 1415 1839 1457 ex
1862 1394 1929 1457 suis

272 1496 335 1562 sibi
359 1520 419 1562 sua
441 1497 625 1562 offerantur.
912 1481 922 1501 ⁴

379 1604 421 1669 V.
461 1604 611 1686 Qualiter
633 1604 744 1669 David
776 1626 836 1668 rex
866 1604 906 1669 de
938 1603 1144 1668 aedificanda
1175 1603 1272 1669 domo
1301 1604 1435 1668 Domini
1467 1603 1673 1670 Salomonem
1703 1603 1805 1670 lilium
1836 1628 1928 1678 suum

228 1737 255 1776 ro
272 1711 473 1776 instruxerit.

380 1818 438 1882 VI.
478 1817 530 1881 De
554 1818 709 1904 inpensis,
734 1840 816 1904 quas
839 1817 951 1884 David
975 1817 1017 1882 ad
1041 1817 1173 1882 domum
1196 1817 1330 1882 Domini
1356 1818 1606 1882 construendam
1628 1819 1846 1906 praeparavit.

379 1924 456 1989 VII.
494 1924 547 1988 De
571 1924 709 1988 diversis
734 1923 889 2005 donariis,
914 1947 995 2011 quas
1019 1924 1139 2011 templo
1162 1923 1299 1989 Domini
1323 1926 1538 1989 consecravit.

379 2031 473 2096 VIII.
513 2030 610 2112 Quod
634 2032 726 2095 iuxta
750 2029 853 2096 verba
869 2031 981 2095 David
997 2031 1162 2118 peregrini
1178 2030 1279 2095 simus
1296 2040 1328 2094 et
1344 2029 1492 2094 advenae
1514 2032 1548 2094 in
1571 2030 1632 2095 hac
1655 2032 1928 2118 peregrinatione.

379 2137 490 2202 VIIII.
530 2136 627 2218 Quod
650 2160 744 2202 nemo
769 2137 842 2202 Deo
866 2139 1042 2224 quicquam
1065 2137 1181 2201 offerre
1205 2136 1303 2218 valet,
1327 2137 1390 2200 nisi
1415 2137 1502 2223 quod
1526 2136 1567 2201 de
1588 2160 1687 2203 manu
1703 2139 1773 2202 eins
1790 2139 1926 2226 accepit.

379 2245 422 2309 X.
463 2243 560 2325 Quod
583 2266 678 2308 nemo
703 2243 743 2308 de
767 2246 885 2309 iniuste
911 2243 1082 2329 adquisitis
1106 2243 1179 2307 Deo
1203 2254 1332 2329 gratum
1356 2243 1436 2329 quid
1459 2244 1575 2308 offerre
1599 2243 1695 2308 valet.

380 2351 439 2415 XI.
481 2349 630 2431 Qualiter
653 2352 743 2437 origo
768 2362 801 2415 et
824 2350 939 2437 religio
963 2350 1037 2414 Deo
1061 2348 1299 2415 offerendarum
1324 2371 1431 2414 rerum
1456 2349 1667 2415 inchoaverit.

378 2457 457 2522 XII.
497 2457 647 2539 Qualiter
668 2458 805 2543 apostoli
825 2471 899 2544 post
922 2458 1192 2521 resurrectionem
1210 2455 1331 2520 Christi
1354 2467 1421 2520 tam
1446 2457 1478 2520 in
1499 2457 1634 2524 Oriente
1657 2480 1756 2544 quam
1779 2457 1813 2522 in
1833 2459 1928 2524 Occi·

272 2564 369 2628 dente
394 2564 550 2628 ccclesias
574 2564 794 2628 fundaverint.

335 2753 337 2756 ι
379 2670 474 2735 ΧΙΙΙ.
514 2670 611 2751 Quod
634 2681 814 2735 memorata
837 2673 928 2756 origo
952 2683 985 2734 et
1008 2670 1122 2755 religio
1146 2670 1285 2756 primum
1309 2670 1379 2733 sine
1400 2669 1494 2734 altari
1510 2668 1552 2734 ab
1568 2668 1654 2734 Abel
1670 2673 1815 2759 coeperit
1831 2672 1927 2737 iusto.

226 2805 254 2843 eo
379 2777 491 2841 XIIII.
539 2776 637 2858 Quod
669 2777 740 2841 Noe
776 2789 809 2841 et
844 2776 944 2841 altare
980 2776 1122 2841 Domino
1162 2775 1388 2840 aedificaverit
1425 2786 1458 2841 et
1492 2776 1682 2844 holocausta
1716 2800 1814 2864 super
1848 2777 1928 2843 illud

271 2882 434 2949 obtulerit.

379 2990 454 3054 XV.
495 2990 583 3072 Quid
607 2988 847 3054 benedictionis
870 2989 940 3054 Noe
965 3012 1023 3076 pro
1047 3012 1097 3069 eo,
1122 2988 1209 3075 quod
1234 2989 1336 3053 altare
1352 2989 1495 3054 Domino
1519 2988 1706 3056 aedificavit
1730 3002 1762 3055 et
1785 2990 1928 3079 desuper

272 3096 461 3163 holocausta
484 3096 645 3178 obtulerit,
670 3108 865 3161 consecutus
889 3097 940 3160 sit.

379 3204 471 3269 XVI.
512 3203 601 3284 Quid
624 3204 847 3290 promissionis
872 3202 993 3290 quidve
1016 3201 1255 3267 benedictionis
1278 3201 1446 3268 Abraham
1477 3227 1536 3290 pro
1568 3227 1618 3286 eo,
1649 3203 1737 3290 quod
1760 3204 1834 3269 Deo
1857 3227 1926 3270 cre-

227 3337 254 3377 so
272 3310 355 3375 didit
378 3312 474 3397 eique
497 3310 628 3374 diversa
652 3310 768 3374 altaria
791 3310 906 3390 erexit,
931 3332 951 3372 a
974 3309 1047 3373 Deo
1073 3310 1229 3396 consequi
1252 3311 1379 3375 meruit.

379 3417 489 3481 XVII.
530 3416 626 3497 Quod
650 3417 738 3480 facta
754 3414 908 3480 Abrahae
931 3438 997 3480 non
1020 3417 1188 3480 imitantur
1211 3416 1255 3497 hi,
1280 3417 1335 3502 qui
1359 3438 1409 3498 eo,
1434 3416 1519 3481 unde
1536 3417 1610 3482 Deo
1626 3418 1660 3481 in
1680 3415 1836 3483 altaribus
1860 3418 1927 3482 suis

240 3599 242 3608 y
271 3523 496 3590 famulandum
520 3538 578 3602 cst,
604 3523 763 3589 auferunt.
1394 3589 1398 3596 ,

360 3630 507 3697 XVIII.
547 3631 644 3711 Quod
659 3628 828 3695 Abraham
852 3629 1012 3717 propheta
1027 3629 1270 3694 Melchisedech
1293 3628 1457 3694 sacerdoti
1476 3629 1542 3693 Dei
1566 3629 1711 3698 decimas
1734 3629 1861 3696 dederit
1884 3652 1927 3696 ex

272 3736 432 3802 omnibus.

227 3869 253 3909 ao
379 3844 523 3908 XVIIII.
564 3843 660 3925 Quod
683 3843 765 3907 fides
789 3854 822 3907 et
845 3842 976 3908 devotio
999 3841 1153 3907 Abrahae
1178 3843 1266 3906 circa
1289 3841 1435 3906 divinum
1461 3843 1493 3906 in
1517 3852 1643 3908 tantum
1667 3845 1861 3925 excreverit,
1892 3854 1927 3908 ut

271 3950 313 4015 ad
337 3950 438 4014 filium
463 3973 555 4014 suum
580 3950 653 4015 Deo
678 3949 911 4015 immolandum
935 3960 1067 4035 paratus
1091 3948 1197 4012 suerit.

379 4057 457 4120 XX.
498 4056 593 4137 Quod
617 4058 795 4121 imitatores
819 4056 985 4135 Abrahae,
1017 4055 1051 4119 id
1075 4067 1125 4118 est
1147 4065 1308 4118 amatores
1332 4065 1366 4119 et
1390 4053 1588 4120 exaltatores
1612 4078 1652 4120 ac
1676 4054 1832 4120 ditatores
1855 4057 1925 4120 sive

271 4165 370 4229 etiam
394 4175 603 4228 veneratores
627 4162 730 4227 divini
754 4163 870 4242 cultus,
899 4185 919 4226 a
943 4162 1084 4226 Domino
1110 4171 1142 4225 ct
1165 4161 1198 4224 in
1222 4161 1385 4247 praesenti
1410 4160 1541 4226 saeculo
1566 4163 1650 4227 tueri
1674 4173 1707 4226 et
1730 4162 1869 4227 exaltari
1893 4174 1926 4227 et

272 4272 305 4334 in
328 4271 435 4334 futuro
459 4269 610 4334 mercede
635 4281 768 4334 aeterna
791 4282 977 4333 mereantur
1001 4268 1125 4332 donari.

226 4402 254 4441 as
379 4376 475 4442 XXI.
515 4376 664 4457 Qualiter
686 4377 779 4440 Isaac
804 4376 905 4440 altare
929 4376 1002 4440 Deo
1026 4374 1250 4439 aedificaverit
1272 4371 1583 4460 tabernaculumque
1608 4374 1801 4440 extenderit.

379 4483 492 4547 XXII.
533 4482 630 4563 Quod
653 4484 687 4545 in
711 4481 811 4546 Iacob
836 4481 941 4546 cultus
965 4492 1096 4546 sanctae
1121 4480 1287 4566 religionis
1311 4479 1450 4567 amplius
1474 4491 1701 4566 augmentatus
1725 4482 1775 4546 sit.

379 4589 509 4653 XXIII.
549 4588 647 4669 Quod
668 4588 769 4652 Iacob
793 4612 857 4652 non
882 4588 984 4653 solum
1009 4588 1123 4653 altaria
1154 4589 1297 4651 erexerit
1327 4587 1500 4674 oleumque
1525 4587 1666 4675 desuper
1695 4587 1826 4670 fuderit,
1858 4590 1925 4653 vic·

271 4697 367 4761 timae
390 4695 553 4770 obtulerit,
585 4694 642 4759 sed
666 4695 762 4759 etde
787 4694 947 4777 omnibus,
978 4717 1061 4780 quae
1086 4694 1178 4758 Deus
1209 4693 1256 4757 illi
1280 4693 1434 4777 dedisset,
1466 4693 1610 4758 decimas
1634 4707 1667 4759 et
1689 4693 1811 4759 bosnae
1836 4696 1866 4759 ei
1890 4717 1924 4760 se

272 4803 423 4870 daturum
446 4803 641 4889 promiserit.

225 4941 253 4980 ω
377 4910 525 4974 XXIIII.
566 4908 662 4989 Quod
685 4908 799 4995 religio
824 4909 1011 4973 Christiana
1034 4907 1075 4972 ad
1099 4909 1202 4971 instar
1226 4905 1326 4971 Iacob
1351 4906 1464 4972 domos
1487 4909 1522 4971 in
1544 4907 1667 4972 honore
1685 4907 1748 4972 Dei
1773 4907 1925 4973 aedificat

271 5038 311 5080 ac
335 5016 467 5081 dedicat
489 5026 522 5080 et
545 5015 660 5080 altaria
684 5016 780 5099 erigit
796 5016 908 5102 eisque
925 5015 1032 5079 oleum
1048 5013 1253 5100 superfundit
1268 5036 1307 5076 ac
1324 5025 1532 5078 sacrosancto
1549 5014 1723 5079 chrismate
1739 5016 1923 5100 perunguit.

378 5122 489 5187 XXV.
529 5122 626 5203 Quod
649 5132 722 5208 post
745 5123 985 5186 internitionem
1008 5120 1167 5185 Amalech
1191 5119 1322 5205 Moyses
1346 5120 1447 5185 altare
1472 5120 1614 5186 Domino
1638 5120 1871 5185 aedificaverit.

378 5229 506 5294 XXVI.
546 5227 643 5310 Quod
667 5238 741 5314 post
764 5227 878 5292 altaria
901 5251 921 5292 a
944 5228 1057 5312 Moyse
1082 5228 1225 5291 Domino
1250 5225 1422 5291 aedificata
1445 5239 1478 5292 et
1501 5239 1620 5309 cetera,
1650 5248 1734 5313 quae
1759 5228 1789 5292 ei
1813 5249 1833 5290 a
1855 5226 1924 5291 Do·

270 5336 358 5401 mino
381 5337 528 5400 iniuncta
551 5345 635 5416 sunt,
660 5346 793 5420 peracta
816 5333 930 5419 religio
955 5332 1056 5397 divini
1080 5332 1184 5396 cultus
1209 5333 1405 5397 excreverit.

223 5579 252 5619 45
376 5553 458 5604 Iudex
474 5553 642 5618 capitulorum
661 5553 751 5617 aqimr
768 5552 795 5602 in
814 5552 885 5602 codd.
907 5553 933 5602 0.
953 5551 978 5601 B
988 5556 1012 5602 1.
1032 5551 1064 5603 L.
1082 5577 1116 5584 -
1135 5553 1151 5602 2
1171 5552 1291 5604 dimittat
1309 5552 1335 5602 B
1346 5558 1370 5603 1.
1390 5552 1420 5602 L.
1480 5555 1496 5602 8
1515 5553 1566 5602 sibi
1582 5576 1613 5585 -
1628 5546 1785 5615 offerantur]
1804 5567 1853 5602 ena
1871 5553 1924 5603 sibi

270 5644 420 5694 offerrrntnr
438 5642 469 5693 L.
539 5645 571 5691 12
589 5635 667 5707 quas]
687 5643 714 5690 in
732 5641 793 5691 odd.
813 5641 873 5691 BI.
949 5644 981 5690 14
1001 5641 1060 5690 Deo
1078 5641 1145 5691 deest
1164 5641 1189 5691 B
1200 5647 1222 5693 1.
1298 5643 1331 5691 15
1349 5636 1433 5703 valet]
1453 5643 1539 5706 possit
1558 5640 1583 5690 B
1594 5647 1618 5691 1.
1638 5640 1669 5691 L.
1740 5643 1774 5691 22
1794 5635 1923 5704 Domino]

270 5734 331 5783 Deo
349 5732 381 5783 L.
463 5734 497 5783 24
517 5725 586 5794 Deo]
605 5732 723 5780 Domino
744 5729 775 5780 L.
857 5733 890 5782 27
911 5725 960 5793 est]
980 5747 1078 5796 pravos
1096 5730 1158 5780 add.
1178 5730 1208 5781 L.
1289 5733 1323 5780 28
1343 5730 1499 5780 ilabraham
1519 5729 1705 5780 Melchisedec
1725 5729 1757 5779 L.
1835 5732 1866 5780 31
1889 5730 1923 5780 ad

268 5822 335 5872 deest
355 5821 381 5872 θ.
403 5821 460 5871 131.
479 5821 511 5871 L.
584 5821 617 5870 32
638 5820 784 5870 Habrabac
804 5819 835 5869 L.
914 5819 1142 5878 salsensem,
1169 5818 1318 5869 IsaschL.
1397 5821 1431 5868 36
1451 5821 1479 5868 iu
1496 5819 1563 5869 deest
1581 5818 1613 5868 L.
1687 5820 1722 5870 40
1740 5819 1871 5870 honorem
1893 5817 1923 5868 L.

270 5913 301 5960 41
324 5927 356 5961 ac
376 5911 485 5961 dedicat
503 5909 594 5959 desunt
611 5908 643 5958 L.
717 5909 869 5974 superfudit
887 5908 919 5958 L.
992 5910 1026 5958 42
1046 5910 1228 5959 internecion·
1248 5907 1419 5973 laicetiusra
1438 5907 1498 5957 Br.
1518 5907 1549 5957 L.
1622 5907 1735 5959 Amalec
1753 5907 1786 5958 L.
1951 5887 1955 5896 ⁵
