4884 6717
685 523 738 580 61.
774 521 994 581 CONCILIUII
1016 523 1338 582 INCELHEIMENSE
1361 526 1399 581 A.
1420 522 1494 580 840.
1852 518 1917 582 805

262 710 542 793 consacerdotum,
578 733 654 777 enm
687 710 786 798 pallio
821 722 954 777 sanctae
989 722 1022 777 et
1056 710 1255 798 apostolicae
1290 712 1502 794 auctoritatis,
1538 710 1658 777 divinis
1694 711 1811 778 officiis
1845 714 1917 800 ipso

262 818 439 884 adiuvante
463 839 666 900 revocamus,
690 819 747 905 qui
763 817 908 883 fraterna
923 841 982 905 pro
998 817 1176 884 concordia
1191 817 1290 882 simili
1313 817 1535 883 satisfactione
1559 821 1699 885 certanti
1721 821 1917 907 veniamque

262 924 453 1012 suppliciter
476 925 600 1011 petenti
622 934 816 1011 potestatem
840 925 1048 990 sacrificandi
1071 924 1162 990 dedit
1186 924 1316 989 dicens:
1348 925 1393 990 Et
1421 940 1492 991 tanc
1520 930 1648 992 venimus
1670 929 1783 1014 offeres
1805 953 1918 993 munus
1936 969 2085 1020 mm

263 1047 357 1097 tuum.
407 1037 563 1113 Otgarius¹
593 1040 832 1113 archiepiscopus.
878 1037 1072 1097 Amalwinus²
1101 1040 1339 1113 archiepiscopus.
1386 1036 1478 1097 Heti³
1510 1042 1748 1115 archiepiscopus.
1794 1040 1918 1100 Auden⁴

230 1148 500 1219 carebiepiscopus.
551 1142 753 1204 Ciselbertus⁶
783 1148 942 1220 episcopus.
995 1143 1166 1203 Haiminus⁶
1196 1148 1356 1220 episcopus.
1409 1143 1595 1204 Frotharius⁷
1625 1151 1785 1225 episcopus.
1831 1156 1919 1215 Ado⁸

264 1255 423 1326 episcopus.
470 1250 626 1310 Samuhel⁹
656 1256 816 1326 episcopus.
863 1255 1002 1310 Rataldus
1013 1249 1040 1288 ¹⁰
1068 1256 1221 1328 presbyter
1243 1262 1360 1311 vocatus
1386 1256 1546 1328 episcopus.
1592 1257 1695 1330 Ioseph
1707 1255 1733 1294 ¹¹
1757 1264 1917 1338 episcopus.

262 1355 451 1416 Adalulfus¹²
486 1362 646 1433 episcopus.
699 1362 793 1417 David
804 1357 831 1395 ¹⁸
852 1362 1022 1434 episcopus.
1075 1356 1276 1435 Hrodingus¹⁴
1306 1363 1465 1434 episcopus.
1520 1362 1723 1421 Badaradus¹⁶
1758 1372 1917 1445 episcopus.

262 1463 401 1540 Agano¹⁶
424 1469 584 1539 episcopus.
631 1462 817 1523 Hartarius¹⁷
840 1469 1001 1540 episcopus.
1048 1464 1274 1524 Hrarnbertus¹8
1297 1470 1457 1541 episcopus.
1497 1471 1656 1528 Amalricm
1667 1469 1693 1508 ¹⁹
1716 1488 1832 1534 vocatus
1856 1484 1917 1554 epi·

262 1591 364 1646 scopus
387 1592 450 1629 cum
473 1575 577 1630 ceteris
599 1574 726 1646 plurimis
750 1575 924 1647 presbyteris
946 1592 981 1629 ac
1004 1574 1169 1630 diaconibus
1191 1575 1308 1646 publice
1337 1577 1546 1634 adsistentibus.
1592 1581 1698 1637 Actum
1721 1585 1750 1639 in
1772 1586 1917 1659 Engelen-

221 1695 245 1733 ro
262 1681 338 1737 heim
360 1681 469 1752 palatio
491 1682 605 1752 publico
624 1682 653 1735 in
671 1699 768 1736 mense
785 1680 876 1748 Iunio,
892 1658 971 1736 VIII.
989 1681 1135 1737 Kalendas
1149 1681 1215 1749 lul.,
1239 1693 1380 1755 regnante
1404 1686 1506 1741 domno
1521 1687 1669 1744 Hlothan'o
1686 1689 1821 1762 Caesare,
1845 1714 1918 1752 anno

263 1788 432 1843 reversionis
455 1789 516 1843 eius
538 1789 637 1860 primo,
662 1806 809 1845 successor
831 1788 924 1843 factus
946 1789 1036 1860 patris
1059 1789 1088 1843 in
1111 1789 1241 1856 Francia,
1266 1791 1419 1847 indictione
1443 1793 1495 1848 III.

369 1890 480 1949 Dum²⁰
502 1913 557 1949 non
582 1903 626 1949 est
650 1896 834 1967 incognitum,
858 1897 910 1950 sed
934 1914 952 1951 a
973 1895 1100 1967 pluribus
1123 1897 1238 1952 videtur
1261 1916 1325 1954 esse
1349 1908 1533 1971 compertum,
1558 1903 1681 1974 qualiter
1704 1907 1826 1963 ecclesia
1848 1909 1918 1966 haec

263 2003 382 2057 maxima
405 2001 561 2057 Galliarum
584 2004 636 2057 sub
659 2020 748 2074 regno
772 2004 943 2058 Francorum
966 2003 1068 2057 nostris
1091 2004 1354 2074 perturbationibus
1378 2013 1408 2062 et
1431 2008 1577 2063 discordiis
1600 2011 1757 2083 principum
1779 2014 1822 2070 his
1845 2022 1917 2072 tem·

262 2109 377 2180 poribus
401 2109 535 2180 agitatur,
559 2109 635 2163 unde
660 2116 690 2163 et
714 2110 826 2181 plurimi
851 2110 1046 2181 episcoporum
1069 2118 1119 2164 aut
1142 2110 1169 2164 vi
1193 2118 1244 2166 ant
1267 2111 1365 2168 timore
1389 2114 1509 2186 propriis
1531 2117 1647 2171 sedibus
1670 2127 1720 2174 arrt
1744 2122 1853 2192 expulsi
1868 2132 1918 2178 aut

219 2231 243 2270 ru
263 2215 409 2271 derelictis
431 2215 486 2270 huc
510 2215 577 2270 illuc
599 2221 747 2287 vagantur.
793 2216 872 2270 Inter
895 2235 964 2288 quos
989 2216 1075 2271 etiam
1098 2218 1172 2285 Ebc,
1196 2219 1424 2292 archiepiscopus
1456 2222 1594 2278 ecclesiae
1618 2225 1777 2296 Remensis,
1808 2247 1826 2284 a
1848 2231 1918 2285 sede

261 2324 376 2394 propria
398 2323 534 2394 abreptus
558 2329 588 2378 et
612 2323 648 2377 ad
671 2323 864 2393 praesentiam
887 2323 1044 2394 principum
1068 2325 1225 2394 perductos
1249 2334 1294 2381 est
1318 2335 1347 2381 et
1368 2345 1422 2398 per
1444 2328 1552 2401 aliquot
1576 2337 1687 2403 tempus
1711 2334 1739 2388 in
1764 2336 1847 2390 exilio
1866 2338 1917 2392 de-

262 2436 371 2496 tentus,
397 2429 464 2484 inde
488 2430 633 2497 reductus,
657 2436 858 2500 praesentatus
882 2447 975 2485 coram
999 2430 1139 2502 episcopis
1164 2439 1204 2498 et,
1236 2439 1268 2487 ut
1297 2434 1454 2505 periculum
1484 2455 1553 2492 suae
1577 2439 1709 2494 instantis
1732 2442 1918 2498 damnationis

263 2536 400 2592 evaderet
424 2544 453 2591 et
476 2536 674 2591 commotiones
697 2537 855 2608 principum
878 2537 1022 2608 mitigaret
1039 2543 1068 2591 et
1083 2555 1126 2604 se,
1150 2539 1317 2594 redimendo
1332 2548 1455 2612 tempus,
1472 2544 1580 2599 meliori
1603 2548 1723 2617 tempori
1745 2560 1917 2620 reservaret,

262 2661 325 2697 cum
348 2643 463 2697 consilio
480 2651 639 2698 ceterorum
654 2644 822 2700 sacerdotali
846 2644 978 2698 discessit
1001 2643 1168 2711 ministerio,
1193 2646 1269 2716 qula,
1293 2652 1324 2701 ut
1346 2648 1400 2703 rite
1420 2648 1577 2719 fatebatur,
1602 2659 1753 2725 utrumque
1770 2655 1846 2712 ferre
1863 2676 1917 2713 non

217 2764 244 2804 so
261 2757 371 2820 posset,
403 2755 432 2804 et
460 2750 514 2804 rite
539 2750 722 2804 ministerium
745 2769 826 2805 suum
855 2769 995 2822 peragere
1027 2759 1056 2805 ct
1085 2753 1174 2806 minas
1204 2753 1416 2826 discordiasque
1447 2756 1604 2828 principum
1630 2760 1770 2830 perferre,
1802 2764 1918 2820 iubente

262 2856 399 2910 Dominot
432 2853 465 2911 Si
493 2855 582 2927 offers
608 2875 708 2913 munus
731 2864 805 2913 trram
829 2858 871 2914 ad
891 2859 986 2914 aluere
1015 2865 1041 2913 et
1069 2858 1236 2916 reeordatus
1259 2859 1368 2931 sceris,
1399 2862 1467 2937 quia
1490 2864 1595 2935 frater
1623 2874 1685 2924 heus
1708 2867 1791 2925 habet
1811 2870 1923 2946 aliquid
1937 2863 2047 2959 'gfff’

262 2962 411 3018 adversum
435 2969 470 3031 te,
493 2962 620 3037 relinque
638 2982 739 3019 munem
755 2971 828 3019 tuum
854 2972 883 3021 et
907 2971 1015 3021 cetera.
1058 2965 1140 3020 Nunc
1164 2973 1271 3034 autern,
1296 2969 1363 3038 quia
1378 2969 1458 3024 Deus
1483 2972 1630 3027 ecclesiam
1657 2993 1736 3030 suam
1759 2977 1796 3031 ad
1818 2995 1919 3048 pacem

262 3068 370 3124 referre
394 3068 518 3137 videtur,
548 3069 613 3124 ideo
637 3071 744 3141 placuit
767 3071 942 3142 principibus
966 3079 996 3127 et
1019 3072 1160 3143 magistris
1183 3074 1286 3128 nostris
1317 3076 1468 3147 episcopis,
1498 3085 1529 3133 ut
1559 3080 1633 3134 idern
1664 3088 1760 3152 pastor
1782 3084 1819 3138 ad
1846 3085 1918 3142 ovile

261 3176 404 3247 proprium
428 3183 590 3230 revertatur
613 3184 643 3231 et
666 3194 745 3244 oves,
770 3196 839 3249 quas
862 3178 965 3232 invitus
989 3179 1151 3250 dereliquit,
1176 3181 1298 3236 tuendas
1321 3183 1450 3254 recipiat.

217 3297 243 3337 ro
371 3274 478 3345 Quod*
502 3301 556 3355 ego
572 3284 768 3339 Theudoricus
778 3281 804 3319 ²¹
829 3286 989 3356 episcopus,
1013 3286 1085 3340 sicut
1101 3287 1178 3357 prius
1194 3289 1231 3343 de
1247 3288 1322 3342 illius
1337 3290 1465 3346 discessu
1488 3293 1628 3362 condolui,
1652 3296 1692 3350 ita
1706 3298 1789 3353 modo
1805 3299 1841 3354 de
1859 3300 1919 3354 eius

262 3390 424 3445 reversione
449 3390 638 3462 congratulor,
664 3392 731 3462 quia
753 3410 841 3463 saepe
864 3393 935 3447 talia
957 3393 993 3449 de
1019 3393 1081 3447 aliis
1104 3394 1134 3448 in
1156 3394 1246 3466 gestis
1270 3395 1470 3452 ecelesiasticis
1493 3398 1623 3471 legimus,
1649 3408 1680 3457 et
1702 3403 1768 3459 ideo
1790 3403 1833 3458 his
1851 3423 1917 3460 con·

369 3593 395 3678 *)
424 3597 622 3664 Subscriptiones
645 3600 786 3651 doeunrertts‘
810 3601 839 3651 in
861 3601 1007 3667 apolopeticr’
1032 3601 1128 3652 Edonis
1147 3602 1237 3668 fornas
1261 3605 1349 3669 [aiore
1373 3605 1461 3656 inserti
1490 3606 1527 3658 ita
1551 3625 1576 3659 re
1597 3607 1688 3660 tabem
1710 3615 1802 3677 (supra
1822 3631 1853 3679 p·
1869 3618 1919 3666 798

424 3696 440 3744 l.
462 3699 605 3754 rr—wz
636 3693 746 3757 Quibus
775 3693 975 3749 ecclesiasticis
1004 3696 1109 3751 debitis
1138 3698 1261 3768 negotiis
1292 3716 1345 3770 ego
1375 3698 1589 3756 Tendericus²¹
1613 3701 1826 3762 Cameracensis
1856 3709 1917 3779 epi·

423 3821 525 3875 scopus
548 3804 699 3858 adsensum
723 3800 858 3856 canonice
882 3803 1017 3873 prebens,
1041 3802 1114 3857 sieut
1137 3804 1213 3874 prius
1238 3805 1274 3858 de
1297 3804 1372 3860 illius
1396 3806 1523 3862 discessu
1546 3811 1744 3881 compatiendo
1767 3814 1854 3883 dolui,
1878 3817 1920 3872 ita

426 3919 455 3967 et
489 3911 571 3965 modo
605 3909 692 3979 ipsius
727 3909 763 3963 de
798 3909 959 3964 reversione
995 3909 1177 3980 congaudens
1211 3912 1427 3967 constitutiones
1462 3913 1512 3968 has
1546 3916 1686 3971 seniorum
1720 3920 1766 3975 vel
1801 3921 1919 3978 fratrum

425 4016 581 4072 roborando
611 4015 778 4086 subscripsI,
811 4016 877 4086 quia
907 4015 976 4071 talia
1006 4033 1075 4086 sepe
1106 4017 1259 4088 contigisse
1291 4025 1321 4074 et
1350 4019 1378 4072 in
1408 4021 1470 4074 aliis
1499 4021 1588 4092 gestis
1619 4025 1819 4082 ecclesiasticis
1848 4029 1916 4102 legi

426 4118 626 4178 Hrothadus²²
648 4120 832 4177 suessonicus
857 4122 1006 4193 episcopos
1036 4121 1106 4178 haec
1136 4124 1177 4178 ita
1199 4123 1329 4180 similiter
1357 4126 1497 4182 roboravi,
1544 4133 1626 4184 tbdea
1645 4134 1669 4185 0
1690 4138 1789 4202 peryle:
1815 4135 1916 4192 Hilde-

425 4248 542 4285 mannus
552 4225 579 4264 ²³
590 4229 774 4285 Belvacensis
792 4229 931 4284 similiter.
955 4230 1053 4299 Lupus
1062 4225 1089 4262 ²⁴
1101 4227 1318 4285 Catalaunensis
1329 4232 1468 4289 similiter.
1492 4234 1668 4308 Ragenarius
1679 4234 1706 4273 ²⁵
1720 4241 1919 4299 Ambianensis

425 4337 563 4393 similiter.
598 4331 783 4409 Erpwinus²⁶
805 4333 1027 4392 silvanectensis
1049 4336 1188 4391 similiter.
1224 4334 1413 4393 Folcoinus²⁷
1427 4341 1606 4398 Taravensis
1621 4346 1759 4403 similiter.
1796 4348 1882 4404 Immo
1892 4345 1918 4384 ²⁸

220 4555 246 4595 to
372 4548 388 4597 2
414 4546 536 4596 certandi
557 4545 586 4596 S,
677 4547 693 4595 3
718 4545 830 4610 petendi
850 4543 879 4595 S.
970 4545 986 4594 8
1013 4545 1158 4596 Harterius
1184 4542 1338 4613 episcopus]
1364 4549 1492 4602 Samuhel
1518 4553 1664 4620 episcopus
1683 4556 1783 4607 iterum
1807 4557 1868 4608 odd.
1889 4557 1918 4610 S.

265 4637 281 4684 9
300 4633 490 4701 Eugilenheim
510 4634 602 4685 Hau.
666 4628 801 4698 10v111.]
821 4634 869 4683 lx,
890 4633 927 4694 ¹55
944 4632 979 4698 cf.
1000 4634 1108 4696 (ἔνευεν,
1129 4635 1194 4701 Opp.
1214 4635 1248 4696 X,
1262 4641 1322 4698 694,
1342 4638 1385 4688 ubi
1401 4639 1468 4690 idem
1485 4657 1605 4692 numm
1623 4643 1721 4710 lepitnr.
1776 4643 1918 4712 regnante]

265 4731 293 4775 ct
310 4725 462 4790 imperante
480 4723 541 4774 add.
560 4723 653 4774 Ham.
728 4725 759 4773 12
778 4716 861 4786 Dum]
882 4721 904 4772 S
918 4723 1074 4788 promittit:
1093 4725 1291 4791 Episcopornrn
1310 4727 1456 4793 gratulatio
1475 4730 1510 4780 de
1530 4731 1634 4782 eadem.

375 4915 405 5002 1)
430 4922 623 5000 Mogentiana.
705 4914 736 5001 2)
759 4922 953 4980 Vesontiensis.
1033 4914 1064 4999 3)
1095 4923 1283 4982 Treverensia.
1361 4919 1391 5002 4)
1422 4927 1661 4987 Taranturiensia.
1739 4923 1770 5010 b)
1794 4932 1919 5010 Ignotum

266 5023 297 5106 6)
323 5028 514 5088 Cenedensis!
603 5021 633 5107 7)
664 5028 810 5087 Ibllensis.
906 5021 938 5108 8)
961 5029 1134 5088 Valentinus.
1219 5021 1251 5109 9)
1275 5032 1496 5093 ll'ormutiensia.
1590 5028 1642 5113 10)
1666 5037 1919 5116 Shassdurpensis.

220 5155 248 5195 so
269 5127 321 5212 11)
346 5135 558 5211 Epmedimurs
629 5126 680 5213 12)
706 5133 1002 5212 Gratianopolitanas.
1075 5127 1126 5214 13)
1151 5137 1377 5198 morinensis.
1456 5133 1508 5220 14)
1532 5142 1658 5220 Ignota.
1734 5135 1785 5224 15)
1808 5145 1921 5204 Puder-

266 5242 420 5300 bornenair.
536 5233 587 5320 16)
617 5242 826 5320 Bergomerrais.
943 5236 994 5319 11)
1027 5243 1200 5301 Leodierrsis.
1318 5239 1369 5324 18)
1400 5246 1571 5308 Bnbrieneir.
1687 5243 1739 5329 19)
1768 5249 1919 5310 Conrmsia.

268 5341 321 5426 20)
345 5349 513 5407 Documenta*
540 5349 620 5407 huius
650 5349 687 5406 ab
717 5349 778 5426 ipso
802 5348 901 5408 Elone
923 5350 1040 5426 conflati
1062 5345 1099 5424 (v.
1123 5351 1489 5433 raprap.798ann.1)
1519 5357 1613 5414 ahma
1641 5365 1668 5414 et
1694 5358 1779 5417 valde
1808 5357 1921 5417 (Ιέυενεα

267 5456 393 5513 recensio
415 5456 516 5532 lepino
531 5456 560 5514 in
576 5456 744 5533 apologetici
759 5457 865 5528 forma
882 5456 995 5532 priore,
1017 5477 1108 5533 supro
1126 5478 1159 5534 p.
1176 5461 1248 5519 798.
1291 5460 1409 5517 Variam
1424 5462 1566 5520 lectionem
1582 5463 1690 5520 addere
1704 5464 1920 5540 supersedimus,

267 5561 383 5620 nomina
405 5571 497 5620 ornem
521 5561 712 5637 episcoporum
737 5583 773 5620 ex
795 5563 846 5619 illa
869 5564 887 5619 l.
902 5567 947 5623 28
956 5583 1017 5639 sqq.
1040 5564 1219 5639 reperientur
1241 5566 1271 5623 in
1294 5575 1363 5624 notu
1385 5568 1534 5643 adspersa.
1619 5561 1673 5648 21)
1698 5569 1920 5630 Cameracensis.

222 5689 249 5728 so
269 5661 323 5746 22)
347 5668 562 5728 Suessioneners
639 5660 692 5748 23)
716 5668 933 5727 Bellovacmsir.
1009 5663 1061 5746 24)
1087 5668 1315 5730 Catalaunenris.
1392 5666 1445 5752 25)
1469 5674 1674 5734 Ambiunensr'r.
1751 5669 1804 5758 26)
1828 5677 1921 5737 Siloa·

267 5776 412 5834 nastensis.
504 5765 557 5852 27)
589 5775 795 5845 Terracinensem
825 5776 866 5847 cs.
888 5775 928 5832 Η.
950 5775 1082 5847 Schrdrs,
1107 5777 1264 5836 ‘Hinlmmr
1287 5779 1466 5853 Erebrschos
1482 5801 1537 5839 oon
1560 5782 1670 5841 Reims’
1688 5803 1723 5860 p.
1739 5787 1783 5845 27
1805 5804 1873 5843 ann.
1890 5789 1920 5846 2.

270 5876 323 5962 28)
346 5881 585 5940 Noviomacensis.
1968 5869 1971 5876 Δ
