4884 6717
516 512 581 576 682
973 520 1028 578 51.
1061 517 1281 576 CONCILIUM
1304 517 1555 574 LINGONENSE
1579 519 1617 574 Α.
1638 518 1712 574 830.

516 705 650 770 elesiarn
674 705 714 769 de
738 705 827 786 villa,
854 727 939 792 quae
964 704 1082 771 dicitur
1109 706 1214 770 sancti
1239 703 1384 792 Sequani
1394 710 1415 786 ¹,
1447 727 1521 769 cnm
1545 704 1742 791 appenditiis
1766 708 1833 770 suis
1865 717 1897 772 et
1927 706 2100 772 ecclesiam
2132 707 2172 772 de

515 811 595 876 villa
618 812 809 878 Morniaco²
833 835 907 876 cum
931 810 1081 877 omnibus
1105 811 1147 875 ad
1172 834 1243 876 eam
1268 810 1505 899 pertinentibus
1529 834 1657 876 necnon
1681 812 1779 876 ctiam
1803 814 1986 894 ecclesiam,
2015 836 2099 900 quae
2124 826 2174 879 est

515 921 551 983 in
577 919 668 983 Valle
692 919 847 984 Verona³
881 920 915 982 in
949 918 1071 983 honore
1107 920 1211 983 sancti
1240 918 1403 1001 Manilii,
1439 917 1612 982 ecclesiam
1648 917 1688 982 de
1723 918 1801 983 villa
1830 919 1950 984 Beria⁴
1982 922 2016 985 in
2051 920 2172 985 honore

517 1027 621 1091 sancti
656 1025 825 1090 Laurentii
861 1049 934 1090 curn
971 1023 1120 1089 omnibus
1155 1024 1353 1111 appenditiis
1388 1026 1472 1108 suis,
1508 1036 1658 1111 preterea
1693 1027 1726 1089 in
1760 1028 1922 1091 territorio
1955 1027 2173 1092 Divionensi⁵

517 1131 662 1196 decimas
687 1131 814 1196 illarum
839 1133 1019 1213 vinearum,
1045 1153 1126 1217 quas
1150 1129 1330 1196 donaverat
1352 1131 1428 1196 huic
1453 1130 1613 1196 ecclesiae
1637 1131 1775 1196 domnus
1797 1132 2017 1219 Amalgarius,
2048 1134 2116 1198 dux
2140 1147 2204 1199 ets

515 1237 671 1303 ftmdator
693 1237 789 1302 huius
814 1239 899 1303 sacri
923 1235 1062 1319 cenobii,
1087 1235 1175 1323 apud
1197 1236 1321 1319 villam,
1338 1259 1401 1324 que
1418 1237 1538 1302 dicitur
1553 1237 1725 1319 Fiscinisss,
1742 1240 1913 1303 vinearum
1928 1262 1994 1303 non
2010 1239 2171 1306 modicam

518 1346 732 1431 quantitatem
756 1367 830 1409 cum
853 1346 956 1431 pratis
981 1355 1013 1407 et
1036 1345 1161 1430 campis
1189 1356 1221 1409 et
1251 1345 1354 1408 servis
1384 1355 1417 1408 et
1450 1343 1577 1408 ancillis
1606 1343 1649 1408 ad
1680 1367 1720 1409 ea
1750 1344 1932 1409 excolenda
1966 1358 1998 1411 et
2031 1348 2079 1432 in,
2095 1347 2173 1411 villa

517 1451 691 1517 Fisciaco⁷
714 1453 828 1515 vineas
852 1450 1000 1515 similiter
1022 1460 1054 1515 et
1077 1451 1111 1514 in
1134 1450 1376 1515 Marcenoaco⁸
1399 1451 1548 1515 similiter
1572 1451 1606 1515 in
1631 1449 1846 1520 substantiam
1877 1452 2109 1518 monachorum
2140 1467 2173 1519 et

517 1558 703 1623 alimoniam
727 1580 909 1644 pauperum
933 1566 966 1621 et
988 1567 1024 1621 ut
1047 1555 1170 1621 ibidem
1193 1556 1374 1621 delectetur
1395 1580 1510 1622 servus
1533 1557 1600 1621 Dei
1621 1557 1765 1622 Domino
1789 1560 1911 1622 servire
1943 1571 1976 1623 et
2004 1583 2063 1646 pro
2094 1583 2172 1646 rege

519 1666 654 1752 eiusque
679 1666 817 1752 coniuge
841 1687 970 1729 necnon
993 1675 1026 1729 et
1048 1663 1159 1728 liberis
1184 1665 1286 1750 ipsius
1310 1674 1343 1729 et
1365 1665 1463 1729 totius
1479 1664 1609 1750 imperii
1625 1665 1695 1728 eius
1711 1662 1887 1729 stabilitate
1903 1666 2023 1751 iugiter
2037 1666 2172 1732 Domini
2192 1692 2218 1731 ιο

517 1772 774 1837 misericordiam
806 1771 988 1858 implorare.
1035 1770 1086 1835 Ea
1108 1770 1264 1836 videlicet
1286 1772 1412 1835 ratione
1436 1768 1498 1834 hoc
1528 1771 1763 1852 constituimus,
1794 1782 1830 1835 ut
1853 1793 1983 1858 semper
2006 1771 2172 1837 subiectus

517 1879 559 1942 sit
583 1879 647 1943 iarn
673 1878 777 1944 dictus
801 1878 891 1942 locus
911 1877 1070 1943 ecclesiae
1090 1878 1194 1942 sancti
1212 1877 1397 1941 Mammetis
1407 1884 1430 1958 ⁹,
1455 1887 1496 1959 et,
1521 1887 1556 1941 ut
1578 1899 1640 1941 nec
1663 1899 1725 1963 ego
1749 1879 1818 1963 ipse
1842 1899 1903 1942 nec
1927 1877 2011 1943 ullus
2035 1878 2076 1943 de
2100 1902 2172 1944 suc·

518 1984 703 2050 caesoribus
727 1985 808 2049 meis
832 1984 917 2049 hanc
948 1985 1221 2070 conscriptionem
1245 1983 1369 2048 violare
1398 1994 1595 2070 praesumat,
1628 1983 1738 2048 domui
1767 1984 1972 2071 imperatoris
2003 1985 2172 2050 confirma·

516 2093 638 2156 tionem
662 2093 695 2155 in
720 2113 759 2156 ea
781 2091 852 2155 fieri
876 2089 1085 2178 postulavi10.

624 2198 743 2263 Actum
767 2198 924 2284 Lingonis
949 2198 1081 2261 civitate
1105 2195 1247 2282 publiea.
1524 2245 1530 2258 .
2192 2224 2217 2262 η

623 2304 662 2369 In
694 2304 815 2370 Christi
845 2305 975 2368 nomine
1006 2303 1056 2390 (1)
1087 2301 1286 2389 Agobardus
1314 2302 1581 2389 Lugdunensis¹¹
1611 2301 1771 2367 ecelesiae
1802 2302 2067 2391 archiepiscopus
2097 2304 2172 2370 sub-

517 2413 644 2497 scripsi.
692 2411 742 2499 (2)
766 2411 989 2496 Angericus¹²
1016 2411 1189 2496 episeopus
1213 2408 1400 2496 subscripsi.
1449 2408 1499 2496 (3)
1531 2408 1704 2473 Albericus
1734 2410 1945 2496 episcopusll
1967 2433 1987 2475 a
2009 2433 2061 2476 me
2085 2411 2173 2476 facta

518 2516 707 2604 subscripsi.
760 2517 799 2580 In
831 2516 952 2581 Christi
983 2517 1113 2582 nomine
1145 2516 1195 2603 (4)
1226 2516 1340 2580 Faova
1370 2513 1598 2580 Cabilouensis
1609 2521 1634 2558 ¹⁴
1669 2515 1856 2602 subscripsi.
1915 2517 1965 2604 (5)
1999 2517 2172 2583 Modoinus

517 2624 864 2710 Augustudunensis¹⁵
887 2622 1075 2709 subscripsi.
1111 2622 1161 2710 (6)
1188 2622 1404 2688 Winitharius
1427 2621 1580 2707 indignus
1604 2620 1707 2686 abbas
1729 2620 1960 2688 Calticensis¹⁶
1982 2622 2171 2711 subscripsi.

520 2731 570 2818 (7)
594 2730 744 2795 Audinus
767 2730 921 2816 indignus
946 2731 1176 2816 corepiscopus
1200 2728 1389 2815 subscripsi.
1436 2727 1486 2814 (8)
1515 2728 1680 2793 Motninus
1710 2727 1864 2814 indignus
1894 2729 2068 2817 presbyter
2097 2729 2171 2795 sub·
2191 2758 2218 2796 so

518 2839 644 2924 scripsi.
685 2839 735 2925 (9)
759 2835 960 2902 Hiltibaldus
977 2836 1220 2901 Matiscensis¹¹
1244 2836 1417 2922 episcopus
1440 2833 1628 2921 subscripsi.
1669 2835 1741 2922 (10)
1765 2835 1979 2921 Ragenardus
2000 2836 2173 2925 presbyter

518 2943 706 3031 subscripsi.
754 2945 826 3030 Ego
856 2945 890 3008 in
923 2943 989 3007 Dei
1019 2944 1149 3007 nomine
1181 2942 1253 3029 (11)
1284 2940 1384 3007 Iacob
1419 2940 1496 3006 licet
1529 2940 1683 3027 indignus
1718 2943 1948 3029 corepiscopus
1984 2942 2171 3032 subscripsi.

519 3050 592 3138 (12)
623 3050 797 3137 Sigoaldus
824 3048 998 3136 presbyter
1029 3048 1218 3136 subscripsi.
1265 3048 1338 3137 (13)
1362 3047 1495 3112 Wanilo
1525 3047 1699 3134 presbyter
1728 3047 1916 3135 subscripsi.
1969 3050 2042 3138 (14)
2071 3050 2172 3116 Adal·

518 3156 630 3222 bertus
653 3157 827 3244 presbyter
850 3155 1038 3242 subscripsi.
1078 3155 1150 3243 (15)
1175 3155 1320 3242 Symeon
1343 3153 1516 3241 presbyter
1538 3153 1726 3241 subscripsi.
1766 3154 1839 3242 (16)
1857 3156 1999 3221 Unricus
2015 3157 2172 3223 diaeonus

519 3263 707 3351 subscripsi.
745 3265 817 3351 (17)
841 3263 942 3328 Baius
967 3262 1123 3327 diaconus
1147 3260 1336 3348 subscripsi.
1372 3262 1445 3350 (18)
1465 3262 1587 3327 Beatus
1612 3261 1770 3327 diaconus
1787 3261 1976 3350 subscripsi.
2013 3264 2085 3352 (19)
2102 3264 2172 3329 Fri·
2190 3291 2218 3330 as

519 3370 649 3436 derisus
673 3369 862 3457 subscripsi.
910 3369 982 3457 (20)
1007 3368 1226 3433 Thentmarus
1250 3367 1437 3455 subscripsi.
1478 3369 1550 3456 (21)
1574 3367 1784 3455 Ragenaldns
1807 3368 1994 3457 subscripsi.
2035 3370 2172 3457 Signum

519 3477 593 3564 (22)
617 3476 801 3541 Humberti.
842 3477 979 3563 Signum
1003 3475 1075 3562 (23)
1100 3474 1259 3539 Hiltanni.
1300 3474 1437 3560 Signum
1461 3477 1534 3562 (24)
1558 3474 1720 3539 Bertardi.
1760 3475 1896 3561 Signum
1921 3477 1993 3563 (25)
2010 3477 2170 3547 Fulcuini.

520 3582 657 3670 Signum
681 3582 754 3670 (26)
777 3583 889 3648 Ervic.
937 3582 1074 3668 Signum
1098 3582 1170 3669 (27)
1195 3580 1343 3646 Radaldi.
1391 3580 1464 3668 (28)
1488 3581 1584 3645 Betto
1608 3580 1796 3667 subscripsi.
1843 3583 1915 3670 (29)
1939 3583 2172 3670 Bernorogitus

519 3688 708 3776 subscripsi.
755 3690 828 3776 (30)
852 3688 1066 3775 Ragnoardus
1090 3686 1279 3773 subscripsi.
1319 3688 1393 3776 (31)
1416 3688 1509 3753 Baro
1534 3686 1723 3774 subscripsi.
1763 3689 1836 3775 (32)
1860 3689 2074 3775 Ragenardus
2097 3689 2171 3755 snb·

519 3796 645 3882 scripsi.
692 3795 765 3882 (33)
789 3795 976 3881 Hilpericus
999 3793 1187 3880 subscripsi.
1235 3795 1307 3882 (34)
1331 3793 1514 3880 Hildigisus
1542 3793 1715 3881 presbyter
1745 3794 1935 3882 subscripsi.
1988 3795 2027 3859 In
2051 3794 2172 3861 Christi
2191 3824 2219 3863 ιο

518 3904 649 3967 nomine
674 3903 746 3989 (35)
770 3901 958 3968 Bernartius
975 3900 1241 3988 archiepiscopus
1252 3906 1279 3945 ¹⁸
1302 3898 1491 3987 subscripsi.
1535 3902 1608 3988 (36)
1633 3899 1840 3966 Godelsadus
1856 3900 1959 3967 abbas
1983 3901 2171 3990 subscripsi.

520 4009 592 4097 (37)
616 4009 726 4074 Birico
750 4010 817 4073 acsi
842 4007 995 4094 indignus
1018 4007 1118 4072 levita
1141 4005 1330 4094 subscripsi.

625 4116 746 4180 Actum
777 4139 862 4180 anno
892 4113 934 4180 ab
965 4116 1188 4180 incarnatione
1220 4114 1353 4178 Domini
1384 4114 1654 4200 octingentesimo
1685 4114 1813 4196 XXX,
1849 4114 2026 4180 indictione
2050 4115 2170 4199 VIH⁸.,

519 4232 637 4309 epacta
659 4222 746 4303 XV„
770 4221 848 4287 XII.
873 4220 1041 4286 Kalendas
1065 4220 1278 4303 Decembres,
1303 4243 1388 4285 anno
1412 4218 1542 4285 Christo
1565 4221 1706 4307 propitio
1730 4221 1878 4285 X⁰IIH¹⁰
1902 4223 2029 4308 imperii
2061 4222 2172 4288 domni

519 4328 718 4394 Hlucdovici
740 4329 944 4415 imperatoris
968 4339 1001 4392 et
1023 4326 1187 4393 Hlotharii
1210 4328 1351 4414 Augusti
1373 4326 1432 4391 filii
1456 4328 1525 4392 eius
1541 4328 1631 4392 VI⁸⁰.
2190 4355 2217 4394 ss

627 4532 660 4580 15
685 4524 792 4592 Actum]
813 4529 930 4579 ductum
951 4528 981 4579 P.
1072 4529 1106 4579 28
1132 4522 1255 4594 Signum]
1281 4529 1300 4580 S
1325 4528 1366 4579 ln‘c
1389 4536 1413 4579 et
1432 4528 1505 4594 infra
1522 4544 1617 4594 semper
1636 4528 1666 4579 P.
1752 4531 1786 4579 84
1811 4524 1882 4592 XV.)
1902 4529 1940 4579 itu
1958 4529 1984 4580 P
1996 4548 2045 4596 pro
2063 4530 2171 4581 XXIII.

518 4614 666 4680 x⁰1111t⁰]
686 4618 724 4669 ito
743 4618 768 4669 P
779 4635 830 4684 pro
848 4617 955 4668 XV110.
1029 4620 1062 4669 35
1082 4613 1163 4682 vpro]
1183 4619 1220 4668 ita
1239 4617 1265 4668 P
1275 4635 1326 4683 pro
1345 4618 1449 4668 V1ffl0.

630 4799 659 4869 1)
685 4797 1026 4875 Sciat-Seiae-I’Eyhse,
1051 4807 1126 4856 cant.
1153 4797 1483 4874 Foramina-Frangitur,
1507 4818 1570 4855 arr.
1588 4797 1679 4873 Dp'on
1703 4793 1907 4873 (core-ror).
1977 4799 2008 4868 2)
2033 4799 2170 4874 Morrray,

520 4916 595 4964 cant.
614 4904 950 4980 Fonteiae-Frangam.
1020 4904 1050 4974 3)
1074 4904 1421 4975 Ve'rormes-les·Petitcs,
1445 4912 1520 4961 cant.
1545 4904 1683 4982 Schnyey
1706 4899 1910 4980 (Cere-dor).
1980 4905 2011 4975 4)
2036 4906 2170 4964 Bar-le·

521 5011 629 5083 cudat
660 5020 734 5069 caat.
767 5010 913 5068 Miredeau
943 5005 1147 5086 (Ota-dor).
1262 5011 1293 5080 5)
1317 5010 1418 5085 Drjon.
1533 5010 1564 5079 6)
1597 5011 1696 5082 Plistia,
1727 5021 1803 5070 cant.
1831 5011 1944 5087 Govrey
1967 5005 2169 5088 (ctu-cor).
2188 5030 2217 5068 οο

521 5119 552 5190 7)
578 5119 679 5193 Fixey,
711 5137 808 5175 comm.
833 5117 932 5175 Iliada.
1046 5116 1077 5186 8)
1110 5115 1456 5191 Marsannoy·la·Cdte,
1482 5125 1556 5174 cunt.
1581 5117 1673 5193 Dijon
1700 5113 1902 5194 (Coc-eor).
2016 5118 2048 5188 9)
2078 5119 2172 5177 Hodie

520 5224 758 5285 Sciat-Marone
781 5225 815 5281 de
839 5224 972 5300 Lanyres
995 5217 1262 5298 (Haste-Manto).
1349 5223 1400 5291 10)
1427 5221 1476 5296 Cf.
1500 5223 1624 5300 diplorna
1648 5224 1811 5282 lerdowicr‘
1832 5233 1858 5282 et
1879 5221 2029 5284 Hlotharii
2048 5225 2171 5301 impera·

518 5341 609 5390 torum
632 5330 705 5388 onai
722 5335 804 5400 830,
828 5329 915 5386 daal.
939 5329 1055 5386 Divisa
1080 5329 1104 5398 I,
1128 5332 1190 5388 254
1214 5325 1437 5403 (Mendaeum
1467 5349 1495 5385 n.
1519 5325 1606 5406 878);
1629 5350 1657 5389 v.
1681 5331 1763 5388 οᾶαιη
1786 5334 1907 5389 annales
1929 5332 2087 5390 Beruenses
2109 5335 2172 5392 830

520 5432 610 5512 (Μο.
636 5438 691 5495 SS.
716 5431 860 5512 mse),
885 5435 983 5493 claron.
1008 5434 1150 5492 Beaumse
1174 5429 1207 5511 (l.
1233 5436 1251 5492 l.
1276 5431 1404 5513 1254).
1491 5437 1541 5506 11)
1566 5437 1647 5510 Lyco
1671 5431 1888 5512 (su—840).
1975 5438 2026 5508 12)
2051 5438 2171 5496 Dmbro-

519 5544 652 5602 ἀυπεοοίο
675 5539 827 5618 (Embrun,
859 5561 902 5599 ca.
927 5536 1085 5616 829-1).
1179 5542 1230 5612 13)
1261 5541 1449 5619 Linyoneusis
1472 5537 1627 5619 (Longus,
1659 5539 1865 5620 820-838).
1971 5543 2023 5614 14)
2049 5542 2171 5603 Cholou-
2188 5562 2218 5604 «ο

518 5650 690 5708 sur-saone
712 5643 917 5724 (813-837).
1033 5647 1085 5718 15)
1109 5648 1204 5705 Auum
1229 5641 1451 5726 (815-840).
1568 5649 1619 5719 16)
1645 5648 1777 5722 Conclusa7
1808 5649 1873 5726 dlp.
1898 5649 2169 5710 Saone-er-Loire.

522 5757 573 5826 rr)
600 5757 706 5813 nacon
730 5748 952 5834 (ars-850).
1047 5754 1098 5825 ιε)
1121 5754 1285 5813 amusos
1307 5746 1442 5832 (remae,
1468 5747 1731 5833 sceno-sae).
