4884 6717
556 527 620 590 652
1024 533 1077 590 50.
1113 532 1331 590 CONCILIUM
1355 532 1583 589 anstsnsa
1607 534 1644 588 A.
1666 531 1741 589 829.

557 732 645 807 quat,
670 720 727 785 scd
751 722 856 784 sciant
880 742 1002 802 omnes,
1027 720 1191 806 quoniam,
1216 721 1244 783 si
1267 718 1309 783 sd
1332 721 1434 807 ipsius
1457 720 1605 784 notitiam
1621 721 1808 805 pervenerit
1825 720 1993 806 quippiam
2013 720 2101 802 mali,
2123 721 2211 808 quod

557 827 756 906 admiserint,
781 848 989 912 nequaqnam
1012 827 1231 891 incorrectum
1254 836 1310 890 aut
1332 824 1470 891 inultum
1493 824 1685 908 remanebit,
1710 825 1769 890 sed
1792 827 1884 890 iuxta
1911 826 1989 891 facti
2021 827 2211 914 qualitatem

558 935 619 999 erit
643 943 675 997 et
699 934 813 997 modus
846 934 950 996 iustae
982 933 1205 1018 correptionis.
1261 933 1470 1018 Quapropter
1503 933 1537 996 in
1572 932 1688 998 throno
1724 934 1891 1018 regiminis
1926 935 2050 1019 positus
2085 945 2135 999 est
2169 934 2213 998 ad

557 1039 679 1104 iudicia
702 1051 792 1103 recta
815 1037 1014 1125 peragenda,
1038 1049 1073 1103 ut
1096 1039 1166 1124 ipse
1190 1061 1250 1126 per
1272 1061 1307 1102 se
1331 1038 1503 1125 provideat
1526 1050 1558 1102 et
1581 1041 1758 1125 perquirat,
1782 1060 1824 1103 ne
1848 1041 1882 1103 in
1906 1039 2026 1104 iudicio
2050 1040 2169 1127 aliquis
2192 1064 2213 1107 a

557 1147 696 1210 veritate
720 1159 751 1210 et
776 1147 938 1232 aequitate
962 1144 1114 1209 declinet.
1154 1144 1246 1210 Scire
1271 1146 1368 1209 etiam
1393 1142 1501 1226 debet,
1525 1144 1614 1230 quod
1637 1167 1746 1226 causa,
1771 1167 1868 1231 quam
1890 1147 1983 1210 iuxta
1998 1148 2245 1212 ministeriums

559 1253 621 1316 sibi
646 1254 851 1316 commissum
877 1251 1091 1334 administrat,
1115 1275 1180 1316 non
1203 1250 1380 1332 hominum,
1405 1249 1463 1315 sed
1486 1251 1552 1316 Dei
1575 1272 1676 1315 causa
1699 1253 1819 1332 existit,
1851 1254 1904 1317 cni
1933 1275 1991 1339 pro
2022 1254 2212 1335 ministerio,

559 1358 647 1446 quod
671 1360 823 1445 suscepit,
847 1360 882 1422 in
906 1359 1066 1422 examinis
1089 1357 1250 1422 tremendi
1275 1357 1327 1423 die
1352 1360 1510 1422 rationem
1533 1357 1719 1423 redditurus
1744 1371 1801 1423 est.
1850 1359 1893 1423 Et
1915 1358 1989 1424 ideo
2014 1371 2150 1447 oportet,
2177 1373 2214 1426 ut

559 1467 639 1551 ipse,
665 1466 720 1551 qui
743 1464 843 1528 iudex
869 1477 917 1528 est
940 1463 1095 1544 iudicum,
1121 1486 1254 1529 causam
1277 1486 1457 1550 pauperum
1481 1463 1522 1528 ad
1546 1487 1581 1528 se
1611 1463 1739 1550 ingredi
1769 1464 1870 1530 iaciat
1900 1477 1933 1530 et
1962 1464 2138 1553 diligenter
2166 1469 2213 1532 in-

561 1573 678 1658 quirat,
702 1594 743 1635 ne
767 1572 849 1635 forte
874 1570 931 1652 illi,
956 1572 1011 1657 qui
1036 1570 1077 1634 ab
1102 1593 1140 1635 eo
1165 1572 1330 1635 constituti
1354 1583 1429 1635 sunt
1453 1581 1485 1634 et
1508 1572 1615 1635 vicem
1639 1572 1709 1635 eius
1737 1593 1834 1657 agere
1866 1570 1989 1637 debent
2018 1574 2052 1637 ia
2082 1574 2213 1660 populo,

561 1679 678 1742 iniuste
703 1689 758 1741 aut
781 1677 993 1762 neglegenter
1017 1698 1179 1763 pauperes
1206 1678 1434 1764 oppressiones
1457 1679 1525 1763 pati
1548 1679 1737 1763 permittant
1747 1683 1767 1741 ¹.
1819 1677 1873 1743 De
1896 1680 2075 1744 ministerio
2105 1691 2214 1746 autem
2235 1703 2261 1744 so

419 1808 543 1858 rossam.
561 1786 648 1870 regis
672 1785 717 1848 ita
741 1782 800 1848 Iob
831 1783 989 1869 loquitur:
1025 1785 1163 1870 Cumque
1191 1785 1331 1849 sederem
1361 1788 1458 1870 quasi
1485 1809 1542 1849 rec
1570 1788 1789 1850 circumstante
1818 1789 1966 1866 exercitu,
1996 1812 2084 1851 eram
2113 1803 2213 1854 tamen

381 1918 413 1956 u.
420 1915 542 1966 saar-12.
562 1894 744 1955 merentium
768 1893 952 1957 consolator.
991 1892 1094 1955 Auris
1116 1892 1251 1955 audiens
1274 1893 1472 1978 beatificabat
1486 1916 1533 1956 me
1549 1906 1577 1957 et
1591 1893 1700 1956 oculus
1715 1892 1826 1957 uidens
1841 1895 2050 1958 testimouium
2066 1895 2217 1960 reddebat

562 1998 652 2077 nribi,
677 1998 762 2083 quod
784 1998 965 2062 liberassem
982 2022 1158 2083 pauperem
1182 2000 1409 2086 uociferantem
1433 2013 1461 2062 et
1480 1999 1653 2085 pupillum,
1677 2001 1733 2063 cui
1752 2023 1814 2062 non
1832 2013 1910 2064 esset
1926 1999 2064 2064 adiutor.
2115 2001 2215 2067 Bene·

563 2104 661 2168 dictio
682 2106 824 2189 perituri
843 2129 938 2189 super
961 2128 1008 2168 me
1032 2105 1189 2182 c·euiebat,·
1225 2118 1254 2168 et
1275 2128 1329 2168 cor
1351 2104 1446 2170 vidue
1470 2105 1645 2170 aemulatus
1667 2130 1745 2169 sum.
1793 2104 1921 2171 Imriu’a
1945 2106 2166 2171 indutiarum
2189 2123 2218 2172 et

564 2213 677 2274 vestiri
697 2236 744 2274 me
767 2213 849 2275 sicut
873 2214 1047 2274 uestimento
1071 2224 1100 2274 et
1122 2210 1300 2274 diademate
1323 2211 1445 2276 iudicio
1475 2235 1551 2277 meo.
1609 2211 1726 2276 Oculus
1748 2214 1814 2300 sui
1834 2237 1925 2278 caeco
1950 2227 1979 2278 et
2000 2237 2061 2300 pes
2091 2214 2214 2279 claudo.
2236 2236 2262 2277 ss

562 2316 658 2381 Pater
681 2342 767 2380 eram
794 2341 973 2403 pauperum
1001 2331 1029 2381 et
1058 2341 1196 2396 causam,
1227 2341 1321 2403 quam
1351 2320 1537 2398 nesciebam,
1568 2318 1810 2405 dilipentissime
1843 2322 2079 2406 inrestipabam.
2136 2321 2215 2388 Con·

401 2446 541 2494 craesos.
563 2425 697 2487 terebam
721 2424 822 2487 molas
846 2426 954 2508 im‘qui
974 2423 1063 2487 etde
1087 2422 1231 2488 dentibus
1254 2424 1345 2488 illius
1368 2426 1554 2512 auferebam
1574 2424 1720 2510 predam.
1761 2423 1931 2489 Salomon:
1956 2426 2037 2507 Rea,
2061 2430 2121 2512 qui
2132 2428 2217 2493 sedet

425 2555 541 2604 maone.
564 2533 596 2594 in
620 2531 700 2594 solio
725 2530 852 2608 iudicii,
877 2530 1015 2616 dissipat
1037 2554 1125 2594 astrue
1151 2530 1270 2593 malum
1294 2533 1409 2595 iutuitu
1434 2554 1500 2596 sua.
1547 2530 1646 2594 Item:
1678 2531 1829 2618 Dissipat
1856 2534 1974 2619 impios
2002 2557 2061 2598 rese
2088 2537 2216 2620 sapiens

399 2662 540 2710 naturai.
561 2652 589 2701 et
611 2652 721 2700 currat
742 2661 837 2722 super
860 2661 911 2700 eos
926 2638 1100 2723 fornicem.
1139 2634 1240 2699 Item:
1264 2636 1368 2701 Iudex
1388 2640 1517 2723 sapiens
1540 2636 1718 2702 vindicabit
1735 2639 1889 2724 populum
1912 2664 2021 2721 suum;
2044 2654 2073 2705 et
2090 2642 2215 2726 priuci-

400 2768 540 2818 rrovasm.
558 2758 653 2829 patus
675 2747 796 2808 ,rerrsati
815 2744 940 2808 stabilis
963 2758 1014 2807 est.
1062 2742 1161 2806 Item:
1192 2743 1264 2808 Res·
1291 2746 1391 2808 s'ustus
1414 2746 1509 2830 eripit
1530 2759 1657 2823 terram,
1688 2758 1717 2809 et
1745 2749 1797 2809 uir
1825 2770 1945 2810 aramis
1974 2746 2108 2813 destrmt
2135 2773 2212 2812 eam.
2233 2770 2261 2810 so

428 2875 540 2924 saum.
560 2848 598 2912 In
634 2847 717 2914 libro
750 2848 955 2935 Sapientiae:
987 2850 1123 2935 Diliqite
1154 2852 1308 2915 iustitiam
1342 2854 1402 2936 qui
1433 2851 1586 2916 iudicatis
1620 2866 1745 2916 terram.
1800 2851 1917 2918 Sentite
1947 2853 1986 2919 de
2010 2854 2148 2920 Domirm
2181 2859 2214 2921 in

410 2982 540 3030 usa-s.
561 2958 695 3021 borritate
719 2971 747 3020 et
771 2960 803 3020 in
827 2957 1030 3043 simplicitate
1053 2956 1160 3020 cordis
1183 2960 1303 3041 querite
1326 2958 1427 3021 illum.
1467 2957 1550 3021 Item
1574 2956 1638 3022 ibi:
1662 2958 1782 3024 Audite
1797 2984 1869 3048 erqo
1885 2985 1973 3046 repes
1988 2975 2017 3025 et
2033 2963 2214 3049 intellipite3

561 3064 673 3128 discite
698 3063 818 3128 imlices
834 3065 954 3149 finium
976 3077 1087 3127 terrae.
1134 3062 1284 3127 Praebete
1306 3088 1400 3127 aures
1423 3088 1487 3144 uos,
1511 3067 1571 3150 qui
1591 3067 1754 3130 continetis
1777 3067 1995 3132 multitudines
2025 3082 2055 3132 et
2075 3070 2215 3154 placetis

561 3173 648 3234 robis
685 3173 717 3234 in
747 3172 848 3234 turbis
883 3172 1054 3250 nationum,
1089 3172 1239 3254 quoniam
1275 3170 1350 3234 data
1384 3184 1429 3234 est
1462 3196 1482 3234 a
1514 3170 1652 3236 Domino
1679 3186 1821 3258 potestas
1855 3174 1943 3237 vobis
1977 3187 2006 3238 et
2039 3177 2140 3238 uirtus
2174 3177 2214 3239 ab

560 3279 727 3358 altissimo,
752 3279 810 3363 qai
833 3279 1037 3364 interropabit
1059 3301 1155 3362 opera
1179 3291 1282 3341 vestra
1305 3291 1333 3342 et
1355 3279 1556 3363 capitationes
1585 3279 1787 3358 scrutabitur,
1818 3281 1979 3364 quoniam,
2009 3305 2078 3344 oum
2108 3284 2214 3346 essetis
2231 3305 2260 3346 ss

559 3387 703 3448 mimstri
723 3386 800 3452 eius.
826 3409 884 3447 raon
909 3397 987 3447 recte
1011 3383 1179 3448 iudicastis
1201 3407 1299 3469 neque
1326 3383 1505 3448 cmtodistis
1535 3385 1631 3472 lepem
1661 3387 1801 3450 iustitiae
1831 3410 1928 3472 neque
1957 3386 2125 3451 secundum
2151 3388 2218 3453 Dei

561 3492 747 3555 uoluntatem
772 3491 966 3554 ambulastis.
1013 3489 1181 3554 Horrenda
1204 3504 1234 3555 et
1255 3493 1316 3555 cito
1339 3492 1508 3576 apparebit
1531 3479 1627 3570 cobus,
1652 3494 1801 3576 quoniam
1825 3492 1982 3556 iudicium
2005 3493 2212 3558 durissimum

564 3600 596 3661 in
621 3598 681 3677 bis,
706 3599 765 3682 qui
779 3610 945 3682 praesunt,
961 3599 1028 3682 flet.
1076 3597 1203 3684 Euripus
1228 3599 1310 3661 enim
1335 3596 1515 3662 conceditur
1538 3597 1779 3678 misericordia,
1802 3613 1944 3685 potentes
1967 3602 2050 3664 enim
2074 3616 2214 3687 patenter

559 3719 708 3768 tormenta
727 3705 899 3791 patientur.
947 3702 1020 3766 Non
1044 3705 1127 3768 enim
1157 3704 1316 3768 subtrabet
1339 3727 1510 3790 personam
1541 3707 1727 3790 cuiusquam
1750 3704 1909 3770 Dominus
1938 3731 1993 3770 nec
2023 3709 2214 3772 reverebitur

557 3814 741 3896 cuiusquam
775 3810 1032 3896 nsapniturliaem,
1062 3812 1211 3894 quoniam
1238 3811 1394 3896 pusillum
1427 3824 1455 3874 et
1487 3835 1634 3897 mapnum
1670 3814 1737 3897 ipse
1764 3813 1852 3899 feeit
1884 3827 1913 3878 et
1945 3814 2121 3899 aequaliter
2147 3839 2213 3900 pro
2231 3840 2260 3878 so

559 3919 702 3982 ornaibas
725 3943 801 3981 cisra
832 3931 876 3982 est
899 3918 961 3981 illi.
1009 3917 1211 3981 Fortioribus
1241 3931 1343 3981 summ
1365 3918 1492 4004 fortior
1523 3920 1619 3981 instat
1647 3919 1804 3983 cmdiatio.
1851 3917 2013 3984 Isidorus:
2043 3926 2213 4001 Principes²

557 4033 664 4088 saeculi
687 4051 896 4103 nonnumquam
919 4033 994 4086 intra
1018 4032 1167 4089 ecclesiam
1190 4033 1343 4103 potestatis
1366 4032 1490 4103 adeptae
1515 4032 1765 4101 culminateneut,
1782 4042 1815 4088 ut
1833 4035 2022 4105 parcendam
2036 4041 2211 4107 potestatem

557 4139 734 4210 disciplinam
759 4139 980 4195 ecclesiasticam
1003 4139 1140 4194 muniant.
1188 4136 1325 4194 Ceterum
1347 4140 1423 4194 intra
1446 4139 1594 4194 ecclesiam
1616 4147 1778 4211 potestates
1807 4142 1985 4197 necessariae
2015 4159 2072 4198 aon
2102 4153 2210 4210 essent,

557 4248 609 4302 nisi
634 4257 676 4313 ut,
701 4247 776 4317 qnod
800 4264 855 4301 noa
879 4245 1026 4317 praevalet
1050 4246 1183 4301 sacerdos
1207 4243 1324 4302 efficere
1347 4263 1400 4317 per
1424 4246 1570 4300 doctrinae
1594 4264 1761 4314 sermonem,
1785 4255 1915 4319 potestas
1937 4248 1991 4304 hoc
2013 4250 2135 4321 imperet
2158 4269 2211 4321 per

557 4354 723 4426 disciplinae
748 4363 894 4409 terrorem.
934 4351 1011 4423 Seps
1034 4371 1087 4424 per
1110 4370 1229 4424 regnum
1252 4361 1397 4408 terrenum
1420 4352 1547 4408 caeleste
1571 4370 1690 4425 regnum
1712 4352 1834 4425 prolicit,
1858 4361 1890 4409 nt
1907 4355 1955 4426 qui
1970 4356 2046 4410 intra
2061 4356 2209 4412 ecclesiam
2226 4371 2256 4412 ao

555 4463 640 4534 positi
665 4471 763 4518 contra
785 4460 871 4515 fidem
896 4470 926 4515 et
949 4458 1125 4530 disciplinam
1149 4458 1288 4515 ecclesiae
1312 4466 1410 4531 agunt,
1434 4460 1527 4530 rigore
1550 4459 1708 4531 principum
1731 4467 1926 4530 conterantur,
1950 4462 2097 4534 ipsamque
2124 4463 2207 4518 disci·

556 4571 671 4642 plinam,
695 4587 779 4641 quam
803 4568 942 4624 ecclesiae
966 4567 1074 4621 utilitas
1099 4584 1233 4622 exercere
1257 4583 1313 4621 non
1336 4564 1494 4638 praevalet,
1520 4566 1676 4621 cervicibus
1700 4568 1886 4638 superborum
1904 4575 2031 4639 potestas
2046 4569 2208 4641 principalis

556 4677 681 4748 imponat
706 4683 745 4743 ct,
770 4683 802 4730 ut
825 4675 1039 4730 venerationem
1062 4681 1214 4739 mercatur,
1239 4673 1372 4728 virtutem
1396 4679 1526 4745 potestas
1549 4673 1699 4743 inperciat.
1740 4672 1920 4746 cognoscant
1942 4676 2086 4747 principes
2101 4677 2208 4732 saeculi

557 4784 620 4840 Deo
644 4784 751 4840 debere
775 4801 806 4837 se
830 4783 952 4838 reddere
976 4783 1113 4837 rationem
1135 4788 1255 4852 propter
1278 4779 1437 4848 eeclesiam,
1463 4797 1547 4850 quam
1570 4798 1588 4834 a
1611 4778 1724 4834 Christo
1752 4781 1886 4836 tuendam
1915 4782 2083 4853 suscipiant.
2136 4783 2207 4838 Nam

555 4891 614 4946 sive
638 4899 777 4962 augeatur
799 4908 854 4961 pax
879 4897 908 4945 et
932 4890 1079 4959 disciplina
1102 4887 1241 4942 ecclesiae
1264 4905 1318 4958 per
1339 4886 1441 4942 fideles
1463 4887 1608 4958 principes
1630 4887 1690 4942 sire
1713 4887 1850 4955 solvatur,
1873 4888 1922 4944 ille
1945 4889 1982 4944 ab
2006 4889 2047 4944 eis
2070 4890 2207 4946 rationem
2225 4906 2255 4947 so

556 4997 663 5067 exiget,
688 4997 734 5066 qui
766 5014 861 5051 eorum
892 4995 1029 5067 potestati
1058 5012 1137 5048 suam
1168 4993 1318 5048 ecclesiam
1348 4994 1478 5048 credidit.
1537 4983 1620 5049 Sunt
1654 4995 1687 5048 et
1720 4982 1787 5049 alia
1820 4987 1988 5072 utriusque
2023 4988 2207 5052 testamenti

555 5091 687 5158 oracula
722 5094 864 5179 copiosa,
901 5090 1018 5178 quibus
1054 5091 1177 5155 affatim
1212 5090 1400 5171 adstruitur,
1436 5089 1524 5176 quod
1558 5113 1618 5154 rex
1652 5092 1868 5156 ministerium
1902 5090 1966 5156 sibi
2000 5095 2207 5158 commissum

471 5214 476 5224 '
554 5200 734 5265 secundum
768 5198 968 5264 voluntatem
997 5197 1062 5262 Dei
1098 5218 1254 5261 exercere
1290 5208 1322 5260 et
1357 5194 1536 5284 adimplere
1572 5195 1686 5280 debet,
1722 5220 1785 5284 que
1820 5198 1874 5263 hic
1910 5198 1951 5264 ob
1986 5198 2205 5286 prolixitatem

554 5307 721 5371 vitandam
745 5307 1055 5393 praetermittuntur.

661 5527 698 5575 11.
726 5519 844 5588 tinxta]
864 5527 936 5575 insta
956 5523 985 5573 P.
1061 5526 1093 5574 12
1113 5523 1251 5574 beatificat
1271 5522 1301 5573 P.
1377 5525 1408 5573 15
1428 5526 1539 5576 vestivit
1558 5525 1586 5574 V.
1606 5524 1636 5575 P.
1704 5526 1738 5575 20
1757 5535 1880 5576 sensatus
1901 5526 1927 5576 Γ.
1947 5525 1979 5574 Ρ.
2045 5527 2079 5577 22
2098 5533 2126 5576 st
2144 5527 2205 5577 sim·
2223 5539 2252 5580 at

554 5613 674 5680 plicitate
694 5614 722 5663 Γ.
795 5615 828 5664 26
848 5613 997 5678 secundum
1015 5612 1055 5662 liic
1073 5621 1097 5662 ct
1114 5611 1187 5677 infra
1207 5612 1233 5661 Γ.
1314 5614 1347 5663 32
1366 5607 1494 5680 adeptae]
1518 5614 1636 5680 adoptas
1657 5611 1688 5664 P.
1760 5616 1794 5665 33
1814 5612 1976 5666 aecclesiam
1997 5615 2024 5664 Γ.
2097 5616 2131 5666 38
2150 5631 2204 5665 me·

554 5711 662 5753 reantur
682 5701 712 5752 P.
786 5705 819 5753 39
839 5705 991 5769 suscipiant
1011 5702 1037 5752 V.

664 5876 692 5960 1)
718 5883 765 5954 Cf.
790 5904 880 5960 supra
899 5905 931 5960 p.
950 5887 1012 5944 595
1035 5904 1058 5940 c.
1076 5889 1106 5954 8,
1125 5903 1159 5959 p.
1177 5886 1236 5942 601
1260 5885 1278 5939 l.
1295 5889 1392 5959 2sqq.
1417 5904 1476 5941 cum
1500 5904 1569 5942 aaa.
1587 5888 1614 5944 1.
1701 5881 1732 5958 2)
1755 5884 1891 5956 Isidorum,
1917 5885 2042 5944 Seuteat.
2065 5884 2120 5942 ΙΙΙ
2137 5906 2162 5942 c.
2186 5891 2206 5946 5

552 5982 703 6068 §sl-6:
728 5989 802 6066 Opp.
826 5990 873 6060 VI,
890 5993 958 6050 344.
