4884 6717
659 528 710 583 44.
747 526 967 583 CONCILIUM
990 526 1218 584 psammutes
1243 528 1280 584 A.
1300 526 1374 584 825.
1778 523 1844 587 495

186 727 242 781 deo
264 742 338 782 meo.
384 726 466 780 'l’unc
493 725 545 781 tihi
568 725 708 792 irascitur,
740 725 854 796 quando
884 722 976 794 ipsum
1003 727 1097 779 colere
1121 723 1254 779 volneris.
1299 723 1395 779 Bonus
1419 733 1463 779 est
1488 725 1563 781 enim
1588 733 1619 782 et
1642 727 1736 782 Deum
1758 737 1844 784 amat.

188 831 335 896 Quomodo
358 834 511 888 daemones
534 833 704 900 irascuntur,
729 832 753 886 si
776 848 832 886 uon
855 831 994 898 colantur,
1019 830 1058 884 sic
1082 830 1176 902 angeli
1200 830 1394 902 indignantur,
1419 833 1442 886 si
1466 850 1517 903 pro
1540 833 1604 889 Deo
1628 837 1765 889 colantur.

294 947 384 1012 XLI.
419 946 503 1011 Item
533 947 619 1011 idem
650 949 684 1010 in
714 945 797 1011 libro
821 946 864 1011 X.
890 944 931 1010 de
961 945 1094 1009 civitate
1125 944 1207 1010 Del:
1238 951 1323 1010 Νοιιι
1346 957 1443 1027 itaque
1468 957 1606 1013 debemus
1635 967 1776 1026 metuere,
1808 981 1844 1016 ne

187 1064 351 1120 inmortales
375 1071 405 1119 et
428 1064 530 1119 beatos
553 1066 601 1118 uni
624 1065 689 1118 Deo
712 1064 841 1118 subditos
863 1080 919 1118 non
944 1063 985 1117 eis
1009 1061 1193 1117 sacrificando
1215 1061 1401 1117 offendamus.
1450 1062 1532 1127 Quod
1565 1065 1640 1120 enim
1662 1067 1773 1122 nonnisi
1797 1069 1845 1123 uni

156 1187 256 1233 avero
285 1172 350 1226 Deo
380 1171 481 1226 deberi
511 1171 614 1236 sciunt,
645 1171 690 1225 cui
721 1176 752 1225 et
782 1171 837 1241 ipsi
866 1169 1049 1225 adhaerendo
1077 1169 1156 1225 beati
1187 1177 1264 1237 snut,
1298 1169 1397 1241 procul
1432 1171 1518 1226 dnbio
1548 1189 1645 1244 neque
1674 1191 1730 1244 per
1758 1174 1845 1230 ullam

187 1275 393 1349 significantem
416 1276 536 1349 figuram
558 1295 654 1348 neque
676 1295 730 1349 per
752 1276 842 1348 ipsam
864 1294 936 1344 rem,
967 1294 1042 1348 qnae
1073 1276 1256 1331 sacramentis
1284 1276 1470 1347 significatur,
1501 1279 1555 1333 sibi
1579 1279 1706 1335 exbiberi
1736 1281 1844 1338 volunt.

187 1385 364 1439 Daemonum
389 1391 433 1439 cst
456 1384 527 1438 haec
550 1385 712 1455 arrogantia
733 1384 919 1462 superborum
942 1391 1029 1454 atque
1053 1384 1226 1450 miserorum,
1256 1401 1274 1437 a
1297 1383 1400 1454 quibus
1429 1384 1514 1456 longe
1547 1386 1661 1441 diversa
1684 1396 1728 1442 cst
1752 1388 1845 1458 pietas

187 1491 364 1545 subditorum
386 1491 460 1546 Deo.

295 1588 378 1652 Item
401 1587 489 1663 idem
511 1589 546 1651 in
569 1587 700 1652 eodem:
731 1593 813 1652 Nos²
834 1605 930 1652 autom
959 1596 1129 1668 martyribus
1158 1596 1262 1650 nostris
1292 1614 1348 1651 non
1371 1597 1479 1668 templa
1508 1597 1582 1653 sicut
1614 1600 1677 1666 diis,
1707 1602 1759 1655 sed
1783 1619 1843 1657 me·

144 1724 170 1764 to
188 1705 289 1759 moriae
312 1705 386 1780 sieut
408 1704 565 1759 bominibus
588 1704 714 1771 mortuis,
744 1721 862 1775 quorum
884 1703 960 1774 apud
984 1703 1079 1757 Deum
1101 1703 1200 1757 vivunt
1224 1703 1349 1774 spiritns,
1374 1702 1543 1758 fabricamus
1567 1724 1621 1761 nec
1646 1706 1685 1761 ibi
1712 1708 1846 1779 erigimus

188 1811 298 1878 altaria,
330 1813 359 1866 in
383 1812 484 1882 quibus
508 1809 697 1866 sacrificemus
720 1810 902 1882 martyribus,
933 1810 986 1865 sed
1009 1810 1057 1864 uni
1080 1810 1145 1864 Deo
1169 1815 1199 1864 et
1221 1817 1377 1882 martyrum
1400 1819 1429 1864 et
1452 1819 1559 1878 nostro,
1590 1813 1626 1867 ed
1657 1814 1734 1884 quod
1757 1817 1842 1870 sacri·

188 1917 282 1973 ficium
312 1919 386 1973 siout
414 1919 540 1974 homines
565 1918 631 1986 Dei,
663 1919 713 1989 qui
742 1917 876 1971 muudum
908 1918 937 1971 in
969 1917 1029 1972 eius
1053 1915 1232 1972 confessione
1256 1917 1395 1983 vicerunt,
1427 1936 1478 1973 suo
1501 1918 1573 1984 loco,
1605 1920 1666 1976 vice
1690 1928 1721 1976 et
1744 1923 1843 1978 ordine

191 2026 388 2093 nominantur3
412 2033 589 2080 nontamen
612 2043 630 2079 a
651 2025 813 2091 sacerdote,
837 2024 887 2095 qui
901 2021 1052 2090 sacrificat,
1074 2023 1251 2078 invocantur.
1293 2025 1358 2079 Deo
1381 2026 1499 2097 quippe,
1524 2043 1580 2080 non
1604 2027 1672 2097 ipsis
1695 2028 1845 2098 sacrificat,
1888 2040 1891 2047 '

189 2132 315 2203 quamvis
338 2132 368 2186 iu
390 2133 523 2187 memoria
544 2130 686 2187 sacrificet
710 2149 817 2198 eorum,
842 2131 909 2201 quia
924 2130 980 2184 Dei
1003 2129 1137 2184 sacerdos
1161 2138 1216 2198 est,
1241 2149 1297 2185 non
1320 2131 1440 2186 iliorum.
1475 2131 1571 2203 Ipsum
1587 2151 1655 2188 vero
1679 2134 1846 2190 sacrificium

146 2257 171 2298 tu
190 2256 291 2310 corpus
315 2246 360 2294 est
384 2236 499 2305 Christi,
523 2240 601 2310 qnod
625 2256 681 2294 nou
703 2239 823 2294 offertur
845 2238 923 2309 ipsis,
949 2235 1091 2308 quiahoc
1114 2245 1181 2290 sunt
1206 2244 1236 2293 et
1259 2238 1323 2309 ipsi.

295 2352 403 2417 XLII.
437 2352 519 2417 Item
539 2353 743 2438 Augustinus
767 2355 801 2417 in
824 2373 973 2417 sermone
998 2350 1190 2437 evangelico
1215 2351 1256 2416 de
1279 2365 1451 2439 potestate,
1477 2376 1575 2439 quam
1600 2354 1693 2420 dedit
1716 2355 1846 2422 daemo·
1865 2376 1984 2429 cernas

188 2459 294 2542 nihile,
318 2471 354 2524 ut
377 2459 504 2524 abirent
527 2461 562 2524 in
584 2483 719 2547 porcos:
749 2465 838 2525 Noli⁸
859 2468 988 2524 inclinari
1012 2468 1133 2539 angelis,
1156 2476 1188 2523 nt
1211 2469 1253 2523 eis
1276 2469 1490 2524 sacrificandum
1513 2477 1610 2542 putes,
1634 2489 1688 2527 uec
1712 2473 1792 2528 bonis
1817 2482 1847 2530 et
1892 2429 1956 2478 Μ’

188 2577 310 2644 sanctis3
342 2576 442 2631 uolunt
466 2577 557 2645 enirn,
589 2579 702 2649 quando
726 2577 805 2644 facis,
835 2593 890 2631 non
915 2583 945 2630 te
969 2574 1102 2647 diligunt.
1150 2575 1282 2647 Diligunt
1305 2585 1412 2640 autom,
1436 2578 1459 2631 si
1482 2595 1546 2632 cnm
1571 2580 1612 2634 eis
1636 2580 1846 2652 adores.quem

188 2684 319 2739 adorant.

143 2827 170 2867 so
296 2797 421 2863 XLIII.
454 2798 538 2863 Item
561 2798 649 2864 idem
674 2800 707 2862 iu
730 2798 813 2863 libro
837 2796 879 2862 dc
903 2799 1085 2885 quantitate
1109 2798 1255 2862 animae:
1280 2803 1391 2862 Homo⁴
1408 2815 1503 2864 antem
1522 2809 1643 2880 quilibet
1660 2811 1731 2866 nlius
1747 2831 1845 2883 quorn-

188 2933 275 2988 quam
298 2915 521 2986 sapientissimus
545 2926 576 2972 et
598 2916 821 2988 perfectissimus
845 2915 891 2970 vel
913 2932 1029 2986 prorsus
1054 2914 1201 2985 quaelibet
1224 2915 1316 2969 anima
1340 2916 1455 2969 rationis
1478 2935 1591 2987 compos
1622 2925 1710 2988 atque
1738 2919 1846 2974 beatis·

188 3023 258 3077 sima
282 3030 312 3078 et
342 3023 464 3078 amanda
485 3024 679 3078 tantummodo
709 3023 845 3077 imitanda
875 3028 920 3076 est
948 3021 1033 3093 eique
1056 3039 1108 3092 pro
1131 3021 1233 3075 merito
1256 3028 1344 3091 atque
1368 3022 1467 3076 ordine
1491 3023 1567 3094 quod
1592 3025 1618 3078 ei
1642 3026 1771 3096 congruit
1794 3026 1845 3080 de·

187 3129 348 3185 terendum.
395 3129 467 3184 Num
490 3129 632 3186 domiuum
654 3128 746 3186 Deum
770 3136 845 3184 tuum
868 3126 1005 3185 adorabis
1027 3135 1053 3183 et
1075 3125 1117 3183 ilo·
1136 3126 1190 3183 soli
1210 3126 1325 3184 senum.
1865 3139 2011 3190 ursmaro

296 3244 438 3309 XLIIII.
474 3244 628 3330 Origenis
652 3245 686 3308 in
709 3229 849 3330 epistola
871 3242 914 3307 ad
937 3243 1117 3307 Romanos:
1150 3247 1244 3306 Cu1n⁵
1266 3261 1384 3323 possent
1407 3254 1535 3308 honines
1558 3255 1652 3309 Deum
1679 3274 1846 3327 agnoscere,

143 3380 170 3420 ss
189 3362 225 3417 ab
249 3362 310 3417 eius
333 3361 415 3416 cultu
438 3361 616 3416 decliuautes
639 3361 676 3415 ad
699 3360 836 3430 imagines
866 3358 1007 3413 bominum
1036 3358 1195 3413 adorandas
1226 3367 1257 3414 et
1280 3360 1439 3414 animalium
1463 3362 1660 3416 deverterunt.
1707 3362 1748 3418 Ut
1773 3365 1847 3420 enim

188 3469 316 3525 breviter
346 3475 378 3524 et
400 3469 474 3523 omni
498 3469 527 3522 iu
549 3485 635 3522 uuum
660 3466 782 3522 collecta
804 3464 972 3522 definitione
996 3466 1132 3532 dicamus,
1163 3467 1281 3521 adorare
1312 3466 1396 3521 alium
1426 3476 1544 3539 praeter
1569 3475 1681 3540 patrem
1706 3479 1736 3525 et
1759 3470 1847 3527 filium

190 3583 220 3630 et
244 3574 380 3647 Spiritum
402 3583 531 3630 sanctum
554 3574 707 3645 impictatis
732 3580 776 3629 est
800 3573 916 3628 crimen.

296 3689 402 3754 XLV.
437 3688 520 3754 Item
536 3689 740 3774 Augustinus
763 3689 797 3752 iu
820 3686 904 3753 libro
928 3687 969 3752 de
992 3709 1073 3751 vera
1095 3688 1271 3774 religione:
1297 3695 1382 3754 Non6
1404 3701 1440 3753 sit
1458 3717 1525 3772 ergo
1541 3701 1622 3756 nobis
1638 3701 1738 3772 religio
1754 3703 1848 3758 cultus
1885 3687 1888 3692 ’

189 3824 336 3878 corporum
360 3805 550 3862 aetheriorum
573 3815 660 3878 atque
685 3804 863 3872 coelestium,
887 3805 939 3860 sed
964 3805 1035 3872 eius,
1059 3805 1139 3859 cuius
1162 3806 1402 3877 contemplatione
1427 3807 1504 3862 beati
1528 3815 1605 3862 sunt.
1646 3808 1747 3879 Neque
1773 3811 1847 3866 enim

145 3932 172 3971 so
190 3923 221 3970 et
243 3930 294 3969 uos
316 3913 441 3968 ridendo
464 3912 596 3984 angelum
619 3913 697 3968 beati
720 3931 825 3980 sumus,
849 3912 902 3967 sed
925 3911 1049 3966 ridendo
1072 3912 1233 3979 veritatem,
1257 3930 1314 3983 qua
1338 3913 1424 3968 etiam
1447 3915 1523 3985 ipsos
1547 3913 1691 3987 diligimus
1711 3917 1844 3988 angelos3

190 4039 244 4076 nco
267 4020 434 4088 insidemus,
459 4020 536 4090 quod
558 4038 593 4075 ea
615 4020 772 4091 paratiores
796 4026 826 4073 et
850 4017 935 4072 nullis
958 4018 1094 4073 molestiis
1116 4019 1377 4090 interpedientibus
1400 4019 1597 4091 perfruuntur,
1621 4001 1684 4078 sed·
1693 4025 1781 4096 magis
1798 4042 1846 4080 eos

191 4127 342 4199 diligimus,
373 4127 503 4199 qnoniam
535 4135 564 4182 et
594 4144 644 4181 nos
674 4127 732 4182 tale
761 4125 868 4197 aliquid
898 4143 1014 4196 sperare
1044 4143 1062 4180 a
1084 4126 1224 4180 communi
1249 4126 1368 4181 Domino
1391 4126 1459 4180 inssi
1486 4145 1592 4184 sumus.
1639 4129 1734 4193 Quare
1758 4131 1845 4187 hono-

190 4252 283 4289 ramus
307 4251 357 4289 eos
380 4233 512 4297 caritate,
536 4251 591 4288 non
615 4234 753 4289 servitute
777 4251 830 4288 uec
855 4232 896 4286 eis
920 4231 1028 4303 templa
1051 4232 1263 4300 constituimus3
1288 4232 1388 4287 nolunt
1413 4235 1487 4288 enim
1511 4235 1551 4290 sic
1575 4235 1704 4291 honorari
1720 4257 1737 4292 a
1755 4238 1845 4307 nobis,

192 4342 259 4413 quia
281 4358 331 4395 uos
355 4341 441 4412 ipsos,
466 4357 529 4394 cum
551 4340 617 4395 boni
641 4358 746 4406 sumus,
770 4339 880 4411 templa
902 4339 1002 4393 summi
1025 4339 1082 4394 Dei
1107 4356 1169 4394 esse
1193 4347 1344 4395 noverunt.
1866 4347 1906 4440 ct.⁶
1904 4347 1983 4440 ’'12⁰'‘

1908 4430 1913 4452 ‚
1952 4433 1955 4442 .

146 4482 174 4523 tu
299 4455 423 4521 XLVI.
457 4455 541 4520 Item
564 4456 635 4541 ipse
658 4455 692 4518 in
715 4453 798 4519 libro
814 4454 909 4519 VIII.
926 4454 967 4518 de
985 4455 1118 4518 civium
1134 4454 1216 4518 Dei:
1241 4459 1339 4520 sone?
1355 4485 1408 4520 ricc
1424 4468 1596 4540 martyribus
1611 4470 1729 4540 templa,
1753 4489 1845 4526 sacer·

192 4573 280 4641 dotia,
303 4591 385 4628 sacra
401 4579 431 4628 et
446 4571 584 4627 sacrificia
606 4571 812 4638 constituimus,
837 4572 969 4642 quoniam
991 4587 1048 4625 non
1071 4571 1136 4642 ipsi,
1159 4572 1211 4626 sed
1234 4571 1316 4626 Deus
1339 4591 1435 4628 eorum
1460 4574 1540 4628 nobis
1564 4581 1608 4629 est
1625 4575 1715 4631 Deus.
1751 4576 1847 4631 Hono-

298 4799 372 4849 XLI.
401 4800 417 4849 3
436 4792 506 4861 Non]
525 4799 595 4862 Aug.
613 4797 642 4847 in
660 4814 739 4863 marg.
759 4795 789 4847 P.

298 4888 387 4938 XLII.
419 4889 449 4938 ll
471 4881 545 4950 Noli]
564 4889 636 4950 Aug·
653 4885 682 4936 ia
699 4904 778 4952 marg.
798 4885 829 4936 P.

298 4977 403 5027 xL111.
432 4970 587 5040 idliomo]
606 4975 676 5040 Aug.
695 4975 723 5026 in
741 4992 820 5041 rsurg.
840 4974 871 5026 P.

299 5067 419 5120 XLIIII.
447 5067 481 5115 24
502 5059 580 5128 Cum]
600 5058 770 5129 Orig(e)n(is)
785 5064 814 5114 iu
831 5081 910 5130 marg.
930 5064 961 5114 P.

298 5155 380 5206 XLV.
409 5155 444 5205 28
462 5147 533 5218 Non]
551 5153 623 5218 Aug.
640 5153 670 5203 irs
686 5171 766 5219 marg.
785 5152 816 5203 P.

298 5245 396 5294 XLVI.
424 5246 458 5294 35
478 5237 560 5307 Sane]
579 5243 651 5307 Aug.
668 5243 697 5293 in
715 5259 794 5308 marg.
813 5241 844 5291 P.

303 5453 332 5538 1)
356 5460 537 5537 Augsutinus,
567 5461 615 5517 De
644 5459 754 5518 civitate
777 5459 834 5516 Do·
856 5459 890 5516 Χ
908 5461 1007 5529 ο.26,·
1043 5457 1116 5536 opp.
1140 5459 1335 5537 V1L260oq.
1429 5455 1460 5538 2)
1491 5461 1598 5519 Ibidem
1628 5463 1723 5520 ΧΧΠ
1749 5468 1848 5538 010,-

193 5571 211 5626 l.
229 5570 247 5626 l.
270 5567 334 5638 VH,
352 5569 425 5626 673.
533 5559 564 5646 3)
587 5566 654 5624 Nou
677 5567 779 5625 inveni.
889 5557 921 5644 4)
944 5566 1125 5642 Augsutr‘nus,
1157 5567 1204 5623 De
1226 5568 1382 5643 quondtote
1404 5570 1519 5626 animae
1542 5591 1564 5624 r.
1582 5571 1621 5628 34
1643 5561 1668 5647 ἕ
1683 5572 1740 5641 78,·
1772 5569 1847 5649 opp.

146 5694 176 5735 so
194 5674 218 5746 I,
234 5677 304 5735 433.
389 5665 420 5752 b)
445 5672 586 5751 Origines,
611 5673 773 5749 Explanat.
798 5674 827 5730 iu
851 5673 930 5749 epist.
954 5671 1042 5730 Ponti
1062 5674 1106 5730 ud
1125 5673 1272 5731 Roruaaos
1295 5674 1314 5730 1
1333 5678 1409 5744 c.1,·
1434 5674 1508 5751 opp
1533 5677 1576 5732 ed.
1603 5674 1737 5734 Basileus
1760 5681 1846 5749 1536,

188 5801 222 5858 p.
239 5783 308 5842 336.
378 5772 410 5859 6)
433 5780 614 5857 Augustinus,
638 5780 685 5836 De
699 5799 769 5837 uera
783 5780 919 5856 religione
939 5801 962 5836 c.
978 5781 1020 5840 55
1040 5772 1139 5858 §109
1154 5773 1206 5858 (-
1225 5783 1389 5837 caelestium
1409 5784 1428 5838 l.
1446 5777 1508 5860 29),
1533 5787 1591 5845 110
1606 5775 1657 5860 (-
1678 5776 1845 5858 noremnt);

195 5887 269 5964 Opp-
294 5887 319 5959 Ι,
343 5890 412 5948 786.
507 5879 538 5967 l)
561 5887 741 5964 Auginum,
765 5887 812 5943 De
835 5886 945 5944 civitate
966 5885 1025 5943 Dei
1045 5887 1122 5944 VIII
1141 5909 1163 5943 c.
1180 5890 1223 5947 27
1245 5879 1319 5964 §h
1351 5887 1424 5964 Opp
1448 5889 1512 5959 VH,
1528 5892 1598 5950 217.
