4884 6717
679 463 733 522 56.
768 463 987 521 CONCILIUM
1011 462 1341 528 AQUISGRANENSE
1364 463 1401 518 A.
1421 461 1497 518 836.
1852 454 1914 518 'llll

261 648 464 716 devotissimi
487 649 678 737 suppliciter
701 674 875 717 exoramus
905 662 938 715 et
960 650 1055 716 flexis
1078 647 1257 738 poplitibus
1288 659 1431 713 vestram
1462 647 1690 713 excellentiam
1721 646 1916 734 flagitamus,

260 767 297 822 ut
325 756 387 822 hoc
418 756 620 844 opusculum,
652 757 740 844 quod
769 769 903 845 propter
934 779 1078 822 amorem
1111 755 1292 822 communis
1323 754 1538 841 redemptoris
1568 756 1672 820 nostri
1694 754 1771 819 Iesu
1795 752 1917 820 Christi

261 874 456 952 vestraeque
479 865 609 929 animae
632 865 844 930 salvationem
868 875 902 929 et
923 866 1017 951 regni
1040 862 1135 929 vobis
1158 863 1322 928 commissi
1346 863 1516 928 tuitionem
1539 873 1638 949 atque
1653 863 1688 926 in
1703 861 1916 948 longinquum

260 969 390 1034 felicem
425 970 495 1035 eius
525 971 773 1056 protelationem
803 983 1051 1057 vestrorumque
1086 971 1228 1035 hostiurn
1262 971 1504 1056 superationem
1539 967 1752 1055 digessimus,
1787 978 1915 1034 vestrae

229 1075 463 1144 scelsitudinis
487 1076 654 1142 obtutibus
684 1078 727 1143 sit
755 1089 883 1164 gratum
914 1091 1012 1165 atque
1043 1087 1213 1164 acceptum
1245 1075 1406 1162 vobisque
1436 1075 1585 1162 prolique
1616 1097 1655 1140 ac
1678 1075 1797 1162 populo
1821 1074 1916 1140 vobis

262 1181 420 1265 subiecto,
444 1183 587 1248 Domino
611 1207 706 1271 opem
729 1184 865 1265 ferente,
888 1184 1110 1272 profuturum3
1135 1182 1224 1270 quod
1247 1206 1313 1248 non
1336 1205 1380 1247 ex
1403 1205 1544 1247 caenoso
1567 1182 1656 1247 fonte
1672 1183 1847 1247 iactantiae
1863 1182 1917 1247 vel

261 1288 433 1355 cuiuslibet
454 1292 709 1377 presumptionis
733 1291 872 1356 elatione
896 1314 1079 1374 emanasse,
1113 1289 1173 1356 sed
1206 1290 1315 1376 potius
1350 1312 1393 1354 ex
1427 1289 1598 1354 verissime
1633 1289 1916 1376 sincerissimeque

260 1395 338 1461 fidei
360 1397 547 1482 integritate
572 1408 605 1462 et
628 1396 840 1462 sacerdotalis
864 1420 975 1462 curam
999 1399 1129 1463 animae
1153 1406 1283 1461 vestrae
1306 1394 1597 1482 inconparabiliter
1619 1396 1762 1481 gerentis
1778 1399 1917 1461 auctori·

261 1512 326 1566 tate
350 1513 478 1568 constat
502 1503 674 1569 collectum
698 1514 796 1590 atque
820 1506 1040 1591 conscriptum
1064 1526 1147 1569 esse.
1193 1502 1431 1589 Monemusque
1462 1499 1637 1567 salubriter
1659 1502 1916 1588 magnitudinem

217 1638 243 1677 so
262 1608 412 1674 culminis
434 1611 547 1692 vestri,
571 1622 608 1675 ut
629 1610 711 1675 hacc
733 1610 956 1697 perpendatis,
988 1610 1127 1697 qualiter
1149 1610 1375 1696 progenitores
1397 1609 1498 1674 vestri
1526 1619 1558 1673 et
1581 1607 1715 1674 ditando
1739 1618 1836 1696 atque
1860 1631 1916 1674 ex·

261 1714 392 1781 altando
422 1728 570 1782 sanctam
598 1717 664 1781 Dei
694 1716 868 1782 ecclesiam
898 1740 1035 1803 regnum
1063 1715 1125 1781 hoc
1155 1715 1252 1802 longe
1282 1714 1412 1802 lateque
1443 1714 1653 1781 dilataverint
1676 1714 1917 1804 gloriosumque

261 1843 300 1886 ac
324 1824 450 1887 cunctis
473 1824 508 1887 iu
532 1825 670 1889 circuitu
692 1822 879 1888 nationibus
906 1821 1050 1887 terribile
1082 1833 1190 1910 atque,
1221 1823 1365 1887 Domino
1396 1844 1431 1887 se
1462 1833 1664 1908 protegente,
1695 1822 1917 1910 insuperabile

261 1927 407 1994 fecerint.
455 1929 663 2018 Quapropter
685 1930 827 1995 fideliter
858 1942 891 1994 et
919 1929 1084 1994 humiliter
1108 1940 1250 1993 vestram
1280 1928 1440 1993 hortando
1470 1928 1706 2016 persuademus
1730 1940 1763 1994 et
1784 1952 1917 2017 persua·

262 2033 369 2100 dendo
392 2036 559 2101 hortamur
582 2060 603 2101 a
619 2037 694 2102 Deo
718 2036 923 2103 sublimatam
947 2046 1152 2124 potestatem,
1175 2048 1211 2100 ut
1236 2037 1291 2122 qui
1315 2035 1472 2100 ecclesias
1488 2034 1610 2101 Christi
1634 2035 1920 2103 dehonoraverunt

217 2167 243 2208 rs
262 2152 295 2207 et
316 2142 570 2209 humiliaverunt
591 2141 755 2231 rebusque
778 2145 919 2231 propriis
942 2143 1202 2231 expoliaverunt,
1226 2142 1412 2207 nullatenus
1435 2144 1626 2224 imitatores,
1650 2142 1708 2207 sed
1723 2144 1828 2229 magis
1844 2167 1918 2231 pro·

261 2248 445 2335 genitorum
468 2260 661 2332 vestrorum,
692 2252 748 2337 qui
778 2273 849 2315 eam
881 2251 1016 2316 ditatam
1048 2261 1146 2337 atque
1177 2249 1355 2314 exaltatam
1386 2261 1419 2314 et
1448 2249 1586 2314 diversis
1610 2248 1799 2315 muneribus
1824 2273 1917 2315 exor-

260 2366 370 2421 natam
395 2355 437 2420 ed
460 2379 520 2421 vos
544 2358 803 2439 transmiserunt,
828 2358 976 2422 existatis
1001 2369 1189 2438 sectatores,
1213 2368 1249 2421 ut
1272 2357 1342 2421 iure
1366 2355 1527 2422 cumillis
1551 2366 1681 2422 etcum
1705 2357 1823 2422 ceteris
1838 2356 1918 2422 fide·

260 2461 345 2527 libus
369 2463 443 2528 Deo
474 2464 601 2528 sincere
631 2486 670 2528 ac
702 2463 819 2528 devote
851 2487 911 2528 sua
940 2462 1151 2528 offerentibus
1175 2462 1297 2527 salvari
1327 2474 1359 2528 et
1389 2462 1527 2528 heredes
1550 2473 1729 2551 perpetuae
1752 2463 1918 2529 felicitatis

260 2570 451 2635 mereamini
475 2570 572 2635 effici.
619 2570 742 2636 Sancta
765 2580 798 2635 et
820 2570 991 2635 individua
1013 2571 1140 2635 trinitas
1169 2579 1213 2653 te,
1243 2570 1329 2635 boue
1360 2593 1430 2654 rex,
1461 2570 1504 2635 ad
1533 2570 1717 2657 profectum
1740 2581 1772 2635 et
1795 2570 1917 2636 exalta·

216 2702 243 2742 so
260 2677 382 2741 tionem
405 2686 502 2764 atque
527 2676 750 2743 defensionem
775 2689 907 2743 sanctae
931 2699 1010 2741 suae
1035 2675 1194 2741 ecclcsiae
1217 2700 1277 2765 per
1293 2678 1476 2743 inmensum
1499 2688 1671 2742 conservet
1686 2687 1719 2742 et
1733 2690 1807 2765 post
1821 2677 1917 2742 huius

260 2784 347 2847 vitae
371 2782 606 2849 lacrimabilem
630 2783 813 2849 convallem
836 2796 1023 2849 sanctorum
1046 2806 1160 2869 regum
1185 2795 1369 2849 consortem
1393 2782 1525 2848 efficiat.
1571 2783 1679 2848 Amen
1690 2789 1710 2848 ¹.

366 2984 484 3035 XXVII.
512 2985 528 3035 2
548 2979 676 3049 amorem]
695 2984 828 3036 honorem
847 2984 907 3036 132.
922 2988 947 3036 3.
968 2984 1006 3034 11.
1065 2984 1225 3035 redemtoris
1245 2988 1281 3038 M.
1337 2979 1586 3050 isuperstioneml
1607 2984 1822 3050 superandorum
1844 2985 1870 3036 0.
1884 2983 1916 3047 L,

260 3079 451 3138 superatorum
470 3069 545 3134 (corr.
563 3090 576 3123 c
594 3070 810 3138 superationem)
828 3072 888 3123 Br.
962 3067 1148 3138 bobtutibus]
1168 3073 1205 3124 ito
1225 3072 1252 3124 0.
1272 3072 1298 3123 Β
1311 3076 1335 3135 2,
1363 3074 1503 3139 optutibus
1522 3081 1576 3124 cett.
1656 3069 1790 3140 prolique]
1811 3073 1917 3141 prolixe

260 3160 379 3212 11111,
434 3157 621 3225 lamanasse}
642 3178 784 3213 emanasse
802 3160 835 3212 L.
890 3163 1035 3212 9constat
1051 3161 1120 3213 deest
1139 3163 1166 3213 θ’.
1186 3162 1248 3213 Br.
1268 3161 1301 3213 L.
1362 3165 1395 3213 10
1414 3160 1450 3225 et]
1471 3179 1488 3213 a
1507 3160 1544 3213 Μ.
1608 3166 1639 3213 11
1660 3161 1865 3229 glosiosnmque
1884 3164 1916 3214 L.

215 3263 242 3304 se
263 3252 295 3301 12
315 3246 357 3314 ac]
375 3268 392 3302 a
412 3252 439 3302 0.
459 3251 521 3301 131.
541 3250 624 3302 [ΑΙ.
679 3246 773 3317 atque]
792 3266 899 3316 quoque
915 3248 950 3301 df.
1008 3253 1039 3301 14
1060 3246 1100 3315 ut]
1121 3267 1214 3302 eorum
1231 3251 1293 3302 cdd.
1313 3250 1375 3303 132.
1389 3255 1414 3302 3.
1434 3248 1472 3302 M.
1528 3247 1777 3316 dehonoraverunt]
1799 3253 1916 3305 honora·

260 3347 360 3391 verunt
378 3339 415 3390 M.
490 3335 632 3405 ibatque]
652 3339 852 3391 erucas.
873 3337 909 3390 Μ.
984 3342 1016 3390 19
1035 3334 1196 3405 profectum]
1216 3341 1366 3406 perfectum
1385 3339 1418 3392 L.
1491 3343 1523 3392 21
1544 3342 1617 3392 vitae
1636 3341 1703 3392 deest
1720 3341 1784 3394 Be.
1803 3341 1841 3391 11.

370 3521 399 3592 1)
424 3520 563 3598 Episcopi
591 3541 648 3579 non
672 3522 794 3593 snutra
819 3521 990 3598 petiverunt.
1037 3521 1165 3579 Annales
1195 3520 1267 3578 enim
1291 3521 1458 3579 Bcrtiniani
1481 3530 1550 3599 post
1577 3521 1663 3580 verba
1692 3525 1915 3599 1111111111704

260 3628 379 3685 hadala
403 3628 443 3684 itu
461 3636 588 3704 purpurat
610 3629 645 3684 de
669 3627 811 3704 Pippino:
843 3628 899 3694 Qui
929 3637 1072 3686 tantorum
1094 3637 1209 3701 patrum
1232 3647 1365 3684 assensus
1389 3629 1505 3686 consilio
1529 3637 1632 3685 cuncta
1654 3630 1778 3686 restituit
1801 3650 1834 3687 ac
1857 3631 1914 3686 sin·

259 3736 332 3808 gulis
355 3736 502 3793 aecclesiis
526 3736 633 3792 eisdem
656 3737 887 3808 rescriptionibus
914 3737 999 3791 anulo
1022 3754 1073 3791 suo
1096 3736 1233 3791 roboratis
1256 3736 1369 3808 proprie
1394 3737 1566 3810 designavit.
1602 3736 1714 3794 Similia
1735 3738 1866 3814 lequntur
1888 3737 1918 3795 in

216 3866 243 3908 ao
259 3841 318 3899 vitu
333 3841 500 3899 Hludorcici
522 3861 546 3898 c.
562 3845 604 3901 56
627 3836 715 3917 (MG.
737 3842 790 3899 SS.
810 3838 959 3917 116421·
990 3841 1036 3898 Ob
1060 3861 1145 3915 quam
1168 3861 1228 3898 rem
1258 3843 1411 3915 imperialis
1435 3845 1588 3900 auctoritas
1619 3851 1650 3901 et
1679 3846 1917 3900 commonitorium

260 3950 413 4004 communis
443 3949 589 4004 ordinatur
618 3950 739 4016 concilii,
768 3950 869 4022 quibus
899 3956 1124 4006 commoneretur
1146 3950 1284 4022 Pippinus
1308 3957 1338 4006 et
1361 3950 1414 4018 sui,
1438 3969 1502 4006 cum
1525 3958 1632 4024 quanto
1655 3952 1697 4006 sui
1720 3952 1848 4024 periculo
1870 3971 1917 4008 res

260 4056 467 4112 ecclesiasticas
490 4058 670 4128 pervaserint
701 4049 748 4130 (dc
778 4056 829 4113 loc
858 4058 918 4115 loco
941 4057 983 4128 cs.
1008 4056 1129 4125 Simeon,
1153 4057 1171 4112 l.
1189 4057 1207 4112 l.
1233 4055 1353 4126 11,151
1377 4060 1492 4128 1111111,
1522 4056 1570 4113 ubi
1597 4057 1671 4115 s’r'tac
1699 4057 1823 4134 scriptor
1853 4079 1918 4116 con-

260 4162 350 4218 cilium
381 4162 453 4218 anui
475 4165 547 4223 836.
579 4183 639 4220 cum
664 4162 774 4239 placito
796 4162 984 4220 Altiaiaccnsi
1005 4161 1077 4220 unni
1099 4165 1171 4221 834.
1196 4162 1360 4234 confudisse
1383 4171 1522 4239 petatium
1550 4183 1577 4220 v.
1603 4171 1760 4239 praetura
1790 4165 1807 4220 l.
1832 4165 1849 4220 l.
1874 4163 1916 4234 11,

260 4271 320 4328 120
337 4289 399 4344 sqq.
429 4288 488 4325 cum
519 4268 757 4327 annotationibus.
805 4265 1013 4326 Mic‘lrlluclrer²
1042 4289 1069 4325 11.
1096 4263 1213 4345 9319).
1261 4267 1341 4333 Quae
1371 4288 1417 4326 res
1447 4288 1614 4343 prosperum
1643 4271 1769 4342 suscepit
1800 4272 1916 4327 exitum.

214 4399 242 4440 aa
259 4376 330 4431 Nam
353 4375 492 4448 Pippinus
522 4378 628 4432 monita
657 4378 696 4449 pii
726 4377 816 4449 patris
845 4384 1063 4447 sanctorumque
1085 4376 1207 4431 virorum
1231 4376 1356 4432 libenter
1378 4377 1535 4450 suscipiens
1557 4377 1746 4433 oboedienter
1767 4378 1864 4449 paruit
1887 4386 1918 4434 et

258 4483 353 4538 omnia
383 4484 481 4539 invasa
510 4484 622 4540 restitui
647 4484 732 4539 etiam
761 4503 815 4556 per
839 4484 914 4538 anuli
946 4484 988 4538 sui
1017 4484 1221 4555 inpressionem
1245 4484 1403 4552 constituit,
1435 4483 1467 4540 id
1491 4484 1568 4560 quod
1600 4502 1636 4540 ex
1666 4483 1771 4540 ducum
1800 4482 1920 4559 Pippiui

259 4587 454 4664 deplumatibus
474 4587 643 4647 Geurmctico
665 4589 835 4646 uronaeterio
859 4583 1054 4666 (‘Jurm>qce’)
1079 4588 1106 4646 d.
1129 4590 1157 4644 d.
1181 4592 1246 4648 83⁷
1268 4589 1361 4665 April.
1378 4593 1428 4650 23.
1456 4583 1600 4666 (Bouquct
1616 4583 1751 4666 V1,675)
1776 4598 1803 4647 cl
1823 4590 1918 4646 Ande·

259 4695 374 4753 ccueui
390 4695 564 4771 episcopatui
578 4691 736 4774 (‘An9crs’)
756 4697 784 4753 d.
801 4697 829 4752 d.
847 4699 911 4756 837
926 4695 997 4752 Dec.
1010 4699 1052 4755 25
1070 4690 1414 4772 (ChumpolliouFipeuc,
1435 4695 1616 4753 ‘Documenta
1634 4695 1800 4772 laetariqucs
1818 4696 1919 4753 inedia

259 4801 317 4871 III,
340 4797 416 4879 425)
441 4801 477 4858 ab
500 4802 561 4878 ipso
585 4803 709 4879 Pippiuo
732 4803 869 4860 concessis
890 4811 1030 4878 upparct;
1061 4802 1102 4874 cs.
1126 4801 1164 4859 Ii.
1189 4799 1294 4872 Giurd,
1319 4801 1521 4878 ‘Bibliotlrcquc
1544 4803 1579 4859 dc
1601 4802 1696 4859 lecolo
1718 4804 1767 4859 des
1791 4804 1916 4860 clurlcs'

214 4933 242 4971 so
261 4908 356 4965 LXII
373 4901 488 4985 (1901),
509 4930 540 4985 p.
560 4914 623 4969 522
646 4930 674 4965 11.
690 4913 741 4980 21,
764 4929 794 4985 p.
812 4913 875 4968 523
898 4913 992 4969 1126.
