<?xml version="1.0" encoding="UTF-8"?>
<!DOCTYPE html PUBLIC "-//W3C//DTD XHTML 1.0 Transitional//EN"
    "http://www.w3.org/TR/xhtml1/DTD/xhtml1-transitional.dtd">
<html xmlns="http://www.w3.org/1999/xhtml" xml:lang="en" lang="en">
 <head>
  <title>
</title>
<meta http-equiv="Content-Type" content="text/html;charset=utf-8" />
  <meta name='ocr-system' content='tesseract 3.04.00' />
  <meta name='ocr-capabilities' content='ocr_page ocr_carea ocr_par ocr_line ocrx_word'/>
</head>
<body>
  <div class='ocr_page' id='page_1' title='image "./monumentagerman02gescgoog/monumentagerman02gescgoog_0137.png"; bbox 0 0 4884 6717; ppageno 0'>
   <div class='ocr_carea' id='block_1_1' title="bbox 712 508 1899 578">
    <p class='ocr_par' dir='ltr' id='par_1_1' title="bbox 712 508 1899 578">
     <span class='ocr_line' id='line_1_1' title="bbox 712 508 1899 578; baseline 0.001 -8"><span class='ocrx_word' id='word_1_1' title='bbox 712 514 765 570; x_wconf 77' lang='lat'>44.</span> <span class='ocrx_word' id='word_1_2' title='bbox 801 513 1019 570; x_wconf 85' lang='lat' dir='ltr'>CONCILIUM</span> <span class='ocrx_word' id='word_1_3' title='bbox 1043 513 1270 570; x_wconf 79' lang='lat' dir='ltr'>PARlSIENSE</span> <span class='ocrx_word' id='word_1_4' title='bbox 1294 516 1331 569; x_wconf 82' lang='lat' dir='ltr'>A.</span> <span class='ocrx_word' id='word_1_5' title='bbox 1353 514 1427 578; x_wconf 78' lang='lat'>825.</span> <span class='ocrx_word' id='word_1_6' title='bbox 1834 508 1899 571; x_wconf 75' lang='grc'>549</span> 
     </span>
    </p>
   </div>
   <div class='ocr_carea' id='block_1_2' title="bbox 242 710 1900 887">
    <p class='ocr_par' dir='ltr' id='par_1_2' title="bbox 242 710 1900 887">
     <span class='ocr_line' id='line_1_2' title="bbox 242 710 1900 783; baseline 0.002 -20"><span class='ocrx_word' id='word_1_7' title='bbox 242 728 299 765; x_wconf 87' lang='lat' dir='ltr'>noa</span> <span class='ocrx_word' id='word_1_8' title='bbox 322 711 440 782; x_wconf 86' lang='lat' dir='ltr'>expedit</span> <span class='ocrx_word' id='word_1_9' title='bbox 463 711 503 778; x_wconf 89' lang='lat' dir='ltr'>id,</span> <span class='ocrx_word' id='word_1_10' title='bbox 534 711 609 782; x_wconf 90' lang='lat' dir='ltr'>quod</span> <span class='ocrx_word' id='word_1_11' title='bbox 640 710 748 765; x_wconf 88' lang='lat' dir='ltr'>licitum</span> <span class='ocrx_word' id='word_1_12' title='bbox 772 718 825 779; x_wconf 89' lang='lat' dir='ltr'>est,</span> <span class='ocrx_word' id='word_1_13' title='bbox 856 711 969 783; x_wconf 89' lang='lat' dir='ltr'>quaudo</span> <span class='ocrx_word' id='word_1_14' title='bbox 996 711 1170 782; x_wconf 84' lang='lat' dir='ltr'>permittitur</span> <span class='ocrx_word' id='word_1_15' title='bbox 1193 712 1319 782; x_wconf 88' lang='lat' dir='ltr'>quidem,</span> <span class='ocrx_word' id='word_1_16' title='bbox 1351 711 1403 767; x_wconf 87' lang='lat' dir='ltr'>sed</span> <span class='ocrx_word' id='word_1_17' title='bbox 1433 729 1501 766; x_wconf 89' lang='lat' dir='ltr'>usus</span> <span class='ocrx_word' id='word_1_18' title='bbox 1530 712 1618 783; x_wconf 84' lang='lat' dir='ltr'>ipsius</span> <span class='ocrx_word' id='word_1_19' title='bbox 1641 712 1792 782; x_wconf 87' lang='lat' dir='ltr'>potestatis</span> <span class='ocrx_word' id='word_1_20' title='bbox 1815 711 1900 767; x_wconf 83' lang='lat' dir='ltr'>affert</span> 
     </span>
     <span class='ocr_line' id='line_1_3' title="bbox 244 817 610 887; baseline 0.003 -16"><span class='ocrx_word' id='word_1_21' title='bbox 244 818 476 887; x_wconf 81' lang='lat' dir='ltr'>impedimentum</span> <span class='ocrx_word' id='word_1_22' title='bbox 499 817 610 872; x_wconf 85' lang='lat' dir='ltr'>salutis.</span> 
     </span>
    </p>
   </div>
   <div class='ocr_carea' id='block_1_3' title="bbox 208 931 1900 1445">
    <p class='ocr_par' dir='ltr' id='par_1_3' title="bbox 208 931 1900 1445">
     <span class='ocr_line' id='line_1_4' title="bbox 350 931 1899 1020; baseline 0.002 -25"><span class='ocrx_word' id='word_1_23' title='bbox 350 937 454 996; x_wconf 83' lang='lat' dir='ltr'>Haee¹</span> <span class='ocrx_word' id='word_1_24' title='bbox 477 942 542 997; x_wconf 86' lang='lat' dir='ltr'>ideo</span> <span class='ocrx_word' id='word_1_25' title='bbox 565 942 739 1009; x_wconf 82' lang='lat' dir='ltr'>inseruntur,</span> <span class='ocrx_word' id='word_1_26' title='bbox 763 942 857 1008; x_wconf 80' lang='lat' dir='ltr'>athi,</span> <span class='ocrx_word' id='word_1_27' title='bbox 882 943 930 1013; x_wconf 87' lang='lat' dir='ltr'>qui</span> <span class='ocrx_word' id='word_1_28' title='bbox 954 943 1090 1014; x_wconf 73' lang='lat' dir='ltr'>imagines</span> <span class='ocrx_word' id='word_1_29' title='bbox 1120 933 1229 997; x_wconf 86' lang='lat' dir='ltr'>facere</span> <span class='ocrx_word' id='word_1_30' title='bbox 1253 943 1286 996; x_wconf 88' lang='lat' dir='ltr'>et</span> <span class='ocrx_word' id='word_1_31' title='bbox 1308 931 1430 997; x_wconf 89' lang='lat' dir='ltr'>habere</span> <span class='ocrx_word' id='word_1_32' title='bbox 1454 932 1579 1017; x_wconf 86' lang='lat' dir='ltr'>volunt,</span> <span class='ocrx_word' id='word_1_33' title='bbox 1609 933 1762 1020; x_wconf 86' lang='lat' dir='ltr'>prudenti</span> <span class='ocrx_word' id='word_1_34' title='bbox 1794 935 1899 998; x_wconf 88' lang='lat' dir='ltr'>oonsi-</span> 
     </span>
     <span class='ocr_line' id='line_1_5' title="bbox 245 1037 1900 1126; baseline 0.001 -24"><span class='ocrx_word' id='word_1_35' title='bbox 245 1038 411 1103; x_wconf 90' lang='lat' dir='ltr'>deratione</span> <span class='ocrx_word' id='word_1_36' title='bbox 435 1048 583 1120; x_wconf 86' lang='lat' dir='ltr'>caveant,</span> <span class='ocrx_word' id='word_1_37' title='bbox 607 1061 648 1103; x_wconf 90' lang='lat' dir='ltr'>ne</span> <span class='ocrx_word' id='word_1_38' title='bbox 672 1038 759 1125; x_wconf 92' lang='lat' dir='ltr'>quod</span> <span class='ocrx_word' id='word_1_39' title='bbox 783 1037 825 1102; x_wconf 89' lang='lat' dir='ltr'>ab</span> <span class='ocrx_word' id='word_1_40' title='bbox 848 1040 929 1126; x_wconf 89' lang='lat' dir='ltr'>ipsis</span> <span class='ocrx_word' id='word_1_41' title='bbox 952 1038 1081 1103; x_wconf 88' lang='lat' dir='ltr'>decoris</span> <span class='ocrx_word' id='word_1_42' title='bbox 1105 1041 1290 1125; x_wconf 88' lang='lat' dir='ltr'>amorisque</span> <span class='ocrx_word' id='word_1_43' title='bbox 1314 1062 1415 1104; x_wconf 88' lang='lat' dir='ltr'>causa</span> <span class='ocrx_word' id='word_1_44' title='bbox 1437 1040 1474 1104; x_wconf 87' lang='lat' dir='ltr'>fit</span> <span class='ocrx_word' id='word_1_45' title='bbox 1488 1038 1721 1104; x_wconf 87' lang='lat' dir='ltr'>infirmioribus</span> <span class='ocrx_word' id='word_1_46' title='bbox 1736 1038 1900 1105; x_wconf 92' lang='lat' dir='ltr'>mentibus</span> 
     </span>
     <span class='ocr_line' id='line_1_6' title="bbox 208 1144 1899 1240; baseline -0.001 -29"><span class='ocrx_word' id='word_1_47' title='bbox 208 1146 279 1212; x_wconf 84' lang='lat' dir='ltr'>sin</span> <span class='ocrx_word' id='word_1_48' title='bbox 313 1144 503 1209; x_wconf 90' lang='lat' dir='ltr'>scandalum</span> <span class='ocrx_word' id='word_1_49' title='bbox 537 1147 720 1231; x_wconf 87' lang='lat' dir='ltr'>proveniat,</span> <span class='ocrx_word' id='word_1_50' title='bbox 755 1147 783 1209; x_wconf 91' lang='lat' dir='ltr'>si</span> <span class='ocrx_word' id='word_1_51' title='bbox 818 1145 860 1210; x_wconf 88' lang='lat' dir='ltr'>ad</span> <span class='ocrx_word' id='word_1_52' title='bbox 894 1145 974 1210; x_wconf 90' lang='lat' dir='ltr'>talia</span> <span class='ocrx_word' id='word_1_53' title='bbox 1007 1144 1176 1210; x_wconf 90' lang='lat' dir='ltr'>adoranda</span> <span class='ocrx_word' id='word_1_54' title='bbox 1209 1184 1254 1192; x_wconf 94' lang='lat'>—</span> <span class='ocrx_word' id='word_1_55' title='bbox 1289 1145 1380 1240; x_wconf 68' lang='lat' dir='ltr'>quod</span> <span class='ocrx_word' id='word_1_56' title='bbox 1410 1145 1570 1212; x_wconf 86' lang='lat' dir='ltr'>inlicitum</span> <span class='ocrx_word' id='word_1_57' title='bbox 1606 1157 1656 1210; x_wconf 90' lang='lat' dir='ltr'>est</span> <span class='ocrx_word' id='word_1_58' title='bbox 1684 1185 1728 1195; x_wconf 86' lang='lat'>—</span> <span class='ocrx_word' id='word_1_59' title='bbox 1759 1148 1899 1211; x_wconf 89' lang='lat' dir='ltr'>transire</span> 
     </span>
     <span class='ocr_line' id='line_1_7' title="bbox 245 1251 1898 1340; baseline 0.001 -24"><span class='ocrx_word' id='word_1_60' title='bbox 245 1253 421 1339; x_wconf 80' lang='lat' dir='ltr'>coeperint,</span> <span class='ocrx_word' id='word_1_61' title='bbox 446 1253 531 1316; x_wconf 89' lang='lat' dir='ltr'>sicut</span> <span class='ocrx_word' id='word_1_62' title='bbox 546 1251 635 1338; x_wconf 90' lang='lat' dir='ltr'>apud</span> <span class='ocrx_word' id='word_1_63' title='bbox 652 1251 854 1317; x_wconf 90' lang='lat' dir='ltr'>Orientalem</span> <span class='ocrx_word' id='word_1_64' title='bbox 871 1252 1053 1335; x_wconf 88' lang='lat' dir='ltr'>ecclesiam,</span> <span class='ocrx_word' id='word_1_65' title='bbox 1071 1251 1158 1339; x_wconf 93' lang='lat' dir='ltr'>quod</span> <span class='ocrx_word' id='word_1_66' title='bbox 1175 1274 1239 1316; x_wconf 91' lang='lat' dir='ltr'>non</span> <span class='ocrx_word' id='word_1_67' title='bbox 1256 1253 1326 1316; x_wconf 90' lang='lat' dir='ltr'>sine</span> <span class='ocrx_word' id='word_1_68' title='bbox 1342 1254 1536 1337; x_wconf 89' lang='lat' dir='ltr'>gravissimo</span> <span class='ocrx_word' id='word_1_69' title='bbox 1552 1274 1678 1317; x_wconf 91' lang='lat' dir='ltr'>merore</span> <span class='ocrx_word' id='word_1_70' title='bbox 1695 1255 1898 1340; x_wconf 83' lang='lat' dir='ltr'>exequimur,</span> 
     </span>
     <span class='ocr_line' id='line_1_8' title="bbox 245 1359 670 1445; baseline 0.002 -23"><span class='ocrx_word' id='word_1_71' title='bbox 245 1359 462 1445; x_wconf 83' lang='lat' dir='ltr'>comperimus</span> <span class='ocrx_word' id='word_1_72' title='bbox 485 1360 670 1445; x_wconf 80' lang='lat' dir='ltr'>contigisse.</span> 
     </span>
    </p>
   </div>
   <div class='ocr_carea' id='block_1_4' title="bbox 199 1483 2068 3812">
    <p class='ocr_par' dir='ltr' id='par_1_4' title="bbox 199 1483 2068 3812">
     <span class='ocr_line' id='line_1_9' title="bbox 350 1483 1900 1570; baseline 0.001 -23"><span class='ocrx_word' id='word_1_73' title='bbox 350 1483 506 1568; x_wconf 80' lang='lat' dir='ltr'>Legimus</span> <span class='ocrx_word' id='word_1_74' title='bbox 529 1495 700 1570; x_wconf 89' lang='lat' dir='ltr'>praeterea</span> <span class='ocrx_word' id='word_1_75' title='bbox 722 1485 756 1548; x_wconf 93' lang='lat' dir='ltr'>in</span> <span class='ocrx_word' id='word_1_76' title='bbox 781 1506 879 1570; x_wconf 88' lang='lat' dir='ltr'>supra</span> <span class='ocrx_word' id='word_1_77' title='bbox 902 1495 1080 1548; x_wconf 85' lang='lat' dir='ltr'>memorata</span> <span class='ocrx_word' id='word_1_78' title='bbox 1103 1483 1241 1569; x_wconf 90' lang='lat' dir='ltr'>epistola</span> <span class='ocrx_word' id='word_1_79' title='bbox 1257 1483 1450 1548; x_wconf 83' lang='lat' dir='ltr'>lliohahelis</span> <span class='ocrx_word' id='word_1_80' title='bbox 1466 1485 1695 1570; x_wconf 79' lang='lat' dir='ltr'>imperatoris²</span> <span class='ocrx_word' id='word_1_81' title='bbox 1717 1496 1750 1548; x_wconf 90' lang='lat' dir='ltr'>et</span> <span class='ocrx_word' id='word_1_82' title='bbox 1764 1484 1900 1549; x_wconf 85' lang='lat' dir='ltr'>Antonii</span> 
     </span>
     <span class='ocr_line' id='line_1_10' title="bbox 245 1589 1899 1679; baseline 0.001 -25"><span class='ocrx_word' id='word_1_83' title='bbox 245 1590 449 1677; x_wconf 87' lang='lat' dir='ltr'>patriarchae</span> <span class='ocrx_word' id='word_1_84' title='bbox 459 1594 481 1672; x_wconf 78' lang='lat'>³,</span> <span class='ocrx_word' id='word_1_85' title='bbox 506 1590 594 1677; x_wconf 90' lang='lat' dir='ltr'>quod</span> <span class='ocrx_word' id='word_1_86' title='bbox 617 1589 751 1677; x_wconf 90' lang='lat' dir='ltr'>quidam</span> <span class='ocrx_word' id='word_1_87' title='bbox 774 1592 946 1655; x_wconf 88' lang='lat' dir='ltr'>temerario</span> <span class='ocrx_word' id='word_1_88' title='bbox 971 1614 1053 1655; x_wconf 90' lang='lat' dir='ltr'>ausu</span> <span class='ocrx_word' id='word_1_89' title='bbox 1076 1589 1164 1676; x_wconf 89' lang='lat' dir='ltr'>apud</span> <span class='ocrx_word' id='word_1_90' title='bbox 1180 1613 1236 1654; x_wconf 89' lang='lat' dir='ltr'>eos</span> <span class='ocrx_word' id='word_1_91' title='bbox 1252 1590 1447 1655; x_wconf 84' lang='lat' dir='ltr'>honorificas</span> <span class='ocrx_word' id='word_1_92' title='bbox 1464 1613 1579 1655; x_wconf 89' lang='lat' dir='ltr'>cruces</span> <span class='ocrx_word' id='word_1_93' title='bbox 1595 1590 1636 1655; x_wconf 91' lang='lat' dir='ltr'>de</span> <span class='ocrx_word' id='word_1_94' title='bbox 1653 1592 1754 1656; x_wconf 88' lang='lat' dir='ltr'>sacris</span> <span class='ocrx_word' id='word_1_95' title='bbox 1770 1591 1899 1679; x_wconf 91' lang='lat' dir='ltr'>templis</span> 
     </span>
     <span class='ocr_line' id='line_1_11' title="bbox 201 1695 1899 1785; baseline 0.001 -23"><span class='ocrx_word' id='word_1_96' title='bbox 201 1725 226 1762; x_wconf 82' lang='lat' dir='ltr'>ro</span> <span class='ocrx_word' id='word_1_97' title='bbox 245 1695 446 1782; x_wconf 82' lang='lat' dir='ltr'>expulissent</span> <span class='ocrx_word' id='word_1_98' title='bbox 476 1708 509 1760; x_wconf 90' lang='lat' dir='ltr'>et</span> <span class='ocrx_word' id='word_1_99' title='bbox 537 1699 571 1761; x_wconf 91' lang='lat' dir='ltr'>in</span> <span class='ocrx_word' id='word_1_100' title='bbox 602 1720 714 1762; x_wconf 88' lang='lat' dir='ltr'>earum</span> <span class='ocrx_word' id='word_1_101' title='bbox 744 1697 823 1761; x_wconf 87' lang='lat' dir='ltr'>locis</span> <span class='ocrx_word' id='word_1_102' title='bbox 853 1698 1013 1782; x_wconf 82' lang='lat' dir='ltr'>imagines</span> <span class='ocrx_word' id='word_1_103' title='bbox 1044 1697 1243 1778; x_wconf 78' lang='lat' dir='ltr'>statuissent,</span> <span class='ocrx_word' id='word_1_104' title='bbox 1273 1698 1407 1761; x_wconf 89' lang='lat' dir='ltr'>minime</span> <span class='ocrx_word' id='word_1_105' title='bbox 1438 1696 1656 1781; x_wconf 83' lang='lat' dir='ltr'>advertentes,</span> <span class='ocrx_word' id='word_1_106' title='bbox 1692 1697 1780 1785; x_wconf 90' lang='lat' dir='ltr'>quod</span> <span class='ocrx_word' id='word_1_107' title='bbox 1811 1698 1899 1763; x_wconf 88' lang='lat' dir='ltr'>nullo</span> 
     </span>
     <span class='ocr_line' id='line_1_12' title="bbox 244 1802 1899 1891; baseline 0.001 -24"><span class='ocrx_word' id='word_1_108' title='bbox 244 1814 340 1889; x_wconf 88' lang='lat' dir='ltr'>pacto</span> <span class='ocrx_word' id='word_1_109' title='bbox 363 1803 515 1890; x_wconf 89' lang='lat' dir='ltr'>nullaque</span> <span class='ocrx_word' id='word_1_110' title='bbox 539 1805 665 1868; x_wconf 88' lang='lat' dir='ltr'>ratione</span> <span class='ocrx_word' id='word_1_111' title='bbox 689 1803 855 1890; x_wconf 89' lang='lat' dir='ltr'>quaelibet</span> <span class='ocrx_word' id='word_1_112' title='bbox 877 1804 1037 1889; x_wconf 83' lang='lat' dir='ltr'>imagines</span> <span class='ocrx_word' id='word_1_113' title='bbox 1061 1804 1150 1868; x_wconf 87' lang='lat' dir='ltr'>cruci</span> <span class='ocrx_word' id='word_1_114' title='bbox 1175 1802 1297 1867; x_wconf 85' lang='lat' dir='ltr'>Christi</span> <span class='ocrx_word' id='word_1_115' title='bbox 1321 1804 1385 1867; x_wconf 89' lang='lat' dir='ltr'>sint</span> <span class='ocrx_word' id='word_1_116' title='bbox 1408 1803 1684 1891; x_wconf 84' lang='lat' dir='ltr'>aequiparandae,</span> <span class='ocrx_word' id='word_1_117' title='bbox 1707 1806 1899 1891; x_wconf 88' lang='lat' dir='ltr'>praesertim</span> 
     </span>
     <span class='ocr_line' id='line_1_13' title="bbox 244 1909 1900 1998; baseline 0.002 -25"><span class='ocrx_word' id='word_1_118' title='bbox 244 1931 318 1974; x_wconf 90' lang='lat' dir='ltr'>cum</span> <span class='ocrx_word' id='word_1_119' title='bbox 341 1932 401 1995; x_wconf 85' lang='lat' dir='ltr'>per</span> <span class='ocrx_word' id='word_1_120' title='bbox 424 1932 554 1975; x_wconf 91' lang='lat' dir='ltr'>crucem</span> <span class='ocrx_word' id='word_1_121' title='bbox 578 1933 681 1997; x_wconf 89' lang='lat' dir='ltr'>genus</span> <span class='ocrx_word' id='word_1_122' title='bbox 704 1909 909 1997; x_wconf 88' lang='lat' dir='ltr'>redemptum</span> <span class='ocrx_word' id='word_1_123' title='bbox 933 1912 974 1974; x_wconf 91' lang='lat' dir='ltr'>sit</span> <span class='ocrx_word' id='word_1_124' title='bbox 996 1910 1172 1975; x_wconf 88' lang='lat' dir='ltr'>humanum</span> <span class='ocrx_word' id='word_1_125' title='bbox 1196 1921 1229 1974; x_wconf 90' lang='lat' dir='ltr'>et</span> <span class='ocrx_word' id='word_1_126' title='bbox 1253 1909 1400 1975; x_wconf 87' lang='lat' dir='ltr'>Christus</span> <span class='ocrx_word' id='word_1_127' title='bbox 1424 1912 1458 1975; x_wconf 91' lang='lat' dir='ltr'>in</span> <span class='ocrx_word' id='word_1_128' title='bbox 1482 1933 1579 1976; x_wconf 87' lang='lat' dir='ltr'>cruce</span> <span class='ocrx_word' id='word_1_129' title='bbox 1603 1911 1807 1998; x_wconf 88' lang='lat' dir='ltr'>pependerit,</span> <span class='ocrx_word' id='word_1_130' title='bbox 1833 1934 1900 1976; x_wconf 91' lang='lat' dir='ltr'>non</span> 
     </span>
     <span class='ocr_line' id='line_1_14' title="bbox 244 2016 1900 2105; baseline 0.002 -25"><span class='ocrx_word' id='word_1_131' title='bbox 244 2017 414 2102; x_wconf 83' lang='lat' dir='ltr'>imagines.</span> <span class='ocrx_word' id='word_1_132' title='bbox 460 2017 525 2081; x_wconf 91' lang='lat' dir='ltr'>Per</span> <span class='ocrx_word' id='word_1_133' title='bbox 548 2040 677 2082; x_wconf 87' lang='lat' dir='ltr'>crucem</span> <span class='ocrx_word' id='word_1_134' title='bbox 702 2019 788 2082; x_wconf 89' lang='lat' dir='ltr'>enim</span> <span class='ocrx_word' id='word_1_135' title='bbox 813 2016 944 2100; x_wconf 89' lang='lat' dir='ltr'>Christi,</span> <span class='ocrx_word' id='word_1_136' title='bbox 968 2040 1034 2081; x_wconf 90' lang='lat' dir='ltr'>non</span> <span class='ocrx_word' id='word_1_137' title='bbox 1057 2040 1116 2103; x_wconf 90' lang='lat' dir='ltr'>per</span> <span class='ocrx_word' id='word_1_138' title='bbox 1139 2017 1282 2103; x_wconf 89' lang='lat' dir='ltr'>aliquam</span> <span class='ocrx_word' id='word_1_139' title='bbox 1306 2018 1482 2103; x_wconf 86' lang='lat' dir='ltr'>imaginem</span> <span class='ocrx_word' id='word_1_140' title='bbox 1506 2017 1722 2105; x_wconf 89' lang='lat' dir='ltr'>pacificantur</span> <span class='ocrx_word' id='word_1_141' title='bbox 1745 2018 1900 2083; x_wconf 89' lang='lat' dir='ltr'>caelestia</span> 
     </span>
     <span class='ocr_line' id='line_1_15' title="bbox 245 2122 2068 2213; baseline 0.005 -26"><span class='ocrx_word' id='word_1_142' title='bbox 245 2146 318 2187; x_wconf 90' lang='lat' dir='ltr'>cum</span> <span class='ocrx_word' id='word_1_143' title='bbox 342 2122 549 2188; x_wconf 88' lang='lat' dir='ltr'>terrestribus</span> <span class='ocrx_word' id='word_1_144' title='bbox 574 2135 607 2189; x_wconf 90' lang='lat' dir='ltr'>et</span> <span class='ocrx_word' id='word_1_145' title='bbox 628 2125 797 2189; x_wconf 88' lang='lat' dir='ltr'>terrestria</span> <span class='ocrx_word' id='word_1_146' title='bbox 820 2147 894 2188; x_wconf 90' lang='lat' dir='ltr'>cum</span> <span class='ocrx_word' id='word_1_147' title='bbox 919 2124 1125 2205; x_wconf 90' lang='lat' dir='ltr'>caelestibus,</span> <span class='ocrx_word' id='word_1_148' title='bbox 1149 2125 1314 2210; x_wconf 88' lang='lat' dir='ltr'>quoniam,</span> <span class='ocrx_word' id='word_1_149' title='bbox 1346 2126 1431 2188; x_wconf 91' lang='lat' dir='ltr'>sicut</span> <span class='ocrx_word' id='word_1_150' title='bbox 1460 2124 1625 2210; x_wconf 90' lang='lat' dir='ltr'>apostolus</span> <span class='ocrx_word' id='word_1_151' title='bbox 1649 2124 1739 2208; x_wconf 89' lang='lat' dir='ltr'>dicit,</span> <span class='ocrx_word' id='word_1_152' title='bbox 1771 2129 1806 2191; x_wconf 82' lang='lat' dir='ltr'>in</span> <span class='ocrx_word' id='word_1_153' title='bbox 1829 2129 1899 2213; x_wconf 73' lang='lat' dir='ltr'>apso</span> <span class='ocrx_word' id='word_1_154' title='bbox 1918 2151 2068 2204; x_wconf 67' lang='lat' dir='ltr'>corana.</span> 
     </span>
     <span class='ocr_line' id='line_1_16' title="bbox 200 2232 1901 2319; baseline 0.002 -24"><span class='ocrx_word' id='word_1_155' title='bbox 200 2255 226 2295; x_wconf 84' lang='lat' dir='ltr'>re</span> <span class='ocrx_word' id='word_1_156' title='bbox 244 2232 434 2317; x_wconf 79' lang='lat' dir='ltr'>complacuit</span> <span class='ocrx_word' id='word_1_157' title='bbox 455 2255 574 2296; x_wconf 83' lang='lat' dir='ltr'>omnem</span> <span class='ocrx_word' id='word_1_158' title='bbox 591 2232 825 2318; x_wconf 74' lang='lat' dir='ltr'>plenitudinem</span> <span class='ocrx_word' id='word_1_159' title='bbox 849 2232 1029 2297; x_wconf 77' lang='lat' dir='ltr'>dir-irritatis</span> <span class='ocrx_word' id='word_1_160' title='bbox 1052 2233 1262 2318; x_wconf 80' lang='lat' dir='ltr'>corporaliter</span> <span class='ocrx_word' id='word_1_161' title='bbox 1285 2233 1463 2297; x_wconf 80' lang='lat' dir='ltr'>inhabitare</span> <span class='ocrx_word' id='word_1_162' title='bbox 1486 2247 1515 2297; x_wconf 89' lang='lat' dir='ltr'>et</span> <span class='ocrx_word' id='word_1_163' title='bbox 1532 2257 1594 2319; x_wconf 83' lang='lat' dir='ltr'>per</span> <span class='ocrx_word' id='word_1_164' title='bbox 1609 2257 1678 2298; x_wconf 82' lang='lat' dir='ltr'>eum</span> <span class='ocrx_word' id='word_1_165' title='bbox 1693 2234 1901 2298; x_wconf 78' lang='lat' dir='ltr'>reconciliare</span> 
     </span>
     <span class='ocr_line' id='line_1_17' title="bbox 245 2339 1901 2427; baseline 0.003 -27"><span class='ocrx_word' id='word_1_166' title='bbox 245 2339 351 2401; x_wconf 76' lang='lat' dir='ltr'>attinio</span> <span class='ocrx_word' id='word_1_167' title='bbox 376 2340 409 2402; x_wconf 83' lang='lat' dir='ltr'>ia</span> <span class='ocrx_word' id='word_1_168' title='bbox 432 2341 547 2424; x_wconf 70' lang='lat' dir='ltr'>ipsum,</span> <span class='ocrx_word' id='word_1_169' title='bbox 565 2342 746 2427; x_wconf 80' lang='lat' dir='ltr'>pocc‘flcans</span> <span class='ocrx_word' id='word_1_170' title='bbox 764 2364 826 2427; x_wconf 82' lang='lat' dir='ltr'>per</span> <span class='ocrx_word' id='word_1_171' title='bbox 848 2342 1033 2426; x_wconf 67' lang='lat' dir='ltr'>sanquinem</span> <span class='ocrx_word' id='word_1_172' title='bbox 1057 2342 1161 2403; x_wconf 73' lang='lat' dir='ltr'>crescis</span> <span class='ocrx_word' id='word_1_173' title='bbox 1183 2342 1252 2403; x_wconf 83' lang='lat' dir='ltr'>eius</span> <span class='ocrx_word' id='word_1_174' title='bbox 1274 2341 1338 2404; x_wconf 86' lang='lat' dir='ltr'>sive</span> <span class='ocrx_word' id='word_1_175' title='bbox 1361 2363 1441 2425; x_wconf 82' lang='lat' dir='ltr'>quoe</span> <span class='ocrx_word' id='word_1_176' title='bbox 1465 2341 1500 2403; x_wconf 82' lang='lat' dir='ltr'>in</span> <span class='ocrx_word' id='word_1_177' title='bbox 1523 2342 1617 2405; x_wconf 68' lang='lat' dir='ltr'>terrra</span> <span class='ocrx_word' id='word_1_178' title='bbox 1638 2354 1712 2404; x_wconf 77' lang='lat' dir='ltr'>strat</span> <span class='ocrx_word' id='word_1_179' title='bbox 1732 2342 1799 2404; x_wconf 81' lang='lat' dir='ltr'>sice</span> <span class='ocrx_word' id='word_1_180' title='bbox 1820 2364 1901 2426; x_wconf 84' lang='lat' dir='ltr'>quae</span> 
     </span>
     <span class='ocr_line' id='line_1_18' title="bbox 247 2444 1898 2531; baseline 0.001 -23"><span class='ocrx_word' id='word_1_181' title='bbox 247 2446 278 2508; x_wconf 84' lang='lat' dir='ltr'>in</span> <span class='ocrx_word' id='word_1_182' title='bbox 302 2445 409 2509; x_wconf 71' lang='lat' dir='ltr'>cocles.</span> <span class='ocrx_word' id='word_1_183' title='bbox 457 2444 541 2509; x_wconf 85' lang='lat' dir='ltr'>Nam</span> <span class='ocrx_word' id='word_1_184' title='bbox 565 2455 597 2510; x_wconf 90' lang='lat' dir='ltr'>et</span> <span class='ocrx_word' id='word_1_185' title='bbox 620 2444 707 2509; x_wconf 87' lang='lat' dir='ltr'>idern</span> <span class='ocrx_word' id='word_1_186' title='bbox 731 2445 896 2531; x_wconf 88' lang='lat' dir='ltr'>apostolus</span> <span class='ocrx_word' id='word_1_187' title='bbox 927 2446 960 2509; x_wconf 92' lang='lat' dir='ltr'>in</span> <span class='ocrx_word' id='word_1_188' title='bbox 986 2467 1084 2510; x_wconf 86' lang='lat' dir='ltr'>cruce</span> <span class='ocrx_word' id='word_1_189' title='bbox 1108 2454 1243 2526; x_wconf 89' lang='lat' dir='ltr'>tantum,</span> <span class='ocrx_word' id='word_1_190' title='bbox 1273 2467 1338 2508; x_wconf 88' lang='lat' dir='ltr'>non</span> <span class='ocrx_word' id='word_1_191' title='bbox 1362 2445 1395 2508; x_wconf 95' lang='lat' dir='ltr'>in</span> <span class='ocrx_word' id='word_1_192' title='bbox 1419 2445 1562 2530; x_wconf 86' lang='lat' dir='ltr'>imagine</span> <span class='ocrx_word' id='word_1_193' title='bbox 1586 2445 1752 2531; x_wconf 86' lang='lat' dir='ltr'>gloriatur,</span> <span class='ocrx_word' id='word_1_194' title='bbox 1783 2447 1829 2511; x_wconf 85' lang='lat' dir='ltr'>ita</span> <span class='ocrx_word' id='word_1_195' title='bbox 1851 2447 1898 2509; x_wconf 91' lang='lat' dir='ltr'>in-</span> 
     </span>
     <span class='ocr_line' id='line_1_19' title="bbox 245 2551 2065 2640; baseline 0.003 -26"><span class='ocrx_word' id='word_1_196' title='bbox 245 2551 375 2636; x_wconf 88' lang='lat' dir='ltr'>quiens:</span> <span class='ocrx_word' id='word_1_197' title='bbox 407 2551 498 2617; x_wconf 75' lang='lat' dir='ltr'>ltili</span> <span class='ocrx_word' id='word_1_198' title='bbox 524 2567 625 2617; x_wconf 66' lang='lat' dir='ltr'>orcum</span> <span class='ocrx_word' id='word_1_199' title='bbox 656 2554 740 2617; x_wconf 80' lang='lat' dir='ltr'>obsit</span> <span class='ocrx_word' id='word_1_200' title='bbox 758 2553 902 2638; x_wconf 69' lang='lat' dir='ltr'>gloriari</span> <span class='ocrx_word' id='word_1_201' title='bbox 929 2555 997 2617; x_wconf 80' lang='lat' dir='ltr'>ariri</span> <span class='ocrx_word' id='word_1_202' title='bbox 1023 2555 1056 2617; x_wconf 83' lang='lat' dir='ltr'>iu</span> <span class='ocrx_word' id='word_1_203' title='bbox 1088 2577 1178 2616; x_wconf 83' lang='lat' dir='ltr'>cruce</span> <span class='ocrx_word' id='word_1_204' title='bbox 1207 2552 1333 2617; x_wconf 82' lang='lat' dir='ltr'>domini</span> <span class='ocrx_word' id='word_1_205' title='bbox 1357 2554 1423 2617; x_wconf 81' lang='lat' dir='ltr'>mci</span> <span class='ocrx_word' id='word_1_206' title='bbox 1442 2551 1541 2617; x_wconf 81' lang='lat' dir='ltr'>[heau</span> <span class='ocrx_word' id='word_1_207' title='bbox 1568 2552 1699 2634; x_wconf 80' lang='lat' dir='ltr'>Christi,</span> <span class='ocrx_word' id='word_1_208' title='bbox 1722 2578 1787 2640; x_wconf 86' lang='lat' dir='ltr'>per</span> <span class='ocrx_word' id='word_1_209' title='bbox 1809 2579 2065 2640; x_wconf 68' lang='lat' dir='ltr'>quemcumqu.</span> 
     </span>
     <span class='ocr_line' id='line_1_20' title="bbox 246 2651 1899 2746; baseline 0.002 -25"><span class='ocrx_word' id='word_1_210' title='bbox 246 2658 327 2722; x_wconf 82' lang='lat' dir='ltr'>mili</span> <span class='ocrx_word' id='word_1_211' title='bbox 347 2659 483 2722; x_wconf 68' lang='lat' dir='ltr'>maenalus</span> <span class='ocrx_word' id='word_1_212' title='bbox 506 2662 678 2746; x_wconf 68' lang='lat' dir='ltr'>mraecifizrus</span> <span class='ocrx_word' id='word_1_213' title='bbox 701 2674 745 2724; x_wconf 82' lang='lat' dir='ltr'>est</span> <span class='ocrx_word' id='word_1_214' title='bbox 767 2651 795 2724; x_wconf 78' lang='lat' dir='ltr'>ct</span> <span class='ocrx_word' id='word_1_215' title='bbox 818 2683 872 2746; x_wconf 70' lang='lat' dir='ltr'>eqo</span> <span class='ocrx_word' id='word_1_216' title='bbox 896 2659 1021 2724; x_wconf 74' lang='lat' dir='ltr'>inundo.</span> <span class='ocrx_word' id='word_1_217' title='bbox 1061 2658 1187 2723; x_wconf 83' lang='lat' dir='ltr'>Eadem</span> <span class='ocrx_word' id='word_1_218' title='bbox 1212 2659 1333 2744; x_wconf 89' lang='lat' dir='ltr'>quippe</span> <span class='ocrx_word' id='word_1_219' title='bbox 1358 2680 1440 2722; x_wconf 83' lang='lat' dir='ltr'>crux</span> <span class='ocrx_word' id='word_1_220' title='bbox 1464 2657 1586 2722; x_wconf 83' lang='lat' dir='ltr'>Christi</span> <span class='ocrx_word' id='word_1_221' title='bbox 1610 2660 1643 2722; x_wconf 92' lang='lat' dir='ltr'>in</span> <span class='ocrx_word' id='word_1_222' title='bbox 1667 2671 1778 2724; x_wconf 89' lang='lat' dir='ltr'>vetere</span> <span class='ocrx_word' id='word_1_223' title='bbox 1802 2670 1899 2724; x_wconf 89' lang='lat' dir='ltr'>testa·</span> 
     </span>
     <span class='ocr_line' id='line_1_21' title="bbox 199 2763 1899 2851; baseline 0 -21"><span class='ocrx_word' id='word_1_224' title='bbox 199 2790 227 2830; x_wconf 83' lang='lat' dir='ltr'>so</span> <span class='ocrx_word' id='word_1_225' title='bbox 245 2775 352 2827; x_wconf 91' lang='lat' dir='ltr'>mento</span> <span class='ocrx_word' id='word_1_226' title='bbox 376 2763 570 2828; x_wconf 88' lang='lat' dir='ltr'>multifariae</span> <span class='ocrx_word' id='word_1_227' title='bbox 594 2764 767 2851; x_wconf 89' lang='lat' dir='ltr'>multisque</span> <span class='ocrx_word' id='word_1_228' title='bbox 791 2765 896 2829; x_wconf 90' lang='lat' dir='ltr'>modis</span> <span class='ocrx_word' id='word_1_229' title='bbox 919 2766 1061 2850; x_wconf 89' lang='lat' dir='ltr'>figurata</span> <span class='ocrx_word' id='word_1_230' title='bbox 1083 2774 1142 2846; x_wconf 84' lang='lat' dir='ltr'>est,</span> <span class='ocrx_word' id='word_1_231' title='bbox 1167 2765 1326 2850; x_wconf 84' lang='lat' dir='ltr'>imagines</span> <span class='ocrx_word' id='word_1_232' title='bbox 1350 2786 1428 2829; x_wconf 90' lang='lat' dir='ltr'>vero</span> <span class='ocrx_word' id='word_1_233' title='bbox 1452 2775 1489 2829; x_wconf 90' lang='lat' dir='ltr'>ut</span> <span class='ocrx_word' id='word_1_234' title='bbox 1507 2764 1653 2830; x_wconf 88' lang='lat' dir='ltr'>revelata</span> <span class='ocrx_word' id='word_1_235' title='bbox 1668 2767 1805 2830; x_wconf 89' lang='lat' dir='ltr'>veritate</span> <span class='ocrx_word' id='word_1_236' title='bbox 1821 2767 1899 2830; x_wconf 89' lang='lat' dir='ltr'>novi</span> 
     </span>
     <span class='ocr_line' id='line_1_22' title="bbox 244 2869 1901 2959; baseline 0.002 -26"><span class='ocrx_word' id='word_1_237' title='bbox 244 2871 428 2935; x_wconf 88' lang='lat' dir='ltr'>testamenti</span> <span class='ocrx_word' id='word_1_238' title='bbox 459 2870 530 2935; x_wconf 90' lang='lat' dir='ltr'>fieri</span> <span class='ocrx_word' id='word_1_239' title='bbox 560 2881 593 2935; x_wconf 90' lang='lat' dir='ltr'>et</span> <span class='ocrx_word' id='word_1_240' title='bbox 623 2872 713 2935; x_wconf 85' lang='lat' dir='ltr'>cruci</span> <span class='ocrx_word' id='word_1_241' title='bbox 744 2870 866 2936; x_wconf 84' lang='lat' dir='ltr'>Christi</span> <span class='ocrx_word' id='word_1_242' title='bbox 898 2872 1115 2958; x_wconf 87' lang='lat' dir='ltr'>aequiperari,</span> <span class='ocrx_word' id='word_1_243' title='bbox 1150 2872 1249 2936; x_wconf 90' lang='lat' dir='ltr'>immo</span> <span class='ocrx_word' id='word_1_244' title='bbox 1280 2870 1438 2957; x_wconf 89' lang='lat' dir='ltr'>praeferri</span> <span class='ocrx_word' id='word_1_245' title='bbox 1469 2869 1637 2954; x_wconf 88' lang='lat' dir='ltr'>deberent,</span> <span class='ocrx_word' id='word_1_246' title='bbox 1672 2895 1833 2959; x_wconf 89' lang='lat' dir='ltr'>nusquam</span> <span class='ocrx_word' id='word_1_247' title='bbox 1868 2885 1901 2938; x_wconf 92' lang='lat' dir='ltr'>et</span> 
     </span>
     <span class='ocr_line' id='line_1_23' title="bbox 244 2977 1899 3065; baseline 0.003 -26"><span class='ocrx_word' id='word_1_248' title='bbox 244 2998 421 3063; x_wconf 83' lang='lat' dir='ltr'>numquam</span> <span class='ocrx_word' id='word_1_249' title='bbox 451 2978 669 3063; x_wconf 88' lang='lat' dir='ltr'>significatum</span> <span class='ocrx_word' id='word_1_250' title='bbox 700 3000 771 3042; x_wconf 91' lang='lat' dir='ltr'>esse</span> <span class='ocrx_word' id='word_1_251' title='bbox 803 2978 929 3064; x_wconf 87' lang='lat' dir='ltr'>legitur.</span> <span class='ocrx_word' id='word_1_252' title='bbox 978 2979 1117 3043; x_wconf 89' lang='lat' dir='ltr'>Omissis</span> <span class='ocrx_word' id='word_1_253' title='bbox 1147 2979 1258 3065; x_wconf 91' lang='lat' dir='ltr'>itaque</span> <span class='ocrx_word' id='word_1_254' title='bbox 1288 2979 1409 3064; x_wconf 85' lang='lat' dir='ltr'>typicis</span> <span class='ocrx_word' id='word_1_255' title='bbox 1432 2977 1556 3064; x_wconf 89' lang='lat' dir='ltr'>figuris,</span> <span class='ocrx_word' id='word_1_256' title='bbox 1587 3000 1672 3065; x_wconf 86' lang='lat' dir='ltr'>quae</span> <span class='ocrx_word' id='word_1_257' title='bbox 1702 2980 1735 3043; x_wconf 91' lang='lat' dir='ltr'>in</span> <span class='ocrx_word' id='word_1_258' title='bbox 1759 2980 1899 3045; x_wconf 86' lang='lat' dir='ltr'>veritate</span> 
     </span>
     <span class='ocr_line' id='line_1_24' title="bbox 245 3083 1898 3172; baseline 0.003 -26"><span class='ocrx_word' id='word_1_259' title='bbox 245 3083 424 3169; x_wconf 83' lang='lat' dir='ltr'>completae</span> <span class='ocrx_word' id='word_1_260' title='bbox 449 3096 533 3166; x_wconf 89' lang='lat' dir='ltr'>sunt,</span> <span class='ocrx_word' id='word_1_261' title='bbox 564 3083 636 3149; x_wconf 86' lang='lat' dir='ltr'>luae</span> <span class='ocrx_word' id='word_1_262' title='bbox 661 3083 780 3149; x_wconf 89' lang='lat' dir='ltr'>clarius</span> <span class='ocrx_word' id='word_1_263' title='bbox 805 3094 942 3166; x_wconf 89' lang='lat' dir='ltr'>constat,</span> <span class='ocrx_word' id='word_1_264' title='bbox 973 3084 1062 3172; x_wconf 90' lang='lat' dir='ltr'>quod</span> <span class='ocrx_word' id='word_1_265' title='bbox 1091 3107 1150 3148; x_wconf 90' lang='lat' dir='ltr'>nos</span> <span class='ocrx_word' id='word_1_266' title='bbox 1173 3083 1334 3172; x_wconf 89' lang='lat' dir='ltr'>nobisque</span> <span class='ocrx_word' id='word_1_267' title='bbox 1357 3086 1512 3150; x_wconf 91' lang='lat' dir='ltr'>universa</span> <span class='ocrx_word' id='word_1_268' title='bbox 1535 3107 1595 3171; x_wconf 90' lang='lat' dir='ltr'>per</span> <span class='ocrx_word' id='word_1_269' title='bbox 1616 3084 1741 3171; x_wconf 90' lang='lat' dir='ltr'>lignum</span> <span class='ocrx_word' id='word_1_270' title='bbox 1764 3097 1898 3152; x_wconf 90' lang='lat' dir='ltr'>sanctae</span> 
     </span>
     <span class='ocr_line' id='line_1_25' title="bbox 245 3190 1899 3280; baseline 0.002 -26"><span class='ocrx_word' id='word_1_271' title='bbox 245 3190 350 3254; x_wconf 89' lang='lat' dir='ltr'>crucis</span> <span class='ocrx_word' id='word_1_272' title='bbox 374 3190 609 3276; x_wconf 87' lang='lat' dir='ltr'>significantur,</span> <span class='ocrx_word' id='word_1_273' title='bbox 633 3213 698 3255; x_wconf 92' lang='lat' dir='ltr'>non</span> <span class='ocrx_word' id='word_1_274' title='bbox 721 3214 782 3278; x_wconf 92' lang='lat' dir='ltr'>per</span> <span class='ocrx_word' id='word_1_275' title='bbox 803 3193 974 3278; x_wconf 84' lang='lat' dir='ltr'>imagines.</span> <span class='ocrx_word' id='word_1_276' title='bbox 1021 3190 1111 3255; x_wconf 90' lang='lat' dir='ltr'>Illius</span> <span class='ocrx_word' id='word_1_277' title='bbox 1142 3192 1240 3255; x_wconf 79' lang='lat' dir='ltr'>arinis</span> <span class='ocrx_word' id='word_1_278' title='bbox 1270 3194 1386 3256; x_wconf 90' lang='lat' dir='ltr'>muniti</span> <span class='ocrx_word' id='word_1_279' title='bbox 1415 3191 1576 3278; x_wconf 87' lang='lat' dir='ltr'>malignos</span> <span class='ocrx_word' id='word_1_280' title='bbox 1606 3193 1738 3280; x_wconf 87' lang='lat' dir='ltr'>spiritus</span> <span class='ocrx_word' id='word_1_281' title='bbox 1763 3216 1782 3257; x_wconf 89' lang='lat' dir='ltr'>a</span> <span class='ocrx_word' id='word_1_282' title='bbox 1804 3192 1899 3258; x_wconf 88' lang='lat' dir='ltr'>nobis</span> 
     </span>
     <span class='ocr_line' id='line_1_26' title="bbox 199 3295 1899 3388; baseline 0.002 -26"><span class='ocrx_word' id='word_1_283' title='bbox 199 3322 226 3362; x_wconf 79' lang='lat' dir='ltr'>rs</span> <span class='ocrx_word' id='word_1_284' title='bbox 244 3295 453 3384; x_wconf 89' lang='lat' dir='ltr'>propellimus</span> <span class='ocrx_word' id='word_1_285' title='bbox 477 3308 510 3361; x_wconf 89' lang='lat' dir='ltr'>ct</span> <span class='ocrx_word' id='word_1_286' title='bbox 533 3309 718 3363; x_wconf 88' lang='lat' dir='ltr'>sanctorum</span> <span class='ocrx_word' id='word_1_287' title='bbox 742 3297 933 3384; x_wconf 86' lang='lat' dir='ltr'>angelorum</span> <span class='ocrx_word' id='word_1_288' title='bbox 956 3300 1143 3385; x_wconf 90' lang='lat' dir='ltr'>praesentia</span> <span class='ocrx_word' id='word_1_289' title='bbox 1166 3297 1261 3363; x_wconf 91' lang='lat' dir='ltr'>nobis</span> <span class='ocrx_word' id='word_1_290' title='bbox 1285 3298 1508 3383; x_wconf 86' lang='lat' dir='ltr'>conciliamus,</span> <span class='ocrx_word' id='word_1_291' title='bbox 1533 3299 1591 3364; x_wconf 87' lang='lat' dir='ltr'>sed</span> <span class='ocrx_word' id='word_1_292' title='bbox 1614 3309 1647 3364; x_wconf 92' lang='lat' dir='ltr'>et</span> <span class='ocrx_word' id='word_1_293' title='bbox 1668 3323 1729 3388; x_wconf 91' lang='lat' dir='ltr'>per</span> <span class='ocrx_word' id='word_1_294' title='bbox 1751 3299 1899 3365; x_wconf 86' lang='lat' dir='ltr'>eiusdem</span> 
     </span>
     <span class='ocr_line' id='line_1_27' title="bbox 245 3403 1900 3491; baseline 0.003 -25"><span class='ocrx_word' id='word_1_295' title='bbox 245 3415 376 3468; x_wconf 88' lang='lat' dir='ltr'>sanotae</span> <span class='ocrx_word' id='word_1_296' title='bbox 401 3405 507 3468; x_wconf 88' lang='lat' dir='ltr'>crucis</span> <span class='ocrx_word' id='word_1_297' title='bbox 531 3405 659 3491; x_wconf 88' lang='lat' dir='ltr'>signum</span> <span class='ocrx_word' id='word_1_298' title='bbox 682 3403 821 3490; x_wconf 88' lang='lat' dir='ltr'>legimus</span> <span class='ocrx_word' id='word_1_299' title='bbox 843 3405 1032 3470; x_wconf 88' lang='lat' dir='ltr'>innumeros</span> <span class='ocrx_word' id='word_1_300' title='bbox 1055 3417 1185 3469; x_wconf 88' lang='lat' dir='ltr'>sanctos</span> <span class='ocrx_word' id='word_1_301' title='bbox 1201 3406 1290 3470; x_wconf 87' lang='lat' dir='ltr'>viros</span> <span class='ocrx_word' id='word_1_302' title='bbox 1307 3416 1339 3469; x_wconf 89' lang='lat' dir='ltr'>et</span> <span class='ocrx_word' id='word_1_303' title='bbox 1354 3415 1497 3470; x_wconf 89' lang='lat' dir='ltr'>mortuos</span> <span class='ocrx_word' id='word_1_304' title='bbox 1514 3407 1698 3489; x_wconf 84' lang='lat' dir='ltr'>suscitasse,</span> <span class='ocrx_word' id='word_1_305' title='bbox 1722 3407 1900 3472; x_wconf 91' lang='lat' dir='ltr'>daemones</span> 
     </span>
     <span class='ocr_line' id='line_1_28' title="bbox 244 3508 1898 3598; baseline 0.003 -24"><span class='ocrx_word' id='word_1_306' title='bbox 244 3508 286 3575; x_wconf 88' lang='lat' dir='ltr'>ab</span> <span class='ocrx_word' id='word_1_307' title='bbox 310 3508 452 3575; x_wconf 90' lang='lat' dir='ltr'>obsessis</span> <span class='ocrx_word' id='word_1_308' title='bbox 476 3509 668 3597; x_wconf 87' lang='lat' dir='ltr'>corporibus</span> <span class='ocrx_word' id='word_1_309' title='bbox 699 3512 871 3598; x_wconf 84' lang='lat' dir='ltr'>effugasse,</span> <span class='ocrx_word' id='word_1_310' title='bbox 903 3533 1020 3576; x_wconf 87' lang='lat' dir='ltr'>caecos</span> <span class='ocrx_word' id='word_1_311' title='bbox 1049 3510 1249 3576; x_wconf 88' lang='lat' dir='ltr'>illuminasse</span> <span class='ocrx_word' id='word_1_312' title='bbox 1274 3523 1307 3576; x_wconf 91' lang='lat' dir='ltr'>et</span> <span class='ocrx_word' id='word_1_313' title='bbox 1330 3511 1431 3576; x_wconf 86' lang='lat' dir='ltr'>multa</span> <span class='ocrx_word' id='word_1_314' title='bbox 1453 3512 1504 3576; x_wconf 91' lang='lat' dir='ltr'>his</span> <span class='ocrx_word' id='word_1_315' title='bbox 1528 3511 1648 3577; x_wconf 90' lang='lat' dir='ltr'>similia</span> <span class='ocrx_word' id='word_1_316' title='bbox 1670 3513 1798 3578; x_wconf 83' lang='lat' dir='ltr'>fecisse.</span> <span class='ocrx_word' id='word_1_317' title='bbox 1845 3512 1898 3578; x_wconf 89' lang='lat' dir='ltr'>De</span> 
     </span>
     <span class='ocr_line' id='line_1_29' title="bbox 245 3616 1898 3705; baseline 0.002 -24"><span class='ocrx_word' id='word_1_318' title='bbox 245 3618 336 3682; x_wconf 89' lang='lat' dir='ltr'>cuius</span> <span class='ocrx_word' id='word_1_319' title='bbox 359 3618 478 3682; x_wconf 89' lang='lat' dir='ltr'>virtute</span> <span class='ocrx_word' id='word_1_320' title='bbox 503 3617 666 3699; x_wconf 75' lang='lat' dir='ltr'>eilande,</span> <span class='ocrx_word' id='word_1_321' title='bbox 697 3640 771 3682; x_wconf 92' lang='lat' dir='ltr'>cum</span> <span class='ocrx_word' id='word_1_322' title='bbox 793 3619 921 3683; x_wconf 88' lang='lat' dir='ltr'>infinita</span> <span class='ocrx_word' id='word_1_323' title='bbox 951 3616 1046 3682; x_wconf 90' lang='lat' dir='ltr'>nobis</span> <span class='ocrx_word' id='word_1_324' title='bbox 1069 3619 1209 3682; x_wconf 89' lang='lat' dir='ltr'>maiores</span> <span class='ocrx_word' id='word_1_325' title='bbox 1234 3620 1336 3683; x_wconf 89' lang='lat' dir='ltr'>nostri</span> <span class='ocrx_word' id='word_1_326' title='bbox 1360 3618 1483 3704; x_wconf 90' lang='lat' dir='ltr'>scripta</span> <span class='ocrx_word' id='word_1_327' title='bbox 1512 3617 1714 3705; x_wconf 90' lang='lat' dir='ltr'>reliquerint,</span> <span class='ocrx_word' id='word_1_328' title='bbox 1745 3617 1898 3685; x_wconf 79' lang='lat' dir='ltr'>brevitati</span> 
     </span>
     <span class='ocr_line' id='line_1_30' title="bbox 244 3723 1458 3812; baseline -0.001 -22"><span class='ocrx_word' id='word_1_329' title='bbox 244 3723 412 3790; x_wconf 84' lang='lat' dir='ltr'>studentes</span> <span class='ocrx_word' id='word_1_330' title='bbox 434 3747 614 3810; x_wconf 90' lang='lat' dir='ltr'>paucorum</span> <span class='ocrx_word' id='word_1_331' title='bbox 636 3747 759 3812; x_wconf 88' lang='lat' dir='ltr'>paucas</span> <span class='ocrx_word' id='word_1_332' title='bbox 783 3724 836 3790; x_wconf 91' lang='lat' dir='ltr'>hic</span> <span class='ocrx_word' id='word_1_333' title='bbox 860 3727 1038 3790; x_wconf 87' lang='lat' dir='ltr'>sententias</span> <span class='ocrx_word' id='word_1_334' title='bbox 1063 3725 1238 3791; x_wconf 89' lang='lat' dir='ltr'>adnectere</span> <span class='ocrx_word' id='word_1_335' title='bbox 1262 3726 1458 3790; x_wconf 89' lang='lat' dir='ltr'>curavimus.</span> 
     </span>
    </p>
   </div>
   <div class='ocr_carea' id='block_1_5' title="bbox 199 3846 1898 4681">
    <p class='ocr_par' dir='ltr' id='par_1_5' title="bbox 200 3846 1898 4356">
     <span class='ocr_line' id='line_1_31' title="bbox 200 3846 1898 3935; baseline 0.001 -19"><span class='ocrx_word' id='word_1_336' title='bbox 200 3876 226 3916; x_wconf 86' lang='lat' dir='ltr'>ro</span> <span class='ocrx_word' id='word_1_337' title='bbox 352 3846 475 3914; x_wconf 87' lang='lat' dir='ltr'>Scribit</span> <span class='ocrx_word' id='word_1_338' title='bbox 497 3849 607 3935; x_wconf 91' lang='lat' dir='ltr'>itaque</span> <span class='ocrx_word' id='word_1_339' title='bbox 631 3848 795 3913; x_wconf 91' lang='lat' dir='ltr'>Iohannes</span> <span class='ocrx_word' id='word_1_340' title='bbox 819 3848 1058 3914; x_wconf 89' lang='lat' dir='ltr'>Chrisostomus</span> <span class='ocrx_word' id='word_1_341' title='bbox 1088 3852 1121 3914; x_wconf 91' lang='lat' dir='ltr'>in</span> <span class='ocrx_word' id='word_1_342' title='bbox 1152 3850 1270 3915; x_wconf 90' lang='lat' dir='ltr'>omelia</span> <span class='ocrx_word' id='word_1_343' title='bbox 1300 3849 1341 3916; x_wconf 89' lang='lat' dir='ltr'>de</span> <span class='ocrx_word' id='word_1_344' title='bbox 1372 3872 1468 3915; x_wconf 88' lang='lat' dir='ltr'>cruce</span> <span class='ocrx_word' id='word_1_345' title='bbox 1498 3860 1531 3915; x_wconf 90' lang='lat' dir='ltr'>et</span> <span class='ocrx_word' id='word_1_346' title='bbox 1558 3849 1699 3915; x_wconf 86' lang='lat' dir='ltr'>latrone:</span> <span class='ocrx_word' id='word_1_347' title='bbox 1730 3855 1898 3918; x_wconf 82' lang='lat' dir='ltr'>Hodierna⁴</span> 
     </span>
     <span class='ocr_line' id='line_1_32' title="bbox 244 3965 1896 4037; baseline 0.003 -18"><span class='ocrx_word' id='word_1_348' title='bbox 244 3965 291 4021; x_wconf 89' lang='lat' dir='ltr'>die</span> <span class='ocrx_word' id='word_1_349' title='bbox 314 3972 412 4020; x_wconf 89' lang='lat' dir='ltr'>noster</span> <span class='ocrx_word' id='word_1_350' title='bbox 434 3965 572 4021; x_wconf 87' lang='lat' dir='ltr'>Dominus</span> <span class='ocrx_word' id='word_1_351' title='bbox 594 3966 735 4037; x_wconf 90' lang='lat' dir='ltr'>pependit</span> <span class='ocrx_word' id='word_1_352' title='bbox 758 3966 786 4019; x_wconf 92' lang='lat' dir='ltr'>iu</span> <span class='ocrx_word' id='word_1_353' title='bbox 810 3984 904 4034; x_wconf 87' lang='lat' dir='ltr'>cruce,</span> <span class='ocrx_word' id='word_1_354' title='bbox 937 3973 967 4020; x_wconf 87' lang='lat' dir='ltr'>et</span> <span class='ocrx_word' id='word_1_355' title='bbox 991 3984 1041 4021; x_wconf 90' lang='lat' dir='ltr'>nos</span> <span class='ocrx_word' id='word_1_356' title='bbox 1066 3965 1254 4022; x_wconf 87' lang='lat' dir='ltr'>festivitatem</span> <span class='ocrx_word' id='word_1_357' title='bbox 1285 3967 1386 4023; x_wconf 78' lang='lat' dir='ltr'>eximia</span> <span class='ocrx_word' id='word_1_358' title='bbox 1407 3966 1520 4022; x_wconf 87' lang='lat' dir='ltr'>laetitia</span> <span class='ocrx_word' id='word_1_359' title='bbox 1543 3965 1748 4035; x_wconf 86' lang='lat' dir='ltr'>caelebramus,</span> <span class='ocrx_word' id='word_1_360' title='bbox 1779 3976 1811 4023; x_wconf 92' lang='lat' dir='ltr'>ut</span> <span class='ocrx_word' id='word_1_361' title='bbox 1839 3970 1896 4024; x_wconf 87' lang='lat' dir='ltr'>dis·</span> 
     </span>
     <span class='ocr_line' id='line_1_33' title="bbox 244 4071 1898 4144; baseline 0.002 -16"><span class='ocrx_word' id='word_1_362' title='bbox 244 4089 337 4128; x_wconf 84' lang='lat' dir='ltr'>camus</span> <span class='ocrx_word' id='word_1_363' title='bbox 367 4090 478 4128; x_wconf 88' lang='lat' dir='ltr'>crucem</span> <span class='ocrx_word' id='word_1_364' title='bbox 509 4073 595 4128; x_wconf 89' lang='lat' dir='ltr'>totius</span> <span class='ocrx_word' id='word_1_365' title='bbox 624 4071 779 4144; x_wconf 89' lang='lat' dir='ltr'>spiritualis</span> <span class='ocrx_word' id='word_1_366' title='bbox 809 4071 1007 4144; x_wconf 86' lang='lat' dir='ltr'>gratulationis</span> <span class='ocrx_word' id='word_1_367' title='bbox 1038 4091 1102 4128; x_wconf 90' lang='lat' dir='ltr'>esse</span> <span class='ocrx_word' id='word_1_368' title='bbox 1133 4073 1330 4129; x_wconf 85' lang='lat' dir='ltr'>substantiam.</span> <span class='ocrx_word' id='word_1_369' title='bbox 1376 4074 1491 4130; x_wconf 86' lang='lat' dir='ltr'>Etenim</span> <span class='ocrx_word' id='word_1_370' title='bbox 1521 4081 1588 4128; x_wconf 88' lang='lat' dir='ltr'>aute</span> <span class='ocrx_word' id='word_1_371' title='bbox 1617 4074 1707 4144; x_wconf 89' lang='lat' dir='ltr'>ipsum</span> <span class='ocrx_word' id='word_1_372' title='bbox 1731 4075 1898 4131; x_wconf 88' lang='lat' dir='ltr'>vocabulum</span> 
     </span>
     <span class='ocr_line' id='line_1_34' title="bbox 244 4177 1897 4252; baseline 0.002 -19"><span class='ocrx_word' id='word_1_373' title='bbox 244 4178 333 4234; x_wconf 86' lang='lat' dir='ltr'>crucis</span> <span class='ocrx_word' id='word_1_374' title='bbox 355 4178 537 4250; x_wconf 66' lang='lat' dir='ltr'>praemisit,</span> <span class='ocrx_word' id='word_1_375' title='bbox 568 4180 619 4234; x_wconf 85' lang='lat' dir='ltr'>sed</span> <span class='ocrx_word' id='word_1_376' title='bbox 651 4197 725 4234; x_wconf 93' lang='lat' dir='ltr'>nunc</span> <span class='ocrx_word' id='word_1_377' title='bbox 756 4180 792 4233; x_wconf 90' lang='lat' dir='ltr'>ad</span> <span class='ocrx_word' id='word_1_378' title='bbox 822 4177 938 4250; x_wconf 83' lang='lat' dir='ltr'>gloriam</span> <span class='ocrx_word' id='word_1_379' title='bbox 962 4187 1158 4252; x_wconf 58' lang='lat' dir='ltr'>nuncupatum</span> <span class='ocrx_word' id='word_1_380' title='bbox 1191 4187 1278 4236; x_wconf 89' lang='lat' dir='ltr'>antea</span> <span class='ocrx_word' id='word_1_381' title='bbox 1307 4179 1569 4251; x_wconf 87' lang='lat' dir='ltr'>condempnationis</span> <span class='ocrx_word' id='word_1_382' title='bbox 1599 4179 1712 4235; x_wconf 82' lang='lat' dir='ltr'>ferebat</span> <span class='ocrx_word' id='word_1_383' title='bbox 1743 4181 1897 4251; x_wconf 90' lang='lat' dir='ltr'>horrorem,</span> 
     </span>
     <span class='ocr_line' id='line_1_35' title="bbox 243 4283 1897 4356; baseline 0.004 -17"><span class='ocrx_word' id='word_1_384' title='bbox 243 4302 317 4339; x_wconf 89' lang='lat' dir='ltr'>nnuc</span> <span class='ocrx_word' id='word_1_385' title='bbox 341 4284 440 4340; x_wconf 85' lang='lat' dir='ltr'>salutis</span> <span class='ocrx_word' id='word_1_386' title='bbox 464 4285 596 4341; x_wconf 89' lang='lat' dir='ltr'>indicium</span> <span class='ocrx_word' id='word_1_387' title='bbox 620 4294 675 4342; x_wconf 88' lang='lat' dir='ltr'>est.</span> <span class='ocrx_word' id='word_1_388' title='bbox 723 4283 798 4340; x_wconf 84' lang='lat' dir='ltr'>Crux</span> <span class='ocrx_word' id='word_1_389' title='bbox 822 4286 896 4341; x_wconf 87' lang='lat' dir='ltr'>euim</span> <span class='ocrx_word' id='word_1_390' title='bbox 920 4285 1000 4340; x_wconf 85' lang='lat' dir='ltr'>nobis</span> <span class='ocrx_word' id='word_1_391' title='bbox 1023 4286 1111 4341; x_wconf 86' lang='lat' dir='ltr'>totius</span> <span class='ocrx_word' id='word_1_392' title='bbox 1134 4286 1322 4342; x_wconf 87' lang='lat' dir='ltr'>beatitudinis</span> <span class='ocrx_word' id='word_1_393' title='bbox 1345 4304 1430 4342; x_wconf 86' lang='lat' dir='ltr'>causa</span> <span class='ocrx_word' id='word_1_394' title='bbox 1457 4295 1518 4356; x_wconf 70' lang='lat' dir='ltr'>est,</span> <span class='ocrx_word' id='word_1_395' title='bbox 1548 4288 1619 4343; x_wconf 86' lang='lat' dir='ltr'>haec</span> <span class='ocrx_word' id='word_1_396' title='bbox 1643 4307 1693 4344; x_wconf 84' lang='lat' dir='ltr'>noa</span> <span class='ocrx_word' id='word_1_397' title='bbox 1716 4291 1897 4346; x_wconf 85' lang='lat' dir='ltr'>acaecitate</span> 
     </span>
    </p>

    <p class='ocr_par' dir='ltr' id='par_1_6' title="bbox 199 4391 1897 4681">
     <span class='ocr_line' id='line_1_36' title="bbox 199 4391 1897 4465; baseline 0.001 -15"><span class='ocrx_word' id='word_1_398' title='bbox 199 4408 225 4450; x_wconf 79' lang='lat' dir='ltr'>tt</span> <span class='ocrx_word' id='word_1_399' title='bbox 244 4391 375 4447; x_wconf 84' lang='lat' dir='ltr'>liberarit</span> <span class='ocrx_word' id='word_1_400' title='bbox 399 4392 510 4459; x_wconf 87' lang='lat' dir='ltr'>erroris,</span> <span class='ocrx_word' id='word_1_401' title='bbox 534 4392 605 4448; x_wconf 87' lang='lat' dir='ltr'>hacc</span> <span class='ocrx_word' id='word_1_402' title='bbox 629 4400 659 4447; x_wconf 90' lang='lat' dir='ltr'>ct</span> <span class='ocrx_word' id='word_1_403' title='bbox 684 4411 719 4448; x_wconf 85' lang='lat' dir='ltr'>ex</span> <span class='ocrx_word' id='word_1_404' title='bbox 743 4392 870 4448; x_wconf 89' lang='lat' dir='ltr'>tenebris</span> <span class='ocrx_word' id='word_1_405' title='bbox 894 4393 1020 4447; x_wconf 90' lang='lat' dir='ltr'>reddidit</span> <span class='ocrx_word' id='word_1_406' title='bbox 1042 4392 1109 4459; x_wconf 90' lang='lat' dir='ltr'>luci,</span> <span class='ocrx_word' id='word_1_407' title='bbox 1133 4393 1204 4449; x_wconf 89' lang='lat' dir='ltr'>haec</span> <span class='ocrx_word' id='word_1_408' title='bbox 1229 4393 1369 4450; x_wconf 83' lang='lat' dir='ltr'>ebellatos</span> <span class='ocrx_word' id='word_1_409' title='bbox 1394 4395 1484 4465; x_wconf 88' lang='lat' dir='ltr'>quieti</span> <span class='ocrx_word' id='word_1_410' title='bbox 1508 4395 1635 4465; x_wconf 87' lang='lat' dir='ltr'>sociarit,</span> <span class='ocrx_word' id='word_1_411' title='bbox 1663 4397 1734 4452; x_wconf 90' lang='lat' dir='ltr'>haec</span> <span class='ocrx_word' id='word_1_412' title='bbox 1758 4396 1897 4453; x_wconf 84' lang='lat' dir='ltr'>alienatos</span> 
     </span>
     <span class='ocr_line' id='line_1_37' title="bbox 244 4498 1897 4588; baseline 0.005 -36"><span class='ocrx_word' id='word_1_413' title='bbox 244 4498 308 4553; x_wconf 90' lang='lat' dir='ltr'>Deo</span> <span class='ocrx_word' id='word_1_414' title='bbox 331 4498 485 4565; x_wconf 82' lang='lat' dir='ltr'>coniunxit,</span> <span class='ocrx_word' id='word_1_415' title='bbox 515 4498 600 4570; x_wconf 88' lang='lat' dir='ltr'>longe</span> <span class='ocrx_word' id='word_1_416' title='bbox 624 4499 793 4554; x_wconf 88' lang='lat' dir='ltr'>constitutos</span> <span class='ocrx_word' id='word_1_417' title='bbox 815 4499 955 4570; x_wconf 86' lang='lat' dir='ltr'>proximos</span> <span class='ocrx_word' id='word_1_418' title='bbox 977 4501 1184 4570; x_wconf 86' lang='lat' dir='ltr'>praesentavit,</span> <span class='ocrx_word' id='word_1_419' title='bbox 1215 4500 1287 4557; x_wconf 88' lang='lat' dir='ltr'>haec</span> <span class='ocrx_word' id='word_1_420' title='bbox 1317 4502 1535 4573; x_wconf 85' lang='lat' dir='ltr'>peregrinantes</span> <span class='ocrx_word' id='word_1_421' title='bbox 1559 4503 1635 4559; x_wconf 88' lang='lat' dir='ltr'>cives</span> <span class='ocrx_word' id='word_1_422' title='bbox 1658 4503 1897 4588; x_wconf 47' lang='lat' dir='ltr'>ostendit,‚haec</span> 
     </span>
     <span class='ocr_line' id='line_1_38' title="bbox 243 4604 1773 4681; baseline 0.005 -23"><span class='ocrx_word' id='word_1_423' title='bbox 243 4605 400 4660; x_wconf 87' lang='lat' dir='ltr'>discordiae</span> <span class='ocrx_word' id='word_1_424' title='bbox 424 4606 580 4676; x_wconf 85' lang='lat' dir='ltr'>amputatio</span> <span class='ocrx_word' id='word_1_425' title='bbox 605 4612 660 4673; x_wconf 87' lang='lat' dir='ltr'>est,</span> <span class='ocrx_word' id='word_1_426' title='bbox 682 4606 754 4661; x_wconf 88' lang='lat' dir='ltr'>hacc</span> <span class='ocrx_word' id='word_1_427' title='bbox 777 4606 856 4678; x_wconf 89' lang='lat' dir='ltr'>pacis</span> <span class='ocrx_word' id='word_1_428' title='bbox 878 4604 1094 4672; x_wconf 81' lang='lat' dir='ltr'>firmamentum,</span> <span class='ocrx_word' id='word_1_429' title='bbox 1117 4606 1188 4661; x_wconf 87' lang='lat' dir='ltr'>haec</span> <span class='ocrx_word' id='word_1_430' title='bbox 1212 4607 1348 4661; x_wconf 90' lang='lat' dir='ltr'>bonorum</span> <span class='ocrx_word' id='word_1_431' title='bbox 1371 4609 1493 4663; x_wconf 90' lang='lat' dir='ltr'>omnium</span> <span class='ocrx_word' id='word_1_432' title='bbox 1515 4609 1631 4664; x_wconf 82' lang='lat' dir='ltr'>abunda</span> <span class='ocrx_word' id='word_1_433' title='bbox 1651 4609 1773 4681; x_wconf 85' lang='lat' dir='ltr'>largitio.</span> 
     </span>
    </p>
   </div>
   <div class='ocr_carea' id='block_1_6' title="bbox 243 4719 1897 4914">
    <p class='ocr_par' dir='ltr' id='par_1_7' title="bbox 243 4719 1897 4914">
     <span class='ocr_line' id='line_1_39' title="bbox 350 4719 1897 4808; baseline 0.003 -24"><span class='ocrx_word' id='word_1_434' title='bbox 350 4719 394 4784; x_wconf 84' lang='lat' dir='ltr'>Et</span> <span class='ocrx_word' id='word_1_435' title='bbox 416 4730 490 4806; x_wconf 85' lang='lat' dir='ltr'>post</span> <span class='ocrx_word' id='word_1_436' title='bbox 512 4743 634 4808; x_wconf 84' lang='lat' dir='ltr'>pauca:</span> <span class='ocrx_word' id='word_1_437' title='bbox 658 4725 753 4785; x_wconf 84' lang='lat' dir='ltr'>Volo⁵</span> <span class='ocrx_word' id='word_1_438' title='bbox 776 4738 806 4786; x_wconf 94' lang='lat' dir='ltr'>et</span> <span class='ocrx_word' id='word_1_439' title='bbox 830 4730 886 4786; x_wconf 85' lang='lat' dir='ltr'>alia</span> <span class='ocrx_word' id='word_1_440' title='bbox 908 4731 1018 4786; x_wconf 88' lang='lat' dir='ltr'>ratione</span> <span class='ocrx_word' id='word_1_441' title='bbox 1042 4735 1190 4804; x_wconf 80' lang='lat' dir='ltr'>agnoscas,</span> <span class='ocrx_word' id='word_1_442' title='bbox 1213 4749 1326 4788; x_wconf 89' lang='lat' dir='ltr'>crucem</span> <span class='ocrx_word' id='word_1_443' title='bbox 1350 4731 1437 4788; x_wconf 84' lang='lat' dir='ltr'>solam</span> <span class='ocrx_word' id='word_1_444' title='bbox 1460 4750 1516 4788; x_wconf 90' lang='lat' dir='ltr'>non</span> <span class='ocrx_word' id='word_1_445' title='bbox 1539 4733 1656 4805; x_wconf 89' lang='lat' dir='ltr'>reliquit</span> <span class='ocrx_word' id='word_1_446' title='bbox 1679 4735 1707 4788; x_wconf 93' lang='lat' dir='ltr'>in</span> <span class='ocrx_word' id='word_1_447' title='bbox 1729 4742 1816 4804; x_wconf 86' lang='lat' dir='ltr'>terra,</span> <span class='ocrx_word' id='word_1_448' title='bbox 1845 4736 1897 4790; x_wconf 86' lang='lat' dir='ltr'>sed</span> 
     </span>
     <span class='ocr_line' id='line_1_40' title="bbox 243 4836 1897 4914; baseline 0.004 -23"><span class='ocrx_word' id='word_1_449' title='bbox 243 4854 338 4892; x_wconf 85' lang='lat' dir='ltr'>secum</span> <span class='ocrx_word' id='word_1_450' title='bbox 365 4855 427 4892; x_wconf 85' lang='lat' dir='ltr'>eam</span> <span class='ocrx_word' id='word_1_451' title='bbox 450 4836 556 4893; x_wconf 80' lang='lat' dir='ltr'>levavit</span> <span class='ocrx_word' id='word_1_452' title='bbox 586 4837 622 4892; x_wconf 86' lang='lat' dir='ltr'>ad</span> <span class='ocrx_word' id='word_1_453' title='bbox 653 4837 773 4893; x_wconf 88' lang='lat' dir='ltr'>caelum.</span> <span class='ocrx_word' id='word_1_454' title='bbox 821 4836 890 4904; x_wconf 86' lang='lat' dir='ltr'>Sed,</span> <span class='ocrx_word' id='word_1_455' title='bbox 920 4838 972 4904; x_wconf 90' lang='lat' dir='ltr'>ais,</span> <span class='ocrx_word' id='word_1_456' title='bbox 1003 4837 1056 4893; x_wconf 90' lang='lat' dir='ltr'>hoc</span> <span class='ocrx_word' id='word_1_457' title='bbox 1080 4840 1155 4893; x_wconf 91' lang='lat' dir='ltr'>unde</span> <span class='ocrx_word' id='word_1_458' title='bbox 1179 4839 1413 4894; x_wconf 85' lang='lat' dir='ltr'>demonstratur?</span> <span class='ocrx_word' id='word_1_459' title='bbox 1459 4839 1497 4894; x_wconf 84' lang='lat' dir='ltr'>Et</span> <span class='ocrx_word' id='word_1_460' title='bbox 1520 4841 1585 4895; x_wconf 85' lang='lat' dir='ltr'>ideo</span> <span class='ocrx_word' id='word_1_461' title='bbox 1609 4841 1686 4908; x_wconf 85' lang='lat' dir='ltr'>audi,</span> <span class='ocrx_word' id='word_1_462' title='bbox 1717 4842 1804 4914; x_wconf 88' lang='lat' dir='ltr'>quod,</span> <span class='ocrx_word' id='word_1_463' title='bbox 1834 4860 1897 4897; x_wconf 88' lang='lat' dir='ltr'>eum</span> 
     </span>
    </p>
   </div>
   <div class='ocr_carea' id='block_1_7' title="bbox 199 4943 1897 5122">
    <p class='ocr_par' dir='ltr' id='par_1_8' title="bbox 199 4943 1897 5122">
     <span class='ocr_line' id='line_1_41' title="bbox 199 4943 1897 5019; baseline 0.002 -19"><span class='ocrx_word' id='word_1_464' title='bbox 199 4944 306 5015; x_wconf 75' lang='lat' dir='ltr'>scipsa</span> <span class='ocrx_word' id='word_1_465' title='bbox 336 4943 444 5012; x_wconf 84' lang='lat' dir='ltr'>reniet,</span> <span class='ocrx_word' id='word_1_466' title='bbox 479 4962 542 4999; x_wconf 89' lang='lat' dir='ltr'>cum</span> <span class='ocrx_word' id='word_1_467' title='bbox 574 4944 636 5016; x_wconf 87' lang='lat' dir='ltr'>ipsa</span> <span class='ocrx_word' id='word_1_468' title='bbox 667 4945 820 4999; x_wconf 89' lang='lat' dir='ltr'>secundam</span> <span class='ocrx_word' id='word_1_469' title='bbox 851 4944 1000 5017; x_wconf 88' lang='lat' dir='ltr'>gloriosam</span> <span class='ocrx_word' id='word_1_470' title='bbox 1035 4963 1113 5000; x_wconf 86' lang='lat' dir='ltr'>suam</span> <span class='ocrx_word' id='word_1_471' title='bbox 1144 4946 1337 5018; x_wconf 86' lang='lat' dir='ltr'>praesentiam</span> <span class='ocrx_word' id='word_1_472' title='bbox 1369 4945 1468 5015; x_wconf 82' lang='lat' dir='ltr'>faciet,</span> <span class='ocrx_word' id='word_1_473' title='bbox 1502 4947 1568 5002; x_wconf 89' lang='lat' dir='ltr'>ideo</span> <span class='ocrx_word' id='word_1_474' title='bbox 1602 4946 1751 5019; x_wconf 87' lang='lat' dir='ltr'>gloriosam</span> <span class='ocrx_word' id='word_1_475' title='bbox 1785 4966 1897 5005; x_wconf 89' lang='lat' dir='ltr'>crucem</span> 
     </span>
     <span class='ocr_line' id='line_1_42' title="bbox 243 5051 427 5122; baseline 0.011 -19"><span class='ocrx_word' id='word_1_476' title='bbox 243 5051 427 5122; x_wconf 89' lang='lat' dir='ltr'>nuncupavit.</span> 
     </span>
    </p>
   </div>
   <div class='ocr_carea' id='block_1_8' title="bbox 349 5271 1896 5347">
    <p class='ocr_par' dir='ltr' id='par_1_9' title="bbox 349 5271 1896 5347">
     <span class='ocr_line' id='line_1_43' title="bbox 349 5271 1896 5347; baseline 0.003 -20"><span class='ocrx_word' id='word_1_477' title='bbox 349 5279 366 5327; x_wconf 80' lang='lat'>4</span> <span class='ocrx_word' id='word_1_478' title='bbox 391 5271 470 5344; x_wconf 83' lang='lat' dir='ltr'>ipsis]</span> <span class='ocrx_word' id='word_1_479' title='bbox 489 5278 549 5343; x_wconf 87' lang='lat' dir='ltr'>ipso</span> <span class='ocrx_word' id='word_1_480' title='bbox 569 5277 596 5328; x_wconf 84' lang='lat' dir='ltr'>V.</span> <span class='ocrx_word' id='word_1_481' title='bbox 677 5279 709 5329; x_wconf 81' lang='lat'>12</span> <span class='ocrx_word' id='word_1_482' title='bbox 734 5273 854 5342; x_wconf 86' lang='lat' dir='ltr'>crucem]</span> <span class='ocrx_word' id='word_1_483' title='bbox 874 5294 956 5330; x_wconf 87' lang='lat' dir='ltr'>cruce</span> <span class='ocrx_word' id='word_1_484' title='bbox 976 5279 1003 5330; x_wconf 92' lang='lat' dir='ltr'>V.</span> <span class='ocrx_word' id='word_1_485' title='bbox 1085 5281 1116 5330; x_wconf 79' lang='lat'>15</span> <span class='ocrx_word' id='word_1_486' title='bbox 1141 5280 1316 5331; x_wconf 84' lang='lat' dir='ltr'>reconciliari</span> <span class='ocrx_word' id='word_1_487' title='bbox 1335 5280 1362 5330; x_wconf 77' lang='lat' dir='ltr'>t’.</span> <span class='ocrx_word' id='word_1_488' title='bbox 1445 5281 1479 5331; x_wconf 81' lang='lat'>2³</span> <span class='ocrx_word' id='word_1_489' title='bbox 1498 5275 1642 5346; x_wconf 85' lang='lat' dir='ltr'>nobisque]</span> <span class='ocrx_word' id='word_1_490' title='bbox 1661 5282 1690 5332; x_wconf 90' lang='lat' dir='ltr'>in</span> <span class='ocrx_word' id='word_1_491' title='bbox 1708 5283 1842 5347; x_wconf 86' lang='lat' dir='ltr'>nobisque</span> <span class='ocrx_word' id='word_1_492' title='bbox 1869 5282 1896 5332; x_wconf 91' lang='lat' dir='ltr'>V.</span> 
     </span>
    </p>
   </div>
   <div class='ocr_carea' id='block_1_9' title="bbox 244 5363 1899 5506">
    <p class='ocr_par' dir='ltr' id='par_1_10' title="bbox 244 5363 1899 5506">
     <span class='ocr_line' id='line_1_44' title="bbox 244 5363 1899 5439; baseline 0.004 -22"><span class='ocrx_word' id='word_1_493' title='bbox 244 5367 276 5417; x_wconf 79' lang='lat'>24</span> <span class='ocrx_word' id='word_1_494' title='bbox 296 5364 433 5431; x_wconf 82' lang='lat' dir='ltr'>malignus</span> <span class='ocrx_word' id='word_1_495' title='bbox 452 5366 479 5416; x_wconf 88' lang='lat' dir='ltr'>V.</span> <span class='ocrx_word' id='word_1_496' title='bbox 561 5369 592 5418; x_wconf 84' lang='lat'>31</span> <span class='ocrx_word' id='word_1_497' title='bbox 613 5368 762 5419; x_wconf 84' lang='lat' dir='ltr'>testivitate</span> <span class='ocrx_word' id='word_1_498' title='bbox 784 5368 810 5417; x_wconf 88' lang='lat' dir='ltr'>V.</span> <span class='ocrx_word' id='word_1_499' title='bbox 893 5371 927 5420; x_wconf 80' lang='lat'>32</span> <span class='ocrx_word' id='word_1_500' title='bbox 946 5370 1101 5421; x_wconf 79' lang='lat' dir='ltr'>substantia</span> <span class='ocrx_word' id='word_1_501' title='bbox 1120 5369 1147 5419; x_wconf 90' lang='lat' dir='ltr'>V.</span> <span class='ocrx_word' id='word_1_502' title='bbox 1230 5370 1264 5420; x_wconf 86' lang='grc'>33</span> <span class='ocrx_word' id='word_1_503' title='bbox 1284 5363 1433 5434; x_wconf 89' lang='lat' dir='ltr'>horrorem]</span> <span class='ocrx_word' id='word_1_504' title='bbox 1453 5385 1572 5420; x_wconf 86' lang='lat' dir='ltr'>errorem</span> <span class='ocrx_word' id='word_1_505' title='bbox 1592 5369 1619 5419; x_wconf 89' lang='lat' dir='ltr'>V.</span> <span class='ocrx_word' id='word_1_506' title='bbox 1701 5373 1735 5421; x_wconf 74' lang='lat'>35</span> <span class='ocrx_word' id='word_1_507' title='bbox 1755 5366 1899 5439; x_wconf 85' lang='lat' dir='ltr'>ebellatos]</span> 
     </span>
     <span class='ocr_line' id='line_1_45' title="bbox 244 5453 413 5506; baseline 0.012 -2"><span class='ocrx_word' id='word_1_508' title='bbox 244 5453 366 5506; x_wconf 83' lang='lat' dir='ltr'>evelstos</span> <span class='ocrx_word' id='word_1_509' title='bbox 385 5455 413 5506; x_wconf 91' lang='lat' dir='ltr'>V.</span> 
     </span>
    </p>
   </div>
   <div class='ocr_carea' id='block_1_10' title="bbox 199 5655 1899 5948">
    <p class='ocr_par' dir='ltr' id='par_1_11' title="bbox 199 5655 1899 5948">
     <span class='ocr_line' id='line_1_46' title="bbox 199 5655 1899 5735; baseline 0.006 -26"><span class='ocrx_word' id='word_1_510' title='bbox 199 5680 226 5720; x_wconf 58' lang='lat' dir='ltr'>aa</span> <span class='ocrx_word' id='word_1_511' title='bbox 353 5655 382 5724; x_wconf 81' lang='lat'>1)</span> <span class='ocrx_word' id='word_1_512' title='bbox 412 5655 445 5714; x_wconf 88' lang='lat' dir='ltr'>V.</span> <span class='ocrx_word' id='word_1_513' title='bbox 467 5675 559 5731; x_wconf 84' lang='lat' dir='ltr'>supra</span> <span class='ocrx_word' id='word_1_514' title='bbox 579 5675 610 5732; x_wconf 83' lang='lat' dir='ltr'>p.</span> <span class='ocrx_word' id='word_1_515' title='bbox 626 5659 688 5716; x_wconf 67' lang='lat'>499</span> <span class='ocrx_word' id='word_1_516' title='bbox 711 5659 729 5714; x_wconf 85' lang='lat' dir='ltr'>l.</span> <span class='ocrx_word' id='word_1_517' title='bbox 747 5661 795 5716; x_wconf 85' lang='lat'>13.</span> <span class='ocrx_word' id='word_1_518' title='bbox 910 5656 941 5727; x_wconf 80' lang='grc'>2)</span> <span class='ocrx_word' id='word_1_519' title='bbox 972 5657 1003 5715; x_wconf 87' lang='lat' dir='ltr'>V.</span> <span class='ocrx_word' id='word_1_520' title='bbox 1027 5677 1117 5733; x_wconf 81' lang='lat' dir='ltr'>supro</span> <span class='ocrx_word' id='word_1_521' title='bbox 1142 5661 1256 5733; x_wconf 66' lang='lat' dir='ltr'>p475</span> <span class='ocrx_word' id='word_1_522' title='bbox 1288 5659 1306 5714; x_wconf 85' lang='lat' dir='ltr'>l.</span> <span class='ocrx_word' id='word_1_523' title='bbox 1325 5663 1437 5734; x_wconf 83' lang='lat' dir='ltr'>30sqq.</span> <span class='ocrx_word' id='word_1_524' title='bbox 1552 5655 1583 5728; x_wconf 82' lang='lat'>3)</span> <span class='ocrx_word' id='word_1_525' title='bbox 1614 5658 1646 5716; x_wconf 90' lang='lat' dir='ltr'>V.</span> <span class='ocrx_word' id='word_1_526' title='bbox 1668 5678 1759 5735; x_wconf 82' lang='lat' dir='ltr'>supro</span> <span class='ocrx_word' id='word_1_527' title='bbox 1782 5663 1899 5735; x_wconf 77' lang='lat' dir='ltr'>p.478</span> 
     </span>
     <span class='ocr_line' id='line_1_47' title="bbox 243 5759 1896 5842; baseline 0.004 -24"><span class='ocrx_word' id='word_1_528' title='bbox 243 5781 313 5819; x_wconf 82' lang='lat' dir='ltr'>can.</span> <span class='ocrx_word' id='word_1_529' title='bbox 331 5765 372 5822; x_wconf 83' lang='grc'>38</span> <span class='ocrx_word' id='word_1_530' title='bbox 386 5782 459 5839; x_wconf 72' lang='lat' dir='ltr'>sqq,</span> <span class='ocrx_word' id='word_1_531' title='bbox 483 5782 572 5839; x_wconf 82' lang='lat' dir='ltr'>aeque</span> <span class='ocrx_word' id='word_1_532' title='bbox 594 5781 661 5821; x_wconf 85' lang='lat' dir='ltr'>vero</span> <span class='ocrx_word' id='word_1_533' title='bbox 680 5763 819 5821; x_wconf 76' lang='lat' dir='ltr'>Anwuius</span> <span class='ocrx_word' id='word_1_534' title='bbox 842 5759 882 5839; x_wconf 83' lang='lat' dir='ltr'>(u.</span> <span class='ocrx_word' id='word_1_535' title='bbox 904 5784 996 5840; x_wconf 82' lang='lat' dir='ltr'>supra</span> <span class='ocrx_word' id='word_1_536' title='bbox 1015 5784 1047 5840; x_wconf 84' lang='lat' dir='ltr'>p.</span> <span class='ocrx_word' id='word_1_537' title='bbox 1064 5767 1128 5824; x_wconf 71' lang='lat'>476</span> <span class='ocrx_word' id='word_1_538' title='bbox 1150 5784 1221 5821; x_wconf 83' lang='lat' dir='ltr'>ann.</span> <span class='ocrx_word' id='word_1_539' title='bbox 1239 5759 1270 5840; x_wconf 87' lang='lat'>6)</span> <span class='ocrx_word' id='word_1_540' title='bbox 1295 5784 1356 5821; x_wconf 75' lang='lat' dir='ltr'>nrm</span> <span class='ocrx_word' id='word_1_541' title='bbox 1379 5764 1595 5840; x_wconf 78' lang='lat' dir='ltr'>imperatoribus</span> <span class='ocrx_word' id='word_1_542' title='bbox 1613 5765 1755 5842; x_wconf 79' lang='lat' dir='ltr'>episwlcm</span> <span class='ocrx_word' id='word_1_543' title='bbox 1774 5766 1896 5842; x_wconf 73' lang='lat' dir='ltr'>scrqrsit.</span> 
     </span>
     <span class='ocr_line' id='line_1_48' title="bbox 244 5868 1308 5948; baseline 0.005 -26"><span class='ocrx_word' id='word_1_544' title='bbox 244 5868 275 5938; x_wconf 77' lang='lat' dir='ltr'>t)</span> <span class='ocrx_word' id='word_1_545' title='bbox 298 5868 330 5925; x_wconf 92' lang='lat' dir='ltr'>V.</span> <span class='ocrx_word' id='word_1_546' title='bbox 345 5888 436 5945; x_wconf 84' lang='lat' dir='ltr'>supra</span> <span class='ocrx_word' id='word_1_547' title='bbox 453 5889 487 5945; x_wconf 83' lang='lat' dir='ltr'>p.</span> <span class='ocrx_word' id='word_1_548' title='bbox 504 5873 565 5929; x_wconf 74' lang='lat'>504</span> <span class='ocrx_word' id='word_1_549' title='bbox 582 5871 600 5926; x_wconf 85' lang='lat'>1.</span> <span class='ocrx_word' id='word_1_550' title='bbox 617 5873 711 5946; x_wconf 81' lang='lat' dir='ltr'>5sqq.</span> <span class='ocrx_word' id='word_1_551' title='bbox 803 5869 834 5940; x_wconf 81' lang='lat'>5)</span> <span class='ocrx_word' id='word_1_552' title='bbox 858 5871 890 5928; x_wconf 91' lang='lat' dir='ltr'>V.</span> <span class='ocrx_word' id='word_1_553' title='bbox 914 5889 1004 5946; x_wconf 84' lang='lat' dir='ltr'>supra</span> <span class='ocrx_word' id='word_1_554' title='bbox 1022 5890 1056 5948; x_wconf 86' lang='lat' dir='ltr'>p.</span> <span class='ocrx_word' id='word_1_555' title='bbox 1074 5875 1134 5930; x_wconf 66' lang='lat'>504</span> <span class='ocrx_word' id='word_1_556' title='bbox 1159 5873 1177 5928; x_wconf 84' lang='lat' dir='ltr'>l.</span> <span class='ocrx_word' id='word_1_557' title='bbox 1195 5873 1235 5931; x_wconf 87' lang='lat'>13</span> <span class='ocrx_word' id='word_1_558' title='bbox 1247 5891 1308 5948; x_wconf 84' lang='lat' dir='ltr'>sqq.</span> 
     </span>
    </p>
   </div>
   <div class='ocr_carea' id='block_1_11' title="bbox 0 0 2446 6709">
    <p class='ocr_par' dir='ltr' id='par_1_12' title="bbox 0 0 2446 6709">
     <span class='ocr_line' id='line_1_49' title="bbox 0 0 2446 6709; baseline 0 0"><span class='ocrx_word' id='word_1_559' title='bbox 0 0 2446 6709; x_wconf 95' lang='lat' dir='ltr'> </span> 
     </span>
    </p>
   </div>
  </div>
 </body>
</html>
