4884 6717
1064 544 1191 607 618
2006 548 2107 605 50.
2182 548 2618 605 CONCILIUM
2665 546 3119 603 PARISIENSE
3168 548 3240 602 A.
3283 546 3429 603 829.

1062 747 1156 802 vel
1201 747 1569 817 promotione,
1621 762 1767 817 quae
1818 752 1907 800 est
1953 763 2059 816 per
2104 745 2553 816 negociationem
2615 745 2790 809 facta,
2852 742 3132 815 proficiat,
3197 744 3300 798 sed
3362 743 3437 798 sit
3500 743 3718 800 alienus
3789 762 3860 800 ea
3924 745 4206 816 dignitate
4276 746 4369 801 vel
4399 763 4421 797 ο

1063 853 1461 920 sollicitudine,
1527 871 1694 924 quam
1753 852 2010 925 pecuniis
2072 852 2373 922 quaesivit.
2471 850 2529 906 Si
2578 852 2701 922 quis
2747 868 2883 906 vero
2935 850 3216 905 mediator
3277 858 3392 905 tam
3452 850 3714 921 turpibus
3777 857 3837 905 et
3897 850 4161 907 nefandis
4222 852 4369 907 datis

1063 960 1156 1016 vel
1216 960 1471 1030 acceptis
1527 959 1803 1022 extiterit,
1864 959 1911 1013 si
1972 959 2201 1029 quidem
2274 957 2513 1013 clericus
2581 958 2775 1025 fuerit,
2843 957 3070 1028 proprio
3139 957 3321 1028 gradu
3391 957 3644 1025 decidat,
3715 958 3761 1011 si
3830 974 3965 1013 vero
4033 957 4210 1013 laicus
4277 959 4372 1014 vel

1064 1066 1386 1132 monachus,
1434 1066 1965 1121 anathematizetur.
2047 1054 2406 1141 Gregorius
2456 1056 2521 1118 in
2570 1054 2806 1119 omelia
2851 1053 3336 1140 evangeliorum
3380 1065 3566 1118 sexta
3611 1053 3899 1119 decima:
3935 1065 4110 1119 Vobis
4134 1060 4154 1097 ¹
4203 1066 4370 1131 enim,

1063 1165 1293 1249 inquit,
1342 1172 1727 1227 sacerdotibus
1787 1171 1986 1243 lugens
2047 1172 2265 1242 loquor,
2327 1172 2461 1242 quia
2528 1171 2826 1226 nonnullos
2893 1178 3147 1226 vestrum
3216 1188 3342 1225 cum
3409 1172 3674 1242 praemiis
3734 1170 3926 1227 facere
3987 1172 4371 1227 ordinationes
4408 1188 4435 1226 s

1065 1280 1409 1351 agnovimus,
1458 1278 1771 1349 spiritalem
1817 1279 2053 1349 gratiam
2100 1279 2353 1333 vendere
2405 1285 2466 1333 et
2514 1278 2585 1332 de
2635 1278 2834 1333 alienis
2881 1277 3276 1349 iniquitatibus
3324 1295 3447 1331 cum
3494 1278 3720 1349 peccati
3757 1279 4003 1349 dampno
4034 1278 4371 1349 temporalia

1064 1387 1222 1441 lucra
1268 1385 1573 1440 cumulare.
1654 1383 1770 1438 Cur
1817 1402 1952 1456 ergo
1999 1386 2072 1438 ad
2118 1385 2438 1439 memoriam
2485 1390 2732 1438 vestram
2780 1401 2891 1438 non
2937 1385 3105 1450 redit,
3156 1385 3307 1455 quod
3354 1401 3457 1439 vox
3491 1385 3769 1439 dominica
3803 1386 4163 1457 praecipiens
4195 1386 4369 1440 dicit:

726 1508 884 1546 maun.
903 1508 968 1557 10,
985 1506 1025 1546 s.
1068 1489 1272 1549 Gratis
1317 1490 1626 1566 accepistis,
1671 1490 1855 1566 gyratis
1903 1492 2065 1560 date;
2135 1510 2233 1545 cur
2290 1509 2402 1545 non
2449 1498 2581 1545 ante
2631 1491 2836 1546 mentis
2897 1490 3088 1546 oculos
3147 1492 3450 1559 revocatis,
3524 1492 3674 1562 quod
3721 1492 3997 1563 templum
4042 1493 4375 1563 redemptor

723 1615 781 1654 ef.
798 1613 1024 1663 ιι).81,12.
1066 1605 1260 1654 noster
1304 1599 1588 1670 ingressus
1636 1598 1938 1653 cathedras
1985 1599 2354 1652 vendentium
2403 1597 2689 1652 columbas
2739 1598 2967 1663 evertit,
3016 1597 3505 1652 nummulariorum
3554 1597 3754 1653 effudit
3811 1599 3950 1654 aes?
4045 1597 4155 1662 Qui
4216 1617 4371 1653 nam-

1068 1723 1179 1776 que
1227 1712 1360 1759 sunt
1405 1706 1462 1759 in
1508 1706 1725 1775 templo
1758 1705 1868 1759 Dei
1916 1705 2105 1771 hodie,
2157 1704 2251 1774 qui
2300 1704 2586 1759 columbas
2633 1704 2910 1770 vendunt,
2960 1704 3064 1758 nisi
3115 1705 3211 1775 qui
3255 1705 3312 1758 in
3361 1704 3603 1759 ecclesia
3635 1705 3881 1776 pretinm
3912 1706 3986 1759 de
4018 1705 4373 1776 impositione
4412 1720 4465 1759 ιο

1066 1830 1259 1872 manus
1307 1812 1611 1883 accipiunt,
1661 1830 1768 1882 per
1814 1829 1978 1881 quam
2026 1811 2437 1882 impositionem
2486 1810 2728 1882 Spiritus
2776 1818 3006 1865 sanctus
3053 1811 3291 1866 caelitus
3324 1812 3536 1865 datur?
3614 1810 3889 1866 Columba
3920 1829 4056 1884 ergo
4086 1812 4373 1879 venditur,

1069 1920 1200 1989 quia
1245 1937 1439 1973 manus
1485 1918 1786 1989 impositio,
1836 1936 1943 1989 per
1989 1936 2156 1988 quam
2190 1916 2431 1988 Spiritus
2479 1924 2708 1971 sanctus
2756 1918 3050 1989 accipitur,
3099 1919 3171 1972 ad
3216 1919 3463 1990 pretium
3495 1920 3825 1989 praebetur.
3904 1917 4019 1974 Sed
4051 1919 4377 1991 redemptor

1069 2033 1262 2081 noster
1308 2026 1610 2081 cathedras
1658 2025 2023 2080 vendentium
2071 2024 2357 2078 columbas
2420 2024 2651 2091 evertit,
2724 2025 2820 2095 qui
2889 2025 3087 2079 talium
3149 2026 3564 2097 negotiatorum
3635 2025 4011 2081 sacerdotium
4073 2026 4373 2081 destruxit.

1069 2132 1216 2187 Hinc
1265 2141 1373 2198 est,
1422 2132 1573 2202 quod
1622 2131 1764 2185 sacri
1812 2148 2056 2186 canones
2103 2131 2480 2201 symoniacam
2525 2131 2767 2186 heresim
2814 2132 3124 2202 dampnant
3173 2140 3230 2186 et
3278 2150 3374 2187 eos
3406 2133 3725 2187 sacerdotio
3757 2133 3961 2203 privari
3992 2133 4370 2205 praecipiunt,

1070 2239 1166 2310 qui
1213 2239 1285 2294 de
1332 2238 1638 2310 largiendis
1686 2238 1974 2292 ordinibus
2038 2237 2284 2308 pretium
2349 2245 2617 2309 querunt.
2734 2237 3020 2294 Cathedra
3085 2256 3220 2311 ergo
3288 2240 3654 2295 vendentium
3723 2239 4007 2295 columbas
4077 2240 4371 2307 evertitur,
4410 2252 4461 2292 ιο

1071 2346 1296 2416 quando
1340 2346 1419 2413 hi,
1467 2345 1562 2416 qni
1611 2345 1922 2416 spiritalem
1968 2345 2206 2416 gratiam
2252 2345 2530 2410 vendunt,
2591 2346 2683 2400 vel
2741 2355 2874 2399 ante
2944 2345 3212 2399 humanos
3282 2350 3373 2400 vel
3434 2353 3566 2400 ante
3615 2346 3727 2402 Dei
3785 2346 3997 2416 oculos,
4059 2347 4371 2402 sacerdotio

1069 2454 1381 2523 privantur.
1474 2443 1560 2506 Et
1605 2444 1672 2506 in
1721 2442 2128 2529 apologetico
2181 2441 2486 2527 Gregorii
2534 2442 2990 2506 Nanzanzeni:
3042 2452 3323 2524 Religioni
3346 2449 3388 2518 ²,
3439 2444 3669 2529 inquit,
3719 2470 3785 2508 ac
3833 2453 4088 2508 doctrine
4144 2461 4370 2509 nostrae

1070 2559 1424 2630 obprobrium
1472 2560 1742 2626 nascitur,
1794 2560 1945 2629 quod
1994 2559 2311 2613 sacerdotia
2356 2559 2446 2613 vel
2496 2559 2803 2614 ministeria
2848 2559 3150 2614 ambitione
3198 2561 3380 2630 potius
3430 2568 3490 2614 et
3550 2562 3622 2614 ad
3681 2560 3915 2631 gratiam
3976 2577 4146 2631 quam
4204 2561 4370 2615 meri-

1070 2673 1254 2721 torum
1299 2667 1503 2721 iudicio
1550 2666 1907 2720 deferuntur.
2005 2663 2173 2719 Cuius
2221 2666 2302 2720 rei
2349 2666 2545 2720 vitium
2596 2666 2685 2720 vel
2731 2666 2918 2721 labem
2969 2667 3189 2721 etiamsi
3234 2666 3538 2737 prohibere
3586 2685 3755 2737 supra
3798 2684 3900 2722 nos
3949 2675 4059 2733 est,
4107 2675 4167 2722 at
4215 2674 4372 2722 certe

1073 2774 1411 2828 erubescere
1463 2781 1521 2827 et
1582 2773 1826 2828 aversari
1888 2791 2017 2843 pars
2079 2772 2272 2843 aliqua
2332 2773 2568 2843 pietatis
2631 2780 2740 2828 est.
2851 2763 2921 2828 Si
2985 2765 3126 2849 quis
3187 2765 3385 2848 igitur
3445 2764 3767 2849 copiosius
3836 2763 4219 2850 pleniusque
4291 2763 4373 2829 de
4411 2787 4465 2826 no

1071 2870 1337 2934 vitanda
1383 2892 1460 2934 ac
1508 2869 1895 2933 detestanda
1941 2870 2320 2955 symoniaca
2366 2851 2594 2933 herese
2645 2871 2958 2955 scriptum
3005 2892 3195 2933 nosse
3245 2870 3444 2956 cupit,
3479 2867 3712 2934 librum
3747 2868 4166 2955 epistolarum
4200 2870 4374 2935 beati

1075 2974 1376 3062 Gregorii
1424 2977 1617 3061 legat,
1666 2978 1732 3040 in
1782 2975 2015 3062 quibus
2063 2976 2403 3039 manifeste
2453 2988 2745 3063 apparet,
2796 2976 2970 3062 quod
3018 2999 3094 3040 eo
3128 2989 3441 3062 tempore,
3478 2976 3734 3062 quando
3769 2977 4034 3041 easdem
4067 2977 4374 3064 epistolas

1072 3083 1246 3147 idem
1294 3083 1520 3147 doctor
1565 3083 1648 3147 ad
1698 3082 1945 3146 Gallias
1993 3081 2308 3161 mittebat,
2359 3082 2549 3146 sedes
2610 3081 2788 3146 beati
2834 3083 3030 3163 Petri,
3096 3084 3201 3147 cui
3264 3083 3549 3169 prelatus
3611 3095 3768 3164 erat,
3832 3082 3916 3147 ab
3980 3083 4210 3148 eadem
4271 3084 4374 3149 lue

1074 3191 1376 3254 immunis
1438 3201 1594 3254 erat.
1714 3188 2016 3254 Orandus
2076 3198 2174 3252 est
2235 3210 2389 3273 ergo
2437 3189 2642 3270 DeuS,
2713 3202 2780 3252 ut
2849 3189 3127 3253 eandem
3197 3201 3466 3276 pestem,
3535 3213 3702 3276 quae
3773 3191 4121 3255 ecclesiam
4192 3213 4375 3255 suam

1073 3296 1421 3361 multifarie
1470 3295 1919 3374 commaculat,
1984 3297 2076 3359 ita
2135 3293 2375 3358 abhinc
2435 3294 2519 3358 ab
2582 3297 2864 3359 omnium
2927 3295 3214 3360 fidelium
3277 3319 3539 3361 suorum
3600 3297 3816 3379 corde,
3878 3319 3988 3361 ore
4049 3306 4115 3361 et
4182 3320 4375 3361 manu
4413 3319 4466 3358 πο

1072 3402 1300 3489 procul
1350 3413 1668 3482 amoveat,
1717 3413 1785 3465 ut
1834 3402 2110 3487 amplius
2158 3413 2251 3465 tot
2300 3401 2550 3465 animas
2599 3403 2666 3465 in
2713 3401 3017 3488 laqueum
3065 3414 3129 3466 et
3175 3403 3604 3489 perditionem
3652 3426 3782 3468 non
3828 3401 4116 3468 subruat.

1292 3544 1495 3630 Cap.
1548 3544 1701 3610 XII.
1774 3544 1900 3607 De
1957 3546 2530 3608 accessione
2595 3545 2698 3608 ad
2758 3545 3260 3631 pastorale
3324 3548 3988 3632 magisterium
4045 3557 4132 3610 et
4177 3569 4377 3632 per-

1079 3673 1308 3714 sona
1358 3651 1911 3716 sacerdotis
1961 3652 2362 3737 eiusque
2410 3651 2878 3737 periculo,
2960 3650 3416 3732 Qualiter³ad
3453 3652 3710 3716 culmen
3747 3654 4082 3737 regiminis
4116 3654 4378 3717 venien-

1077 3758 1264 3839 dum,
1338 3758 1616 3844 qualiter
1682 3760 1749 3821 in
1820 3780 1896 3822 eo
1957 3758 2311 3821 vivendum
2383 3757 2791 3844 qualiterque
2862 3758 3227 3822 docendum
3275 3758 3380 3822 vel
3442 3758 3720 3846 qualiter
3781 3759 4017 3823 cotidie
4078 3760 4380 3845 propriae

1078 3865 1464 3928 infirmitatis
1536 3864 1967 3928 consideratio
2039 3864 2360 3928 sacerdoti
2429 3875 2578 3929 ante
2650 3864 2870 3929 oculos
2942 3867 3024 3929 sit
3092 3865 3430 3952 ponenda,
3499 3865 3777 3953 praefati
3847 3864 4021 3930 beati
4078 3864 4382 3950 Gregorii
4417 3889 4472 3928 so

1077 3969 1305 4055 regula
1350 3970 1723 4056 plenissime
1772 3970 1981 4035 docet.
2060 3971 2121 4034 A
2169 3973 2351 4034 cuius
2402 3971 2714 4052 doctrina,
2765 3972 2940 4057 quod
2986 3971 3177 4036 valde
3227 3972 3574 4036 dolendum
3623 3983 3687 4036 et
3733 3972 4378 4037 contremescendum

1080 4088 1196 4157 est,
1246 4076 1429 4141 multi
1476 4087 1869 4156 nostrorum,
1935 4079 2044 4163 qui
2105 4089 2435 4163 pastorum
2486 4080 2744 4142 nomine
2793 4101 3167 4158 censemur,
3233 4079 3422 4164 longe
3469 4080 3758 4165 peccatis
3808 4078 4379 4166 praepedientibus

1080 4183 1320 4247 distare
1369 4184 1836 4264 convincimur,
1883 4183 2056 4247 unde
2104 4194 2167 4247 et
2211 4195 2501 4247 nostrum
2549 4196 2613 4248 et
2660 4208 2916 4266 eorum,
2988 4183 3223 4271 quibus
3272 4185 3578 4271 prodesse
3628 4184 4005 4268 debuimuS,
4078 4208 4382 4271 magnum

1081 4290 1436 4376 periculum
1500 4292 1836 4354 imminere
1900 4292 2370 4375 cognoscimus·
2483 4291 2898 4378 Quapropter
2973 4291 3246 4356 sollicite
3307 4291 3783 4377 vigilanterque
3840 4290 4029 4355 nobis
4087 4303 4383 4377 satagen-

1084 4397 1234 4460 dum
1306 4406 1433 4476 est,
1504 4408 1575 4459 ut
1643 4418 1760 4481 per
1828 4397 2120 4460 eiusdem
2182 4397 2464 4461 doctoris
2527 4407 2591 4461 et
2651 4410 3011 4461 ceterorum
3075 4409 3442 4462 sanctorum
3495 4398 3670 4462 dicta
3717 4411 3783 4462 et
3829 4397 4131 4485 exempla
4177 4400 4378 4463 vitam
4423 4424 4475 4463 ss

1082 4516 1364 4568 nostram
1413 4505 1479 4567 in
1527 4504 1755 4567 melius
1804 4526 2296 4590 componamuS,
2369 4514 2689 4589 quatenu-s
2759 4504 2946 4568 nobis
3018 4517 3081 4568 et
3149 4504 3309 4586 illis,
3383 4503 3616 4591 quibus
3671 4504 3756 4568 ad
3801 4506 4001 4568 vitam
4051 4514 4385 4568 aeternam

1085 4610 1389 4673 ducatum
1439 4609 1753 4695 praebere
1805 4609 2149 4690 debemuS,
2214 4611 2498 4675 Domino
2548 4611 2904 4675 auxiliante
2968 4612 3368 4676 salutiferum
3417 4611 3778 4675 consultum
3826 4611 3997 4675 ferre
4046 4614 4383 4698 possimus.

1096 4719 1368 4779 tuta-una
1424 4743 1676 4799 quinques.
1732 4719 2080 4779 a.·1w.·mir·=t]2·
2136 4717 2340 4803 qualis
2388 4739 2531 4781 esse
2581 4716 2851 4799 debeat,
2909 4720 2973 4782 in
3035 4729 3388 4782 memorato
3445 4718 3757 4804 pastorali
3803 4716 3965 4781 libro
4015 4729 4080 4782 et
4125 4718 4192 4780 in
4236 4740 4387 4804 apo-

1088 4827 1360 4895 Ῑῑιιψίεἰιςιι
1416 4827 1712 4899 tirugwii
1772 4826 2225 4887 Nummum-‚miniss
2274 4824 2532 4910 copiose
2582 4836 2874 4890 taxatum
2924 4833 3038 4890 cst.
3135 4823 3266 4889 Sed
3337 4835 3400 4888 et
3471 4826 3537 4887 in
3606 4824 3771 4887 libro
3831 4824 4129 4888 Levitico
4200 4823 4384 4888 titulo

823 4955 1043 5036 ιᾸἾψ-Ηυκ
1092 4935 1392 4995 wit-minu*
1444 4951 1672 4991 *ac-zum·
1728 4935 1804 4991 im
1864 4955 2199 5015 jun-*unua
2248 4930 2602 4994 sacerdotis
2650 4932 2973 4995 Dominus
3023 4930 3334 4995 describit
3388 4930 3659 5017 loquens
3708 4930 3789 4994 ad
3837 4931 4094 4994 Aaron:
4162 4932 4383 4995 Vinum
4421 4956 4477 4995 ω

1088 5059 1136 5094 η
1188 5071 1388 5099 mum,
1456 5043 1622 5123 ‘samri'
1688 5043 1980 5097 §tuluwis-w
2044 5053 2267 5120 jaffe-98,
2333 5063 2450 5102 non
2513 5041 2682 5103 bibes
2739 5054 2801 5103 tu
2857 5054 2914 5103 et
2942 5040 3093 5126 filii
3132 5042 3258 5117 tui,
3317 5040 3569 5124 quando
3620 5040 3939 5103 intrabitis
3988 5042 4053 5102 in
4101 5040 4384 5104 taberna-

1088 5152 1288 5204 ΝΛΜ...
1344 5151 1700 5207 ι’.,«.·.ὴ“.ωηηῖ,
1753 5179 1820 5204 m>
1872 5148 2257 5224 ..ωιπῐωηὺιιζ
2306 5148 2457 5230 qnia
2493 5161 2904 5231 praeceptum
2951 5148 3392 5230 sempiternum
3427 5159 3515 5209 est
3555 5148 3617 5210 in
3660 5149 4091 5232 generationes
4129 5160 4383 5210 vestras.

1308 5383 1386 5431 m,
1460 5387 1516 5427 1⁴*
1556 5383 1696 5437 aunt?
1740 5387 1824 5443 qui
1868 5385 1984 5431 ·-ν“-’.ν
2024 5387 2076 5425 ω’
2132 5399 2261 5431 suan.
2305 5381 2355 5429 V.
2504 5383 2596 5445 qni
2635 5381 2767 5431 deest
2805 5382 2857 5431 Γ.
3008 5384 3066 5430 11
3112 5381 3367 5431 venditus
3408 5381 3461 5431 V.
3610 5384 3674 5432 19
3714 5376 3789 5446 at]
3829 5382 3897 5431 ad
3938 5382 3992 5432 Γ.
4032 5381 4092 5431 Ρ.

1304 5471 1420 5519 ΧΗ,
1488 5475 1544 5519 :T
1596 5491 1636 5519 ut
1660 5491 1916 5519 ⁴21*
1971 5475 2016 5519 Γ.
2167 5473 2232 5520 29
2273 5465 2491 5533 cotidie]
2531 5472 2774 5535 quotidie
2812 5470 2892 5521 hic
2928 5479 2974 5520 et
3010 5471 3155 5536 infra
3193 5471 3255 5520 P.
3402 5473 3470 5521 34
3509 5465 3767 5535 sollicite]
3807 5470 3972 5520 solli.
4000 5508 4013 5520 .
4042 5507 4055 5520 .
4094 5489 4193 5521 ras.
4236 5469 4297 5521 P.

1316 5691 1360 5739 Ιι
1416 5691 1724 5760 ‘·'s·÷2·;·÷.=*-51·*›-·
1785 5691 1884 5747 M„
1944 5687 2136 5743 Ηωωίἒ.
2192 5687 2246 5742 in
2297 5707 2496 5763 evang.
2546 5687 2634 5743 lib.
2686 5687 2764 5756 II,
2812 5691 2887 5745 17
2930 5679 2978 5764 ἕ
3011 5691 3119 5756 13;
3185 5687 3332 5762 Opp.
3381 5687 3430 5758 I,
3480 5690 3659 5746 1503.
3889 5686 3949 5754 2)
4000 5687 4070 5744 In
4119 5685 4390 5762 G'reyorii
4421 5706 4476 5746 ω

1092 5795 1440 5847 Naum-amat·
1504 5799 1740 5848 «ιψητέωψ
1820 5800 2160 5864 μψι.ν*.-ις·μῐ·ν-ι.·
2230 5788 2472 5870 (Juque,
2536 5794 2755 5850 Patrol.
2809 5792 3040 5851 Graeca
3090 5794 3279 5850 XXX
3286 5795 3345 5864 V,
3385 5797 3510 5853 407
3531 5789 3680 5871 sqq.)
3730 5795 3876 5850 lame
3931 5795 4105 5850 locum
4142 5793 4384 5865 frustra

1088 5899 1352 5975 *pmcn-*svs*
1543 5904 1600 5952 ii,-
1656 5903 1748 5971 ‘'ji-2
1804 5907 1996 5958 rammi
2052 5903 2426 5976 ι-μὲποορονωιι
2479 5921 2523 5956 c.
2559 5904 2598 5958 5
2613 5921 2632 5968 ,·
2680 5901 2715 5955 I.
2751 5902 2786 5956 I.
2838 5900 2917 5970 II,
2955 5905 3050 5959 30.
3238 5902 3298 5968 4)
3352 5899 3448 5971 Cf.
3496 5921 3677 5976 supra
3707 5920 3862 5957 ·ann.
3896 5905 3955 5960 2.
