4884 6717
697 537 751 596 b'l.
787 537 1006 594 coucicmu
1029 536 1310 595 canmmcause
1333 539 1371 596 A.
1391 538 1468 598 888.
1844 533 1904 598 Ὶ81

254 723 329 788 labe
354 734 478 789 remota
502 774 509 788 .
534 775 542 789 .
568 775 576 790 .
601 726 834 811 sempiternum
857 724 1035 790 munditiae
1059 746 1137 790 suae
1160 736 1287 790 mentes
1310 737 1437 791 nostras
1461 726 1625 810 emundet,
1657 738 1817 814 quatenus
1840 738 1907 793 tam

255 831 403 896 divinum
426 831 667 918 gloriosumque
690 833 881 918 mysterium
903 854 985 920 puro
1009 854 1106 897 sensu
1129 833 1322 919 cogitantes,
1345 856 1428 920 pura
1451 834 1572 921 pietate
1597 844 1771 916 sumentes,
1802 834 1908 899 incor-

255 947 369 1024 ruptae
392 937 629 1024 purificationis
652 940 791 1024 gratiam
814 961 1062 1025 consequamur.
1109 937 1193 1003 Cum
1216 940 1303 1003 enim
1326 938 1489 1003 Dominus
1513 938 1617 1005 dicat:
1648 941 1719 1029 Epo
1742 966 1810 1005 sam
1834 943 1909 1006 citas
1927 960 2048 1012 renisa.

255 1069 341 1125 vera,
366 1054 414 1108 et:
444 1045 541 1111 Pater
567 1071 653 1111 meas
683 1046 740 1110 dat
760 1047 849 1111 sobab
866 1069 982 1133 panem
1008 1046 1047 1110 de
1069 1046 1155 1112 eaelo
1178 1070 1296 1128 cmm,
1327 1056 1376 1110 et:
1411 1045 1495 1111 (loro
1517 1071 1587 1111 mea
1610 1071 1681 1112 aare
1704 1062 1749 1113 est
1770 1049 1859 1112 eidus
1882 1062 1911 1112 et
1927 1066 2072 1118 tastam-

222 1154 386 1239 ascopas's
408 1175 495 1217 mars
517 1176 588 1217 vere
606 1167 652 1217 est
665 1166 773 1239 patras,
797 1163 848 1217 et:
882 1151 949 1231 Qui
968 1152 1139 1218 manducat
1159 1178 1219 1233 me,
1243 1167 1272 1218 et
1292 1156 1361 1241 ipse
1384 1156 1467 1219 oioet
1485 1168 1617 1240 propter
1639 1179 1697 1235 me,
1721 1153 1806 1218 sicut
1827 1151 1909 1220 nihil
1927 1173 2029 1224 u.s,ss.

255 1258 343 1322 vitae
368 1270 520 1322 aeternae
544 1256 618 1323 ciba
641 1260 705 1322 nisi
736 1281 815 1323 vera
844 1260 972 1323 animae
1002 1258 1135 1324 refectio
1166 1259 1353 1346 appetenda
1383 1269 1442 1340 est,
1473 1259 1520 1323 ita
1549 1258 1630 1323 nihil
1660 1260 1789 1345 penitus
1819 1262 1907 1346 cogi·

255 1362 400 1446 tandum,
431 1365 494 1428 nisi
523 1364 611 1452 quod
644 1364 789 1452 spiritale
818 1376 851 1429 et
873 1364 1054 1430 immortale
1085 1375 1144 1429 est
1191 1364 1280 1446 Quid
1304 1377 1411 1430 autem
1435 1367 1562 1448 mirum,
1594 1366 1622 1429 si
1645 1365 1722 1430 fidei
1745 1367 1852 1451 gratio
1875 1377 1908 1431 et

255 1472 375 1536 virtute
397 1470 511 1535 divina
533 1471 606 1535 talis
631 1470 723 1536 cibus
748 1473 795 1536 sic
819 1472 965 1553 sumitur,
996 1484 1032 1536 ut
1061 1469 1276 1536 absorbeatur
1306 1471 1395 1558 quod
1424 1472 1561 1538 mortale
1589 1483 1638 1536 est
1661 1494 1681 1536 a
1704 1471 1797 1536 vita?
1843 1474 1909 1539 Hie
1927 1492 2030 1544 a.s,so.

255 1593 308 1660 est,
339 1579 386 1642 ait
415 1577 586 1659 Dominus,
616 1582 714 1666 panis
744 1579 783 1644 de
813 1580 899 1644 caelo
930 1578 1127 1657 descendens,
1162 1593 1204 1659 at,
1239 1582 1272 1644 si
1299 1582 1372 1666 qais
1401 1604 1440 1643 ers
1467 1583 1538 1666 ipso
1567 1579 1817 1660 manducaverit,
1847 1604 1909 1645 noa

210 1715 238 1755 ro
255 1688 419 1750 mariana.
467 1683 534 1749 Sed
557 1683 637 1770 quid
666 1685 808 1771 pertinet
837 1683 879 1748 ad
908 1686 1060 1749 virtutem
1085 1685 1280 1749 sacramenti
1308 1683 1396 1771 quod
1418 1687 1559 1771 pertinet
1581 1684 1623 1750 ad
1646 1684 1776 1750 visibile
1800 1707 1908 1750 saera

256 1790 425 1857 mentum?
472 1791 538 1872 Qui
570 1790 747 1856 manducat
776 1792 873 1874 intus,
903 1814 969 1856 non
999 1791 1094 1873 foris3
1126 1791 1182 1876 qui
1211 1789 1389 1856 manducat
1419 1792 1454 1854 in
1483 1790 1593 1873 eorde,
1621 1814 1688 1856 aon
1711 1792 1767 1878 qui
1790 1792 1909 1878 premit

255 1896 364 1961 dente.
400 1896 544 1962 Credere
568 1898 654 1963 enim
678 1898 712 1961 in
736 1919 810 1961 eum
834 1896 895 1962 boo
920 1909 969 1961 est
991 1896 1190 1962 manducare
1213 1919 1332 1984 panem
1355 1897 1484 1980 vivum3
1509 1898 1565 1982 qui
1588 1896 1694 1962 credit
1715 1896 1907 1981 manducat3

255 2001 463 2069 invisibiliter
497 2005 674 2090 saginatur,
709 2005 787 2091 quia
822 2014 855 2068 et
883 2002 1091 2068 invisibiliter
1119 2005 1310 2068 renascitur.
1364 2001 1577 2069 Sacramenta
1611 2013 1685 2068 sunt
1718 2005 1798 2088 ista,
1832 2003 1907 2069 ideo

256 2121 364 2175 autem
388 2110 542 2176 dicuntur
564 2121 778 2192 sacramenta,
803 2112 881 2197 quia
903 2111 936 2174 in
960 2111 1007 2175 eis
1031 2109 1121 2176 aliud
1143 2110 1282 2191 videtur,
1308 2109 1397 2175 aliud
1419 2108 1618 2196 intelligitur.
1659 2110 1756 2191 Quod
1778 2110 1909 2176 videtur

211 2218 399 2304 sepeciem
422 2215 523 2281 habet
545 2216 765 2303 corporalem;
791 2215 877 2304 quod
901 2216 1093 2302 intelligitur
1114 2217 1254 2282 fructum
1278 2215 1378 2281 habet
1393 2216 1582 2304 spiritalem.
1617 2216 1730 2281 Manet
1752 2218 1852 2304 igitur
1873 2218 1906 2281 in

255 2337 363 2388 mente
382 2323 526 2388 fidelium
550 2324 738 2410 incorrupta
760 2321 958 2388 venerabilia
981 2325 1129 2409 mysterii
1152 2325 1255 2388 virtus
1279 2335 1311 2387 et
1334 2322 1562 2388 efficacissima
1584 2324 1740 2410 potentis,
1763 2345 1906 2410 purgans

256 2429 385 2512 delicta,
416 2429 597 2495 emundans
620 2431 847 2512 conscientias,
880 2431 1053 2516 perficiens
1083 2431 1221 2516 gratiam
1252 2429 1485 2517 redemptionis
1517 2440 1550 2494 et
1572 2429 1694 2494 salutis.
1741 2429 1838 2494 Unde
1862 2430 1907 2495 ait

257 2536 462 2601 beatissimus
484 2536 664 2602 Iohannes:
694 2537 739 2602 Et
759 2540 890 2625 sanquis
912 2538 987 2625 filit
1007 2541 1075 2602 eias
1097 2537 1170 2602 Iesu
1196 2537 1320 2603 Christi
1340 2537 1488 2602 emundat
1512 2561 1569 2602 nos
1592 2538 1632 2602 ab
1655 2540 1744 2602 omni
1757 2552 1906 2624 peceato,·
1925 2558 2054 2610 arouse

256 2667 315 2708 vas
340 2665 469 2730 quoque
492 2643 660 2709 electionis
683 2643 822 2708 Paulus:
854 2645 976 2722 Quanto
998 2647 1111 2731 magis,
1134 2644 1250 2729 inquit,
1278 2646 1408 2730 sanquis
1436 2643 1566 2723 Chresti,
1589 2646 1649 2730 qai
1662 2667 1726 2730 per
1749 2643 1906 2732 Spiritum
1925 2664 2064 2716 seuseu.

210 2779 238 2819 so
254 2766 395 2816 sensuam
410 2754 608 2838 semetipsam
624 2751 738 2838 optallit
751 2752 986 2815 immaculatum
1002 2751 1081 2831 Dea,
1104 2751 1287 2816 emandavit
1300 2753 1520 2816 conscientiam
1535 2765 1673 2815 noemam
1696 2752 1736 2815 ab
1760 2753 1907 2838 operibus

256 2861 388 2923 mortuas
409 2857 456 2922 ad
475 2858 674 2923 serviendam
697 2857 766 2922 Deo
789 2861 923 2940 virenti,
953 2855 1010 2921 sed
1034 2869 1067 2921 et
1089 2858 1242 2943 princeps
1265 2856 1484 2943 apostolarum
1506 2856 1639 2921 Petrus:
1671 2856 1820 2938 Soieates,
1849 2857 1904 2938 ait,
1926 2860 2039 2954 ¹3g⁰fg¹v

256 2965 342 3051 qaod
363 2989 425 3030 aaa
447 2966 718 3052 corruptibilibus,
741 2989 821 3029 aura
844 2979 874 3029 et
894 2979 1032 3052 arpenta,
1061 2964 1219 3051 redempti
1238 2968 1312 3029 estas
1335 2963 1373 3028 de
1396 2989 1479 3028 oasa
1502 2967 1734 3029 conversatione
1750 2977 1906 3051 pamas
1969 2942 1975 2955 ι
2012 2946 2016 2955 ¹

255 3072 450 3150 traditionis,
483 3071 541 3136 sed
567 3073 735 3157 praecioso
769 3074 922 3158 sanquine
955 3085 1114 3156 tamquam
1148 3074 1228 3159 apsi
1258 3072 1501 3136 abeoamotimti
1532 3084 1561 3136 et
1589 3071 1741 3136 inuiolati
1775 3069 1905 3136 Christi.

256 3177 330 3243 Non
360 3199 439 3263 ergo
474 3175 678 3264 corruptibili
711 3175 871 3263 redempti
902 3199 1022 3241 sumus.
1075 3176 1148 3242 Hoc
1178 3175 1285 3241 fidelis
1320 3178 1419 3242 sumit
1452 3175 1493 3241 ad
1526 3176 1645 3260 vitam,
1680 3174 1834 3262 indignus
1864 3176 1907 3240 ad

211 3311 239 3352 ss
257 3306 412 3372 poenam3
443 3284 504 3349 hoe
535 3285 674 3370 pretium
698 3284 930 3371 redemptionis
954 3293 986 3348 et
1008 3284 1165 3347 viaticum
1189 3283 1302 3348 salutis
1326 3285 1550 3370 unusquisque
1574 3282 1717 3348 fidelium
1742 3280 1803 3347 sub
1826 3282 1908 3347 hora

256 3392 368 3456 mortis
390 3390 479 3456 fideli
502 3391 622 3478 pietate
653 3391 818 3477 exposcit,
849 3389 910 3454 boc
941 3411 976 3454 se
1005 3400 1214 3476 peccatorum
1246 3391 1375 3455 veniam
1405 3388 1609 3477 adepturum,
1642 3411 1662 3453 a
1690 3388 1906 3476 malignorum

257 3498 428 3584 spirituum
452 3500 584 3562 incursu
606 3498 640 3561 in
663 3499 736 3584 ipsa
758 3508 860 3561 morte
883 3495 1050 3578 tuendum,
1075 3496 1118 3561 ad
1140 3496 1297 3584 paradysi
1308 3517 1451 3561 'amoena
1464 3495 1644 3582 praesumit
1659 3493 1904 3561 admittendum.

257 3603 405 3691 Cumque
429 3603 536 3690 pulvis
560 3605 734 3668 revertitur
762 3605 939 3668 interram
970 3625 1071 3686 suam,
1103 3602 1190 3667 unde
1221 3613 1300 3683 erat,
1332 3603 1463 3689 spiritus
1486 3612 1606 3682 tamen,
1636 3601 1731 3666 huius
1763 3604 1906 3666 muueris
1924 3623 2085 3675 aessens.

257 3710 371 3775 solatio
394 3711 505 3792 fretus,
530 3711 624 3775 huius
648 3711 772 3797 gratiae
796 3708 959 3798 praesidio
982 3711 1135 3791 munitus,
1159 3709 1246 3774 redit
1268 3709 1310 3773 ad
1325 3708 1445 3791 Deum,
1470 3709 1525 3794 qui
1550 3707 1640 3772 dedit
1663 3707 1763 3789 illum,
1787 3709 1906 3773 necin

211 3843 239 3884 aa
258 3817 460 3905 depositione
485 3816 705 3904 corruptibilis
729 3819 874 3904 corporis
898 3818 947 3881 sui
972 3818 1123 3881 amittens
1146 3814 1425 3902 incorruptibilem
1449 3815 1589 3901 gratiam
1612 3815 1757 3901 corporis
1773 3813 1905 3880 Christi.

362 3924 467 4006 Haeo,
491 3934 587 4010 prout
603 3924 676 3988 Deo
692 3934 855 3989 annuente
870 3924 971 4010 potui,
996 3922 1037 3987 de
1054 3922 1191 3987 oonsilio
1215 3920 1452 3986 venerabilium
1476 3922 1704 4008 episcoporum
1729 3920 1771 3986 ad
1795 3921 1906 3986 aedili·

257 4032 417 4097 cationem
441 4029 601 4096 eeclesiae
624 4030 690 4095 Dei
714 4041 746 4095 et
769 4031 1045 4096 confirmationem
1070 4028 1249 4094 catbolieae
1272 4028 1350 4093 fidei
1372 4050 1477 4115 nuper
1499 4025 1610 4092 habito
1634 4025 1728 4092 brevi
1750 4028 1907 4115 paginula

256 4148 411 4203 annotare
442 4139 565 4217 curavi,
595 4136 698 4202 verba
728 4158 838 4201 eorum
869 4148 902 4201 et
931 4158 1055 4217 sensus,
1086 4134 1204 4222 quibus
1235 4135 1322 4200 valui
1353 4133 1463 4199 verbis
1494 4145 1526 4199 et
1556 4135 1789 4221 scripturarum
1817 4136 1905 4200 testi·

256 4245 373 4310 moniis
403 4244 573 4331 explicans
596 4254 629 4308 et
652 4244 829 4329 excogitati
860 4265 964 4330 nuper
993 4254 1026 4306 et
1050 4241 1227 4307 execrandi
1252 4242 1370 4306 erroris
1401 4241 1654 4306 confutationem
1685 4242 1718 4305 in
1750 4243 1905 4324 omnium,

209 4376 236 4415 as
256 4353 311 4438 qui
334 4351 415 4416 haee
440 4350 548 4437 legere
572 4351 625 4415 vel
648 4351 762 4415 audire
786 4349 956 4431 voluerint,
980 4350 1126 4414 notitiam
1150 4349 1329 4436 perferens,
1360 4359 1395 4412 ut
1424 4348 1597 4434 repudiata
1629 4358 1726 4434 atque
1750 4346 1905 4414 damnata

255 4457 382 4545 profani
412 4457 572 4544 dogmatis
602 4455 843 4523 fabulosissima
872 4457 1016 4520 vanitate
1047 4466 1080 4520 et
1110 4457 1287 4519 vanissime
1317 4454 1535 4537 fabulositate,
1566 4453 1680 4540 procul
1712 4452 1849 4519 abiectis
1873 4466 1906 4519 et

254 4563 345 4628 libris
368 4575 401 4628 et
423 4562 534 4628 verbis
557 4563 814 4628 mendacissimis
837 4563 1004 4649 vaniloqui
1027 4561 1179 4644 doctoris,
1211 4561 1251 4626 de
1274 4562 1448 4649 purissimo
1472 4562 1705 4647 scripturarum
1732 4561 1830 4645 fonte,
1863 4560 1904 4626 de

254 4671 472 4735 sincerissima
500 4681 629 4757 patrum
664 4669 822 4752 doctrina,
857 4668 898 4734 de
934 4666 1130 4733 venerabilis
1165 4668 1295 4733 concilii
1329 4668 1532 4750 auctoritate,
1567 4667 1645 4732 fidei
1681 4677 1714 4732 et
1748 4668 1904 4732 scientiae

254 4778 440 4842 hauriamus
460 4775 592 4859 fluenta,
617 4787 785 4841 servantes
801 4775 938 4840 sollicite
955 4774 1055 4839 semel
1078 4774 1232 4839 traditum
1256 4773 1350 4840 nobis
1373 4773 1451 4839 fidei
1473 4773 1663 4839 thesaurum
1686 4785 1719 4838 et
1741 4773 1904 4860 fugientes

208 4908 236 4947 a
254 4885 474 4972 oppositiones
498 4883 653 4949 scientiae
677 4882 750 4947 falsi
774 4884 913 4946 nominis
937 4893 970 4946 et
992 4882 1145 4968 profanas
1168 4904 1287 4946 vocum
1317 4882 1488 4963 novitates,
1519 4879 1560 4945 de
1589 4878 1708 4967 quibus
1739 4879 1904 4967 apostolus

254 4991 343 5055 fideli
359 4990 520 5078 discipulo
540 4992 602 5054 ait:
630 4991 845 5070 OTimotlise,
870 4990 1044 5076 deposituros
1067 4989 1199 5069 erastodi,
1224 4990 1367 5054 &odeas
1386 4990 1549 5076 profanas
1573 5012 1681 5053 vocum
1704 4990 1855 5053 navitam
1877 5001 1907 5053 et
1923 5007 2037 5102 rqpapis,

254 5102 466 5186 oppositiones
487 5100 581 5186 falsi
607 5100 746 5162 nominis
774 5099 934 5176 scientiae,
964 5119 1058 5181 quam
1091 5097 1222 5182 quidam
1246 5097 1460 5184 promittentes
1483 5097 1570 5160 cirea
1585 5095 1688 5183 fidem
1712 5094 1903 5160 weideruat
1969 5090 1975 5113 '
2010 5092 2015 5105 '

361 5204 444 5269 Cum
468 5226 546 5290 ergo
570 5202 751 5268 istiusmodi
781 5201 1044 5289 pseudoscientia
1073 5212 1106 5264 et
1131 5203 1269 5288 profana
1290 5223 1408 5266 vocum
1431 5201 1560 5266 novitas
1583 5199 1660 5265 fidei
1684 5200 1850 5266 excidium
1873 5211 1906 5265 et

255 5311 460 5396 naufragium
483 5311 593 5391 faeiat,
616 5309 706 5375 velut
729 5307 853 5373 seillam
878 5307 1041 5396 quandam
1066 5318 1099 5372 et
1117 5307 1265 5372 caribdin
1283 5329 1355 5372 eam
1371 5308 1511 5372 vitemus
1528 5316 1774 5392 metuamusque
1791 5307 1906 5371 intima

208 5441 236 5480 a
255 5417 363 5483 cordis
386 5416 570 5499 formidine,
593 5439 634 5481 ne
657 5417 739 5480 forte
763 5417 828 5479 iam
851 5416 885 5478 ia
907 5413 962 5479 illo
986 5425 1132 5501 tempore
1157 5435 1228 5478 esse
1252 5414 1468 5500 coeperimus,
1499 5411 1541 5477 de
1568 5434 1633 5499 quo
1657 5411 1742 5477 idem
1767 5412 1906 5478 terribili

364 5639 375 5686 l
397 5641 503 5688 remote
522 5672 528 5685 .
548 5673 555 5686 .
575 5671 582 5686 .
600 5627 803 5700 sempiternum]
822 5650 907 5684 muru
924 5631 995 5683 hiare
1012 5630 1118 5682 aideacr.
1188 5632 1222 5681 10
1240 5624 1315 5695 quid]
1334 5630 1406 5695 quod
1427 5629 1457 5680 P.
1523 5605 1698 5694 sacrementi]
1720 5646 1776 5681 non
1793 5630 1855 5682 add.
1874 5630 1906 5682 P.

255 5727 289 5775 20
308 5719 438 5789 nostram]
458 5731 576 5774 vestram
595 5723 626 5773 P.
645 5722 681 5772 M.
767 5725 800 5773 29
820 5724 908 5773 Deum
926 5739 939 5771 e
956 5738 1019 5772 sorr.
1039 5718 1070 5780 P,
1093 5719 1241 5769 Dominum
1260 5718 1297 5768 M.
1382 5721 1416 5769 st
1435 5720 1465 5769 in
1484 5721 1603 5769 omnium
1622 5743 1656 5752 -
1676 5719 1787 5771 oberrat
1802 5725 1840 5785 (p.
1856 5723 1907 5770 782

255 5815 272 5864 l.
286 5810 346 5879 lt)]
362 5814 422 5864 haee
439 5831 484 5863 aas
501 5830 558 5864 eam
575 5812 621 5863 iae
638 5813 757 5862 relatione
774 5811 948 5877 coniungenda
964 5808 1123 5870 credidimus,
1149 5824 1300 5874 qumquam
1317 5807 1498 5858 aarum
1515 5804 1544 5871 (t
1563 5807 1580 5858 t
1595 5825 1624 5873 p.
1639 5811 1675 5858 47
1686 5804 1733 5874 sq.)
1750 5825 1780 5860 ea
1797 5808 1907 5859 arctiora

257 5902 332 5953 Flori
352 5902 517 5954 Οοτὺίοαωὶ
533 5901 656 5962 attribuit,
673 5909 729 5966 post
746 5900 820 5952 sabe
838 5907 932 5965 optata
950 5897 1090 5964 gaudeant
1107 5898 1226 5948 sanitate
1244 5891 1334 5962 (sapsa
1348 5913 1377 5961 p.
1393 5900 1444 5947 770
1462 5897 1479 5948 t
1496 5893 1542 5960 37)
1555 5895 1684 5962 masada.
