4884 6717
732 537 797 593 50.
831 537 1051 594 coucluluu
1075 535 1302 593 PARISIENSE
1325 539 1362 593 Α.
1384 536 1459 593 829.
1860 531 1926 594 653

378 728 459 807 (57).
483 724 662 812 Caplll.
702 725 763 789 De
787 723 995 811 periculo
1019 725 1143 809 regis
1167 735 1209 788 et
1232 724 1347 810 qued
1371 723 1488 788 bene
1512 735 1701 808 agentes
1724 745 1926 790 remune-

270 855 399 914 rsre,
424 832 541 896 male
565 855 677 896 vero
704 843 906 917 agentes
930 853 1012 894 sua
1042 832 1345 895 auctoritate
1376 832 1680 917 conprimere
1712 853 1925 895 oausam-

271 961 357 1026 que
392 961 649 1025 pauperum
685 936 738 1001 sd
774 960 819 1001 se
855 936 1049 1023 ingredi
1084 936 1261 1001 debeat
1294 937 1471 1002 facere.
1527 937 1804 1024 Ad1peceatum
1839 939 1926 1023 regis

270 1047 421 1134 pertinet,
446 1044 576 1132 quando
600 1043 762 1108 iudicibus
791 1045 1013 1130 ministrisque
1045 1045 1165 1130 iniquis
1196 1045 1411 1108 ministerium
1442 1067 1535 1109 suum
1564 1043 1810 1131 adimplendum
1840 1067 1926 1108 eom·

239 1154 384 1235 emittit3
408 1151 625 1238 nequeenim
649 1151 864 1215 ministerium
887 1173 980 1215 suum
1004 1173 1064 1237 per
1086 1149 1167 1214 alios
1190 1161 1315 1214 tantum
1339 1149 1567 1215 administrare
1592 1162 1682 1214 etse
1707 1149 1748 1214 ab
1773 1172 1812 1214 eo
1829 1149 1927 1215 debet

271 1260 426 1324 alienare.
465 1258 539 1322 Non
563 1279 641 1342 ergo
664 1256 813 1338 dicimus,
837 1270 872 1321 ut
896 1257 981 1321 solus
1005 1258 1111 1342 iurgia
1135 1268 1168 1320 et
1183 1259 1425 1343 quaerimonias
1448 1257 1559 1344 populi
1576 1257 1689 1322 audiat
1704 1268 1737 1322 et
1752 1258 1927 1342 investiget

272 1378 306 1431 et
328 1366 471 1446 deliniat,
496 1365 648 1451 quoniam
673 1386 880 1450 nequaquam
904 1363 1051 1427 adhaec
1075 1363 1163 1427 solus
1187 1363 1338 1427 sufficere
1362 1375 1478 1449 potest,
1503 1364 1561 1428 sed
1578 1366 1692 1450 magis,
1709 1375 1746 1429 ut
1767 1363 1849 1428 tales
1865 1362 1926 1427 sub

272 1495 307 1538 se
331 1474 483 1537 timentes
506 1471 614 1535 Deum
639 1481 672 1534 et
694 1471 865 1534 avaritiam
889 1469 1036 1534 odientes
1060 1471 1245 1548 constituat,
1262 1492 1321 1557 per
1337 1493 1418 1556 quos
1435 1492 1545 1556 regem
1561 1494 1675 1557 regum
1692 1495 1757 1535 non
1772 1470 1926 1534 offendat

273 1579 395 1661 Quales
419 1591 527 1643 autem
552 1576 771 1642 constituendi
794 1578 867 1656 sint,
892 1574 976 1640 liber
1000 1576 1248 1640 Deuteronomii
1272 1577 1468 1658 manifestat,
1494 1580 1527 1642 in
1551 1601 1615 1664 quo
1639 1578 1775 1662 legitur:
1799 1578 1928 1643 Iudices
1946 1593 2082 1642 venter-1⁶.

228 1717 256 1756 ιο
272 1702 302 1753 st
322 1689 490 1774 magistros
512 1687 676 1749 constitues
701 1687 733 1748 in
757 1685 900 1748 omnibus
917 1686 1023 1769 portis
1046 1686 1119 1762 uris,
1149 1709 1229 1768 quos
1253 1684 1399 1748 (Zerninus
1422 1685 1510 1748 Ileus
1533 1700 1603 1749 tuus
1627 1686 1750 1750 dederit
1772 1687 1842 1765 tibi,
1865 1710 1927 1771 per
1976 1648 2009 1686 η’
2019 1647 2051 1686 1⁹⁴

272 1794 417 1880 singulas
439 1793 540 1856 tribus
562 1807 643 1869 uras,
666 1805 700 1854 ut
721 1790 862 1854 iudicent
880 1792 1034 1876 populum
1058 1792 1139 1854 iusto
1163 1790 1287 1854 iudicio
1312 1815 1365 1855 nec
1388 1794 1422 1855 in
1446 1793 1590 1877 aliquam
1607 1806 1734 1878 partem
1763 1792 1926 1856 declinent.

273 1899 357 1963 Item
381 1897 444 1961 ibi:
476 1898 620 1983 Diuique
644 1899 731 1960 uobis
761 1900 795 1961 in
828 1898 884 1960 illo
915 1911 1068 1982 tempore:
1103 1896 1175 1960 Non
1206 1922 1337 1983 possum
1372 1900 1458 1962 solus
1491 1902 1644 1963 sustinere
1679 1923 1743 1980 cos,
1779 1900 1927 1984 quoniam
1948 1920 1978 1957 u.
1988 1918 2091 1968 1‚s-1s.

273 2007 421 2071 dominus
442 2005 530 2069 Deus
555 2019 651 2068 uester
674 2005 900 2090 multiplicavit
922 2027 986 2083 cos,
1010 2018 1038 2066 et
1060 2006 1133 2068 estes
1156 2004 1249 2068 bodie
1272 2008 1355 2068 sicut
1375 2007 1462 2068 stelle
1479 2007 1563 2070 caeli
1579 2007 1729 2092 pbrrime.
1772 2005 1930 2069 Dominus

275 2113 363 2178 Deus
379 2127 510 2199 patrum
534 2126 704 2175 uestrorum
727 2110 829 2174 addat
850 2110 897 2173 ad
917 2111 998 2173 bunc
1021 2135 1183 2175 numerum
1207 2112 1305 2174 rnrdta
1321 2113 1415 2176 milia
1431 2127 1460 2176 et
1473 2114 1587 2200 furiat
1604 2114 1699 2192 uobis,
1714 2114 1797 2176 sicut
1811 2113 1931 2176 locrrtus

231 2248 256 2288 rs
274 2235 327 2285 est.
374 2219 447 2283 Xon
474 2219 559 2282 caleo
582 2218 668 2281 solus
689 2219 842 2281 sustinere
867 2232 966 2280 uestra
991 2220 1112 2302 nepotis
1137 2231 1165 2281 et
1189 2217 1318 2305 pondus
1342 2233 1370 2282 ct
1400 2221 1516 2304 iurgia.
1571 2219 1653 2283 Ilate
1683 2245 1698 2282 e
1729 2221 1814 2283 robis
1846 2221 1930 2282 uiros

273 2329 430 2414 sapientes
453 2340 482 2390 et
501 2348 619 2410 pueros
642 2338 670 2388 et
692 2348 825 2409 quorum
848 2326 1042 2388 conuersatio
1064 2326 1107 2387 sit
1123 2325 1262 2409 probata
1287 2326 1320 2388 in
1344 2326 1486 2389 tribubus
1510 2329 1629 2390 uestris.
1685 2323 1761 2388 Iob:
1795 2325 1928 2403 Quando
1949 2345 2102 2392 resera-s.

271 2433 480 2521 procedebam
504 2431 550 2494 ad
571 2445 699 2517 portam
724 2432 863 2494 ciuitatis
886 2444 914 2494 et
937 2432 969 2493 iu
996 2431 1105 2516 platea
1130 2432 1296 2516 parabant
1324 2431 1505 2496 cotbcdrum
1539 2433 1643 2496 mibi?
1697 2432 1850 2496 Videbunt
1882 2456 1930 2495 me

275 2544 401 2605 iuuenes
424 2554 452 2604 et
480 2537 759 2614 abscondebantur,
790 2551 818 2601 et
846 2561 933 2601 senes
955 2537 1158 2622 adsurgentes
1191 2538 1323 2601 stabant.
1382 2537 1551 2625 Principes
1586 2541 1748 2604 cessabant
1780 2540 1872 2624 loqui
1903 2554 1931 2603 et

275 2648 409 2733 digitum
432 2646 683 2732 superponebant
705 2646 759 2707 ori
778 2668 843 2707 suo.
899 2640 981 2706 Cum
1013 2641 1130 2728 quibus
1161 2643 1260 2706 etiam
1291 2665 1350 2707 rex
1382 2644 1509 2729 pondus
1539 2646 1705 2730 regiminis
1736 2645 1786 2709 sui
1816 2645 1928 2731 partiri

228 2752 404 2834 redebeat,
428 2750 512 2816 liber
534 2749 642 2814 Exodi
667 2749 876 2830 demonstrat,
901 2750 934 2812 in
959 2772 1023 2834 quo
1046 2749 1180 2833 legitur:
1211 2749 1351 2815 Provide
1381 2765 1482 2816 autem
1513 2752 1551 2816 de
1582 2755 1670 2816 omni
1693 2753 1813 2838 populo
1844 2755 1930 2817 uiros
1947 2759 2065 2855 {qod-²3⁸,

272 2875 409 2948 potentes
432 2875 460 2924 et
482 2862 621 2923 timentes
644 2857 757 2935 Deum,
782 2859 815 2920 in
840 2858 954 2942 quibus
976 2859 1019 2920 sit
1041 2860 1158 2921 ceritas
1180 2871 1208 2920 et
1231 2860 1291 2942 qui
1311 2857 1436 2922 oderint
1457 2861 1648 2939 auaritiam,¹
1672 2874 1700 2923 et
1721 2860 1869 2923 constitue
1892 2883 1931 2923 ea
1989 2839 2012 2846 -
2043 2845 2049 2856 ’

275 2971 322 3033 es‘s
356 2968 497 3031 tribunos
526 2979 555 3029 et
584 2967 778 3029 centuriones
813 2977 842 3027 et
875 2965 1176 3050 quinquagenarios,
1210 2966 1271 3049 qui
1302 2964 1443 3029 iudicent
1471 2967 1626 3051 populum
1664 2968 1753 3030 omni
1783 2979 1927 3051 tempore.

277 3073 439 3160 Quicquid
460 3087 561 3136 autern
586 3073 690 3135 maius
705 3071 815 3158 fuerit
837 3070 977 3157 referent
998 3069 1044 3132 ad
1065 3085 1092 3133 te
1115 3072 1235 3155 stipsi
1254 3073 1379 3134 minora
1403 3072 1614 3136 tantummodo
1636 3072 1791 3152 iudicent,
1816 3071 1929 3136 leuius·

274 3205 333 3267 que
356 3181 418 3245 tibi
436 3183 480 3244 sit
496 3181 619 3265 partito
643 3180 677 3242 in
701 3178 784 3241 alios
808 3201 907 3240 onere.
957 3175 998 3240 Si
1018 3177 1074 3240 boc
1090 3177 1226 3263 feceris,
1250 3178 1399 3263 implebis
1423 3180 1592 3264 imperium
1616 3178 1754 3243 Domini
1780 3193 1808 3242 et
1834 3203 1928 3264 prae·

228 3313 256 3353 ss
275 3302 362 3374 cepta
386 3289 454 3352 eius
472 3287 594 3372 poteris
620 3298 810 3364 antestare,
840 3297 868 3347 et
896 3285 997 3347 omnis
1027 3283 1078 3346 bic
1101 3284 1245 3369 populus
1274 3298 1443 3349 revertetur
1473 3309 1542 3348 crim
1571 3310 1653 3371 paee
1688 3285 1733 3349 ad
1762 3286 1831 3349 loca
1860 3309 1927 3348 sira.

277 3394 397 3472 Quibus
419 3392 541 3457 auditis
556 3391 681 3476 Moyses
697 3391 783 3477 fecit
805 3392 923 3468 omnia,
947 3414 1026 3475 quae
1043 3389 1147 3453 Ietbro
1172 3390 1228 3454 illi
1247 3405 1449 3478 suggesserat
1497 3390 1541 3454 Et
1563 3393 1668 3456 electis
1692 3395 1773 3456 airis
1794 3393 1931 3456 strenuis

275 3501 313 3566 de
343 3514 450 3565 cuncte
473 3498 601 3563 Israbel
629 3499 787 3561 constituit
815 3521 866 3561 eos
894 3499 1063 3582 principes
1091 3498 1220 3583 populi,
1255 3499 1397 3562 tribunos
1431 3513 1460 3561 et
1492 3501 1686 3562 centuriones
1716 3513 1745 3562 et
1773 3501 1928 3584 quinqua·

271 3610 421 3696 penurias
443 3621 472 3670 et
494 3606 637 3682 decanos,
661 3606 721 3689 qui
742 3603 927 3668 iudicabant
945 3603 1065 3688 plebem
1092 3606 1180 3667 omui
1204 3618 1357 3690 ternpore,
1387 3605 1543 3690 quicquid
1571 3620 1674 3670 aretem
1700 3609 1834 3692 prorius
1863 3620 1931 3668 erat

274 3715 455 3804 referebant
476 3713 522 3776 ad
544 3737 621 3776 eum.
671 3709 768 3790 Quod
791 3731 869 3773 vero
892 3731 952 3773 rex
983 3731 1115 3773 causam
1147 3727 1328 3796 pauperum
1358 3708 1401 3773 ad
1430 3732 1465 3773 se
1496 3710 1623 3796 ingredi
1654 3711 1763 3776 faeere
1795 3723 1827 3776 et
1858 3711 1929 3776 dili·

228 3848 256 3889 sa
273 3834 389 3908 genter
412 3818 532 3884 debeat
554 3819 729 3904 inquirere,
753 3814 811 3879 dat
833 3814 970 3900 intelligi
994 3813 1082 3896 illud,
1107 3815 1196 3902 qued
1218 3815 1367 3902 legimus,
1391 3817 1570 3903 antiquitus
1593 3817 1718 3883 iudices
1742 3817 1865 3883 ideirco
1895 3820 1928 3883 in

273 3940 369 4016 porta
391 3925 434 3991 ad
457 3924 667 3990 iudicandum
695 3922 828 4004 sedisse,
860 3931 895 3985 ut
924 3920 1031 3986 nullus
1061 3922 1242 3987 secedendi
1273 3920 1497 3986 difficultatem
1528 3934 1584 3988 aut
1614 3926 1774 4010 quispiam
1807 3926 1927 3990 civium
1947 3940 2079 4032 ‘'m“-

274 4036 339 4099 vim
368 4045 424 4097 aut
453 4031 647 4097 calumniam
678 4051 814 4093 neeesse
845 4026 980 4092 haberet
1010 4029 1180 4095 sustinere.
1234 4028 1312 4092 Ideo
1344 4038 1376 4092 et
1399 4028 1608 4095 Hierusalem
1638 4032 1754 4095 civitas
1785 4021 2088 4096 iustitiaeu.1i.1,‘ss.

274 4152 392 4206 vocata
419 4151 478 4220 est,
503 4137 657 4224 quamdiu
681 4138 714 4200 in
738 4159 778 4200 ea
801 4137 886 4201 iusta
915 4133 1155 4199 exercebantur
1183 4134 1314 4214 iudicia,
1346 4135 1424 4221 quia
1454 4159 1518 4200 non
1549 4136 1797 4223 permittebatur
1827 4139 1859 4201 in
1889 4161 1928 4202 ea
1947 4100 2077 4148 M’M'

273 4245 496 4313 erectoribus
520 4246 673 4331 iniquitas
697 4264 898 4329 permanere.
947 4239 1043 4321 Quod
1073 4263 1151 4306 vero
1182 4263 1242 4305 rex
1275 4239 1377 4304 bonos
1408 4241 1583 4307 sublimare
1614 4255 1647 4307 et
1677 4243 1778 4308 malos
1810 4242 1928 4309 debeat

228 4379 255 4420 ss
273 4355 493 4441 conprimere,
529 4349 693 4438 apiostolus
723 4349 840 4414 Petrus
870 4348 966 4413 docet
1000 4347 1129 4412 dicens:
1167 4348 1298 4412 Subditi
1327 4363 1418 4414 estote
1455 4353 1544 4414 omni
1577 4352 1731 4414 brimonne
1766 4366 1928 4416 creaturae
1948 4373 2064 4424 trous,

267 4477 402 4552 propter
432 4460 545 4537 Deum,
577 4461 644 4522 sire
675 4459 745 4544 repi
776 4459 873 4542 quasi
896 4457 1108 4543 praecellenti
1138 4459 1205 4520 siae
1240 4456 1372 4520 ducibus
1406 4471 1565 4542 tamqnam
1599 4459 1639 4522 ab
1674 4483 1708 4522 co
1743 4461 1851 4523 missis
1884 4460 1930 4523 od
1968 4429 2041 4470 Μ’

275 4570 447 4635 uindictam
471 4568 724 4654 malefactorum,
749 4563 873 4627 laudern
900 4587 970 4626 uero
997 4564 1156 4652 bonorum.
1212 4561 1306 4641 Quae
1337 4559 1439 4625 verba
1470 4563 1515 4626 ita
1538 4562 1630 4627 Beda
1659 4565 1810 4651 exponit:
1842 4571 1928 4630 Non²

273 4686 349 4758 quod
379 4701 487 4750 omnes,
519 4683 566 4753 qui
597 4701 614 4736 a
643 4681 758 4753 regibus
789 4680 942 4732 mittuntur
976 4678 1074 4744 duces,
1106 4677 1153 4731 vel
1187 4677 1261 4732 male
1296 4677 1437 4732 facientes
1471 4680 1572 4750 punire
1607 4679 1654 4734 vel
1688 4681 1776 4736 bonos
1810 4680 1926 4736 laudare

273 4793 421 4854 noverint,
446 4791 509 4856 sed,
534 4807 590 4859 que
616 4807 679 4842 esse
704 4786 810 4842 debeat
834 4785 908 4838 aetio
931 4785 997 4839 boni
1021 4785 1110 4850 dueis,
1135 4784 1301 4855 simpliciter
1324 4794 1429 4852 uenat,
1454 4785 1506 4840 hoe
1538 4793 1592 4854 est,
1623 4793 1655 4841 ut
1684 4791 1757 4842 male
1788 4788 1928 4842 facientes

227 4912 256 4950 ιο
273 4900 425 4956 coherceat
461 4907 491 4952 et
521 4896 596 4950 bene
632 4901 752 4964 agentes
782 4899 957 4946 remuneret.
1015 4880 1102 4945 llinc
1137 4882 1170 4945 in
1206 4881 1341 4945 historia
1375 4881 1488 4967 gentili
1522 4883 1660 4948 refertur
1694 4886 1793 4948 moris
1827 4884 1927 4949 fuisse

272 4997 427 5062 Romanis
452 5015 585 5081 parcere
610 4990 765 5058 subiectis
789 5003 821 5054 et
844 4987 1008 5053 debellare
1034 4986 1191 5075 superbos
1202 4993 1224 5050 ³.
1264 4986 1371 5071 Quod,
1396 4988 1526 5074 quando
1550 4992 1644 5075 pravi
1667 4991 1792 5066 iudices
1808 4990 1926 5078 populo

273 5104 339 5170 Dei
363 5101 601 5190 praeferuntur,
626 5098 669 5163 ad
692 5096 846 5162 delictum
871 5095 956 5160 illius
979 5097 1151 5183 pertineat,
1175 5117 1194 5158 a
1219 5117 1283 5180 quo
1307 5096 1556 5176 constituuntur,
1581 5095 1669 5161 dicta
1684 5096 1801 5162 Isidori
1825 5099 1927 5162 mani-

380 5375 434 5426 111.
464 5377 496 5424 13
515 5372 597 5436 hodie
617 5372 644 5421 tt
738 5373 769 5420 14
789 5370 824 5420 sd
843 5363 927 5432 hunc]
946 5368 1034 5430 adhuc
1054 5366 1085 5416 P.
1177 5368 1210 5417 23
1230 5369 1335 5417 minore
1355 5366 1383 5417 I'.
1468 5370 1501 5417 24
1522 5373 1696 5434 praeceptum
1716 5368 1744 5418 V.
1833 5371 1867 5421 26
1886 5368 1927 5420 illi

271 5458 456 5532 suggesserat]
475 5462 520 5530 ille
539 5468 696 5527 sogesserat
715 5460 742 5514 l',
763 5458 803 5509 illi
823 5467 947 5524 gesserat
966 5453 997 5506 Ρ.
1071 5458 1103 5508 tt
1124 5451 1384 5521 quinquagenarios]
1403 5457 1631 5521 quiqusdsnsrios
1652 5457 1678 5506 1'.
1752 5459 1786 5510 32
1806 5459 1926 5526 eslnmp·

226 5569 255 5611 ὠ
273 5557 345 5606 niam
365 5551 396 5604 P.
470 5555 503 5603 35
524 5553 658 5603 humanae
677 5549 743 5600 deest
763 5546 792 5599 P.

383 5792 411 5860 1)
443 5787 493 5860 Cf.
517 5787 605 5844 Ionas
627 5786 735 5852 Aurei,
766 5783 813 5839 De
841 5781 1011 5839 institutione
1040 5780 1120 5856 regia
1151 5800 1174 5836 c.
1199 5785 1228 5838 5
1328 5781 1358 5850 2)
1384 5779 1475 5850 Beda,
1509 5780 1660 5855 &positio
1683 5782 1712 5839 in
1736 5779 1759 5838 I.
1784 5782 1928 5858 epistolam

272 5895 354 5954 Petri
376 5916 398 5951 c.
414 5899 452 5964 2;
477 5893 585 5970 quue,
610 5892 719 5948 Patrai.
742 5893 790 5947 lat.
815 5887 927 5958 XCIII,
945 5892 994 5948 52.
1087 5888 1117 5954 3)
1144 5885 1191 5959 Cf.
1215 5887 1357 5964 Virpilius,
1382 5887 1483 5944 densis
1505 5887 1550 5945 VI
1566 5909 1591 5944 v.
1609 5893 1680 5948 853.
