4884 6717
676 535 732 592 44.
768 533 987 594 eudemum
1010 531 1239 594 Psnmlssss
1262 539 1299 592 A.
1318 535 1393 594 825.
1797 529 1864 593 tlt

315 722 354 787 In
378 722 566 787 definitione
593 725 698 789 sancti
722 726 807 789 sexti
830 726 997 810 et'magni
1012 724 1150 789 ‘concilii
1174 739 1248 811 cap.
1265 722 1459 788 LXXXII:
1485 727 1537 787 1n¹
1561 733 1726 803 quibasdam
1749 745 1862 787 venen·

207 839 305 894 biliam
326 839 477 911 imaginum
500 840 613 910 picturis
636 859 723 912 mus
746 841 833 912 digito
855 835 1040 911 praecursoris
1063 849 1228 895 monstratus
1251 841 1420 910 designatae.
1443 841 1490 911 qui
1514 841 1540 893 in
1564 841 1671 911 signum
1687 840 1799 894 relictus
1823 849 1866 893 est

207 946 324 1017 gratiae,
354 963 448 1000 rerum
478 947 558 1001 nohis
580 965 632 1018 per
661 949 753 1020 legem
775 957 997 1018 praemonstrans
1021 966 1121 1019 agnmn
1144 948 1282 1002 Christrmr
1306 948 1397 1001 Deum
1420 955 1551 1006 nostrane.
1580 948 1629 1018 qui
1657 947 1770 1001 abstrdit
1798 963 1864 1016 pec·

207 1060 270 1107 cata
292 1054 394 1107 mundi.

176 1183 190 1221 s
315 1150 359 1214 Et
387 1161 461 1237 poet
490 1174 611 1237 pauca:
648 1155 824 1216 Secundum²
851 1161 998 1216 humanam
1033 1161 1148 1232 flgrrram
1179 1168 1206 1216 et
1238 1162 1265 1215 in
1295 1161 1459 1230 imaginibus
1492 1178 1562 1214 nunc
1595 1178 1645 1231 pro
1676 1160 1760 1213 reteri
1790 1177 1863 1230 agno

207 1267 343 1321 retitulari
370 1268 550 1336 decemimus,
580 1286 631 1337 per
661 1268 749 1339 ipsum
778 1268 939 1322 humilitatis
968 1268 1140 1322 altitudinem
1164 1268 1219 1322 Dei
1246 1268 1323 1321 uerbi
1352 1268 1557 1321 considerantes
1587 1275 1615 1320 et
1646 1267 1682 1320 ad
1704 1268 1864 1320 memoriam

207 1391 281 1444 quae
304 1373 332 1428 in
354 1391 436 1429 earne
461 1375 575 1429 actionis
598 1376 703 1445 quique
726 1375 859 1445 passionis
883 1374 942 1428 eius
965 1383 993 1428 ct
1015 1375 1175 1429 salutiferae
1205 1375 1300 1428 mortis
1322 1374 1447 1427 manibus
1478 1374 1587 1427 educati
1615 1381 1643 1426 et
1667 1391 1740 1444 quae
1763 1373 1862 1427 abhinc

207 1480 281 1534 faeta
305 1489 347 1535 est
369 1482 462 1535 mnndi
483 1482 636 1551 redemptio
660 1481 692 1535 et
716 1483 835 1536 cetera.

315 1577 411 1643 Unde
435 1589 468 1641 et
490 1576 606 1668 beatus
629 1579 832 1664 Augustinus
856 1579 889 1642 in
913 1579 1123 1664 nonagesimo
1146 1578 1293 1642 secundo
1317 1576 1442 1664 psalmo
1466 1577 1587 1663 inquit:
1619 1583 1670 1640 Si3
1693 1595 1785 1640 auum
1807 1605 1863 1640 noa

163 1716 190 1754 ιο
208 1695 308 1748 adoras
331 1694 358 1748 in
374 1694 481 1748 Christo
505 1695 557 1748 ista
580 1702 698 1762 terrena,
721 1696 846 1765 quamvis
869 1696 904 1750 de
927 1694 982 1749 illis
1004 1695 1152 1748 similitudo
1176 1695 1314 1765 quaedam
1329 1695 1395 1747 data
1412 1702 1453 1747 est
1468 1695 1503 1747 ad
1520 1692 1728 1764 significandum
1744 1701 1863 1762 sanctos,

207 1802 242 1856 de
258 1818 433 1872 quacumque
457 1809 582 1855 creatura
606 1803 688 1855 ducta
711 1802 796 1856 fuerit
818 1802 977 1864 similitudo,
999 1809 1029 1855 tu
1052 1802 1176 1872 intellige
1201 1802 1404 1854 similitudinem
1422 1807 1564 1854 creaturae
1582 1809 1610 1854 et
1626 1801 1711 1853 adora
1728 1799 1862 1854 artificem

206 1917 349 1961 creaturae
374 1907 406 1960 et
429 1909 548 1962 cetera.

315 2003 397 2068 Item
415 2006 518 2068 sancti
534 2005 707 2069 Athanasii
722 2006 868 2091 episcopi
884 2003 1102 2068 Alexandrini
1126 2004 1167 2068 de
1184 2004 1413 2068 humanatione
1430 2004 1575 2085 Domini,
1602 2005 1693 2068 cuius
1716 2004 1861 2068 initium:

207 2116 402 2176 Sufficienter⁴
425 2122 537 2191 qrridem
559 2123 594 2176 de
617 2122 660 2175 his
681 2123 773 2175 inultis
797 2139 886 2191 pauca
910 2128 1048 2176 sunrentes
1072 2121 1262 2174 intimavimus.

163 2247 189 2286 rs
314 2217 359 2281 Et
387 2230 477 2303 post:
509 2224 606 2282 Sicut⁵
637 2247 679 2294 ea,
709 2246 782 2299 qnae
813 2227 938 2282 scribitur
966 2229 994 2282 in
1024 2228 1114 2298 lignis,
1143 2228 1233 2280 forma
1256 2227 1361 2281 abolita
1391 2227 1571 2282 exterioribus
1601 2226 1734 2290 sordibus,
1763 2228 1862 2282 iterum

207 2351 320 2389 necesse
350 2335 377 2388 id
408 2335 496 2404 ipsum
526 2336 681 2405 recuperari
705 2343 789 2405 atque
812 2335 882 2389 uniri
906 2334 941 2396 ei,
971 2335 1046 2387 cuius
1076 2341 1118 2388 est
1141 2335 1240 2402 sonna,
1270 2342 1299 2387 nt
1329 2335 1451 2388 innovari
1481 2335 1567 2404 possit
1597 2335 1688 2404 imago
1712 2335 1739 2388 in
1763 2336 1861 2389 eadem

206 2442 324 2496 materia
347 2449 430 2511 atqrre
455 2442 600 2496 elemento.
645 2442 701 2496 Per
724 2443 781 2496 eius
805 2441 877 2495 enim
900 2441 1016 2494 ienuam
1040 2449 1068 2494 ct
1090 2441 1150 2510 ipsa
1174 2441 1298 2506 materia,
1327 2441 1373 2494 ubi
1397 2449 1425 2494 et
1447 2441 1635 2500 conscribitur,
1658 2459 1713 2495 non
1735 2441 1861 2510 deicitur,

206 2549 256 2602 sed
279 2548 308 2602 in
331 2565 365 2601 ea
388 2549 447 2617 ipsa
471 2546 666 2618 ccrnfigaratur.

314 2645 397 2709 Item
421 2643 509 2709 beati
532 2644 698 2709 Ambrosii
721 2644 976 2708 Mediolanensis
1000 2645 1145 2731 episcopi
1170 2644 1211 2708 ad
1229 2643 1423 2709 Gratianum
1447 2646 1687 2733 imperatorem,
1712 2670 1755 2711 ex
1777 2646 1861 2711 libro

163 2780 190 2819 so
207 2753 302 2815 lertio
327 2773 398 2837 cap.
415 2774 517 2815 nono:
542 2762 748 2832 Nmnquidnam
758 2757 779 2826 ὓ,
802 2762 913 2831 quando
930 2769 958 2816 et
973 2763 1105 2816 deitatem
1121 2771 1149 2814 et
1164 2778 1274 2815 carnem
1291 2762 1350 2815 eius
1365 2763 1520 2821 adoramus,
1543 2763 1686 2816 dividimus
1702 2763 1864 2817 Christum?

206 2867 264 2922 Ant
288 2870 398 2938 quaudo
422 2869 450 2921 in
473 2868 533 2938 ipso
557 2879 585 2922 ct
607 2869 661 2923 Dei
685 2869 831 2939 imaginem
855 2875 883 2922 et
906 2886 1015 2922 erucem
1039 2869 1193 2930 adoramus,
1215 2869 1360 2922 dividimus
1383 2871 1467 2922 eum?
1512 2869 1601 2923 Absit.

314 2965 398 3029 Item
427 2963 517 3028 beati
548 2964 700 3050 Gregorii
731 2965 856 3051 Nyseni
887 2966 1033 3052 episcopi
1064 2966 1149 3029 iuter
1179 2964 1290 3051 plura,
1322 2964 1378 3028 ubi
1407 2964 1447 3029 de
1478 2964 1645 3030 Abraham
1676 2989 1859 3031 sermonem

207 3072 361 3135 instituit:
393 3076 480 3136 vicii
503 3082 651 3152 imaginem
680 3082 815 3152 passionis
845 3088 872 3137 et
901 3101 956 3136 non
986 3083 1044 3136 sine
1076 3082 1194 3135 lacrimis
1216 3082 1348 3135 visionem
1377 3083 1491 3136 transin¹
1520 3101 1590 3153 opus
1613 3084 1679 3137 artis
1701 3085 1737 3137 ad
1760 3084 1860 3138 faciem

207 3189 345 3243 deducens
368 3189 508 3242 hismriam
532 3189 564 3242 et
587 3190 705 3243 cetera.

162 3311 189 3352 rs
314 3285 397 3348 Item
421 3287 490 3371 ipse
515 3286 548 3349 in
571 3287 838 3372 interpretatione
863 3287 896 3349 in
920 3287 1048 3350 cantica
1079 3287 1297 3350 canticorum:
1329 3290 1427 3350 SicutS
1457 3313 1522 3350 vero
1551 3297 1703 3367 conscripta
1734 3299 1860 3351 doctrina

206 3402 322 3456 materia
346 3403 483 3472 ‹lsraedam
512 3409 562 3468 est,
592 3402 630 3455 ita
659 3403 768 3455 omnino
799 3402 827 3455 in
849 3403 963 3456 diversis
985 3403 1118 3466 tincturis,
1145 3421 1218 3473 qliae
1241 3404 1381 3473 complent
1404 3402 1548 3456 arrinrantis
1572 3404 1761 3458 imitationem.
1808 3404 1861 3469 Qui

206 3527 271 3562 vcro
306 3509 452 3580 imaginem
487 3510 619 3578 conspicit
653 3524 688 3564 ex
723 3510 819 3563 eadem
843 3517 903 3563 arte
929 3528 981 3578 per
1002 3510 1108 3563 colores
1131 3511 1297 3579 completam
1328 3510 1460 3576 tabulam,
1494 3529 1548 3563 non
1583 3511 1705 3564 tincturis
1739 3512 1861 3581 prmelert

207 3616 476 3686 contemplationem.
510 3617 559 3669 sed
589 3616 721 3669 visionem
754 3616 893 3685 depictam
927 3616 1059 3686 conspicit
1089 3619 1286 3682 tantmnmodo,
1321 3635 1404 3686 quara
1434 3635 1485 3687 per
1515 3617 1621 3669 colores
1651 3618 1783 3684 nurgister
1811 3620 1862 3671 de·

206 3723 373 3776 mirrrstran't.

162 3846 189 3886 ao
314 3819 443 3882 Leontii
459 3820 604 3905 episcopi
621 3818 758 3905 Neapoli
777 3819 879 3905 Cypri
896 3819 930 3882 in
946 3820 1059 3905 quinto
1077 3842 1225 3884 sermone
1242 3832 1377 3905 propter
1393 3819 1650 3884 Christianorum
1667 3842 1858 3907 responsum

207 3925 382 3990 adversum
406 3926 546 3990 Iudaeos
570 3937 602 3990 et
626 3926 666 3990 de
691 3924 888 4011 imagiuibus
912 3939 1115 3990 sanctorum:
1147 3933 1249 3989 Nasci
1273 3955 1338 3990 vero
1362 3938 1397 3990 de
1418 3937 1581 3990 venerandis
1605 3938 1741 4008 priscisque
1765 3938 1860 4006 imagi·

207 4043 285 4096 nibus
307 4060 466 4112 responsum
490 4042 631 4104 faciamus,
661 4051 690 4096 ut
720 4041 894 4096 obstrusam
917 4061 965 4095 ora
993 4043 1164 4113 loquentium
1188 4043 1369 4114 iniquitatem.
1415 4043 1528 4112 Legalis
1552 4044 1624 4096 enim
1649 4054 1689 4097 cst
1713 4045 1782 4098 haec
1806 4053 1859 4098 tra·

206 4149 283 4214 ditio,
312 4158 341 4203 et
370 4150 434 4203 audi
464 4151 555 4204 Deum
585 4151 721 4203 dicentem
751 4150 785 4202 ad
817 4150 949 4219 Moysen:
985 4148 1127 4224 [propines
1157 4150 1230 4205 duas
1262 4148 1408 4206 Cherubim
1444 4169 1549 4204 aureas
1578 4151 1702 4224 amputas
1733 4159 1861 4208 construe
1880 4167 2032 4218 areauna

207 4253 400 4311 oburnbrantcs
420 4254 659 4331 propitiatorium.
694 4257 729 4310 Et
752 4256 860 4318 iterum,
882 4257 1016 4325 templum
1039 4258 1112 4326 cluod
1137 4258 1257 4310 asscendit
1280 4257 1357 4310 Dens
1381 4257 1535 4310 Ezechieli:
1562 4255 1673 4325 Facies,
1697 4258 1774 4318 dixit.
1793 4259 1998 4359 p⁰“i¹1'ia”3i'

161 4377 189 4419 tt
207 4380 317 4417 marum
340 4369 367 4416 ct
388 4363 495 4418 leonum
520 4370 546 4418 et
568 4361 706 4418 honrinurn
729 4369 756 4418 et
770 4359 916 4418 Clocrudirn
933 4382 952 4416 a
971 4362 1134 4436 parsurum
1157 4363 1224 4431 eius,
1250 4383 1334 4437 usque
1357 4364 1399 4418 nd
1412 4382 1554 4418 careremus
1570 4363 1641 4418 lecti.
1677 4367 1759 4418 creas·
1783 4366 1858 4418 terri-
1906 4348 1912 4368 ’

206 4468 269 4522 bilis
295 4487 393 4532 senno,
422 4470 469 4539 qui
492 4471 634 4540 praecepit
658 4469 782 4528 israheli,
811 4486 847 4523 ne
876 4469 981 4522 luceret
1012 4470 1157 4539 qrrodlihet
1187 4471 1314 4540 sculptile
1345 4489 1436 4541 neque
1467 4471 1613 4538 imaginem
1645 4489 1735 4540 neque
1767 4472 1858 4525 simili·
1878 4478 1989 4520 ethad·

205 4575 337 4642 tudinem,
360 4593 432 4645 quae
456 4585 517 4629 sunt
541 4577 567 4630 in
590 4578 669 4630 caelo
693 4583 721 4630 et
744 4592 816 4645 cluse
841 4583 903 4629 sunt
926 4576 954 4630 in
977 4585 1065 4630 terra:
1090 4577 1148 4646 ipse
1172 4578 1312 4646 praecepit
1337 4577 1428 4647 Mcrysi
1450 4577 1543 4631 facere
1567 4578 1704 4647 sculptilia
1729 4579 1859 4631 arrimalia
1899 4534 1962 4580 m

206 4689 235 4736 et
257 4681 412 4736 Chembim.
457 4683 539 4738 L'nde
564 4692 592 4738 et
615 4683 745 4736 Salomon
769 4701 802 4736 cx
825 4684 889 4754 lege
912 4683 1061 4753 suscipiens
1084 4685 1189 4752 sigrium
1213 4684 1324 4754 plenum
1348 4684 1414 4738 fecit
1437 4685 1568 4754 ternplum
1593 4703 1657 4738 nero
1681 4695 1709 4738 et
1732 4685 1997 4784 scerrlptilcg¹113NJbe

1892 4767 1897 4785 ‚
1951 4753 1955 4770 ⁸
1967 4765 1972 4775 ι

1878 4791 1897 4838 l,
1907 4793 1972 4838 lano.

313 4875 347 4924 16
366 4870 402 4939 ei]
421 4875 444 4924 is
464 4875 494 4926 P.
567 4877 601 4925 20
620 4874 794 4939 Numquidue
816 4872 843 4923 P.
917 4875 951 4924 23
971 4869 1047 4939 opas]
1068 4891 1150 4939 opere
1170 4872 1200 4922 P.
1269 4876 1301 4924 st
1323 4871 1397 4938 vero]
1417 4893 1481 4926 vero
1501 4876 1534 4925 ad
1556 4876 1587 4925 P.
1654 4878 1688 4926 32
1708 4871 1758 4938 est]
1781 4883 1807 4926 et
1828 4875 1857 4924 P.

158 4974 187 5013 to
205 4965 238 5013 34
258 4963 405 5015 Ezechielo
426 4963 457 5014 P.

315 5137 343 5222 1)
368 5145 478 5220 Synodi
492 5145 668 5221 quiscisartac
683 5145 740 5202 sios
763 5145 918 5202 Trullanac
934 5148 996 5204 692
1020 5138 1036 5220 (
1034 5145 1074 5216 cf.
1093 5145 1206 5217 Hesele,
1231 5147 1249 5201 l.
1267 5147 1284 5201 l.
1302 5145 1359 5208 111,
1377 5139 1451 5220 329)
1470 5165 1492 5201 c.
1511 5155 1569 5208 82,-
1596 5145 1695 5201 „llansi
1713 5145 1766 5214 XI,
1785 5149 1855 5204 977.

206 5249 255 5322 ΟΥ.
274 5251 359 5309 Cone.
376 5251 441 5308 Nec.
458 5260 513 5308 act.
530 5251 596 5322 IV,
620 5251 685 5307 ibid.
710 5251 797 5321 XIII,
814 5255 863 5310 a).
902 5252 934 5308 V.
953 5251 1031 5307 Liba
1052 5249 1179 5310 Corolia.
1204 5252 1238 5307 H
1259 5271 1281 5307 e.
1302 5257 1348 5310 18.
1426 5247 1455 5328 2)
1481 5251 1573 5312 Ilia.-
1600 5251 1699 5308 Alansi
1713 5251 1767 5320 XI,
1785 5257 1855 5310 980.

205 5349 236 5434 3)
260 5358 440 5435 Augustinus,
467 5359 580 5416 Enarr.
597 5358 627 5414 in
638 5359 744 5434 psalm.
763 5363 803 5416 93
825 5349 850 5435 ἕ
864 5361 899 5422 a·
924 5361 998 5433 (pp.
1016 5357 1070 5426 IV,
1089 5361 1176 5417 1001.
1214 5356 1263 5428 Cf.
1282 5358 1431 5414 Hadriani
1446 5358 1535 5433 epist,
1564 5357 1635 5415 ild.
1655 5358 1733 5433 Epp.
1757 5359 1857 5426 1232.

205 5455 236 5542 4)
260 5464 444 5535 Athanasius,
469 5465 515 5522 De
537 5464 650 5522 income.
676 5464 753 5522 verbi
774 5465 832 5522 Dei
853 5461 928 5541 §1;
961 5465 1034 5540 opp.
1060 5467 1103 5521 ed.
1130 5463 1307 5523 Giustirriani
1329 5465 1352 5532 1,
1380 5469 1405 5532 1,
1431 5471 1481 5523 aa.
1575 5459 1606 5534 5)
1630 5463 1738 5520 Ibidem
1761 5463 1857 5534 §lh

157 5572 222 5627 461.
247 5573 266 5626 l·
291 5571 316 5642 I,
341 5575 368 5641 1,
393 5574 444 5630 47.
493 5570 543 5642 Cf.
567 5571 719 5628 Hadriani
742 5571 832 5647 epist,
865 5572 965 5629 Manui
987 5572 1056 5642 XII,
1083 5577 1172 5631 11169.
1265 5567 1295 5648 b)
1327 5571 1497 5640 Artabrosius,
1530 5572 1575 5628 Ile
1606 5572 1719 5628 incarn.
1751 5572 1856 5628 ᾱοιηὶη.

203 5687 382 5736 sumomonte
406 5681 468 5736 a?
490 5671 587 5754 1753·
612 5676 687 5754 Opp-
711 5678 751 5748 H,
778 5682 848 5736 720.
897 5677 946 5749 Cf.
971 5677 1122 5735 Hadriani
1144 5679 1285 5753 epistolae,
1313 5678 1411 5734 iliarrsr'
1433 5678 1502 5748 XII,
1524 5683 1606 5738 11168
1629 5687 1654 5735 et
1679 5677 1752 5736 Md.
1779 5679 1856 5755 Epp.

209 5785 241 5854 V,
267 5789 318 5844 52.
360 5786 392 5842 V.
418 5785 499 5842 Liar.
526 5782 652 5843 Carolin.
677 5784 713 5840 II
739 5805 762 5840 c.
788 5789 836 5843 15.
952 5775 983 5860 7)
1016 5784 1115 5842 illansi
1138 5785 1206 5854 XII,
1239 5789 1328 5844 11165.
1379 5786 1411 5839 V.
1435 5805 1525 5861 supra
1545 5807 1578 5862 p.
1603 5790 1675 5854 186,
1700 5787 1718 5840 l.
1745 5789 1858 5862 35qu.

205 5883 236 5968 8)
261 5891 361 5949 Mansi
383 5892 453 5962 ΧΗ,
478 5895 568 5951 1065.
661 5883 693 5968 9)
719 5891 768 5963 Cf.
794 5889 879 5949 Cone.
904 5890 970 5949 Nic.
994 5900 1049 5948 acl.
1075 5891 1140 5956 IV„
1167 5889 1267 5947 diensi
1290 5891 1376 5960 XIII,
1401 5895 1450 5951 11.

256 6008 301 6051 m..
318 6008 418 6048 ennena
432 6009 462 6047 11.
1611 6017 1644 6064 55
