4884 6717
733 513 785 571 50.
821 513 1041 571 CONCILIUM
1064 513 1293 570 PARISIENSE
1317 514 1354 569 Α.
1375 512 1451 570 829.
1852 504 1916 568 645

256 719 302 770 est
323 705 413 768 bonu.
452 702 492 765 In
515 725 581 766 uon
604 702 755 767 faciendo
780 704 901 789 quippe
925 723 1009 787 quae
1025 700 1186 764 Dominus
1210 698 1302 765 iubet
1325 699 1561 786 delinquimus3
1585 701 1619 764 in
1640 699 1792 765 faciendo
1808 711 1917 764 autem

257 832 341 897 quae
365 810 469 873 vetuit
492 808 605 895 procul
629 807 728 874 dubio
752 830 937 894 peccamus.
977 807 1067 894 Ergo
1092 806 1224 893 quando
1249 829 1298 889 ea,
1324 829 1409 893 quae
1433 818 1533 886 vetat,
1551 807 1699 888 facimus,
1717 809 1787 872 eius
1802 805 1916 894 procul

258 915 357 981 dubio
381 916 486 980 saneti
510 916 679 1002 praecepti
703 929 960 1000 transgressores
984 914 1164 979 existimus.
1213 914 1420 1000 Quamquam
1451 936 1529 999 ergo
1560 913 1813 978 consuetudines
1842 935 1916 1000 per·

257 1045 373 1088 versae
396 1045 462 1086 non
486 1022 582 1087 facile
611 1023 825 1107 corrigantur,
857 1020 940 1085 haec
970 1031 1080 1084 tamen
1110 1018 1312 1086 consuetudo
1342 1020 1563 1106 inaequalium
1594 1019 1776 1085 modiorum
1806 1030 1839 1084 et
1868 1021 1916 1084 in·

224 1131 415 1197 siustorum
439 1129 647 1194 sestariorum
672 1140 769 1215 atque
792 1127 975 1214 ponderum
999 1126 1184 1191 dolosorum
1208 1148 1343 1191 neeesse
1368 1137 1475 1191 estut
1500 1127 1673 1215 principali
1705 1137 1794 1191 metu
1825 1128 1915 1191 ocius

257 1237 440 1321 corrigatur
463 1247 495 1299 et
518 1235 561 1299 ad
584 1248 796 1322 praeceptum
822 1234 968 1298 divinum
991 1245 1082 1297 tauta
1105 1233 1260 1298 fortitudo
1284 1231 1480 1316 reflectatur,
1506 1236 1583 1320 quia
1602 1232 1782 1298 verendum
1798 1244 1857 1313 est,
1874 1255 1915 1298 ne

257 1344 342 1407 inter
365 1353 475 1407 cetera
498 1340 584 1406 nrala
607 1342 668 1406 hoc
693 1363 822 1429 quoque
847 1364 912 1405 nou
936 1340 1041 1404 solum
1064 1337 1260 1405 facientibus
1284 1351 1316 1404 et
1339 1339 1628 1421 consentientibus,
1653 1339 1712 1404 sed
1735 1340 1833 1404 etiam
1850 1363 1916 1404 non

257 1448 508 1534 corrigentibus,
532 1448 620 1535 quod
644 1447 739 1531 absit,
763 1448 936 1535 proveniat
959 1448 992 1510 in
1016 1447 1283 1532 dampnationem
1294 1452 1315 1511 ¹.

366 1589 469 1677 Cap.
494 1589 567 1654 LII.
613 1591 677 1655 De
702 1589 975 1655 interdictu
999 1587 1218 1675 quodam,
1247 1611 1333 1675 quo
1365 1588 1486 1675 apud
1516 1588 1777 1676 plerasque
1809 1612 1916 1676 pro·

213 1698 444 1766 uvintias
479 1719 719 1783 pauperes
755 1696 1106 1783 adgravantur,
1143 1692 1195 1759 ab
1227 1695 1478 1782 imperiali
1513 1695 1775 1761 clementia
1810 1720 1916 1783 pro·

258 1802 477 1869 hibenda.
524 1803 619 1868 Non²
642 1803 744 1869 solum
768 1827 908 1882 rumore,
933 1802 989 1867 sed
1015 1803 1113 1866 etiam
1137 1800 1374 1866 venerabilium
1397 1803 1542 1867 vironun
1565 1802 1671 1867 relatu
1687 1805 1915 1890 comperimus,

259 1911 345 1998 quod
371 1912 403 1974 iu
428 1910 622 1997 quibusdam
647 1908 904 1975 occidentalibus
929 1911 1106 1995 provinciis
1131 1909 1288 1973 suadente
1312 1909 1452 1973 avaritia
1477 1910 1624 1996 episcopi
1654 1920 1686 1973 et
1717 1911 1852 1974 comites
1883 1922 1917 1974 et

260 2017 359 2082 ceteri
383 2015 519 2104 praelati
547 2015 745 2103 pauperibus
776 2014 838 2080 sibi
870 2015 1025 2081 subiectis
1057 2016 1182 2080 soleant
1212 2015 1355 2081 edictum
1386 2018 1554 2103 inponere,
1585 2030 1621 2081 ut
1651 2016 1758 2082 nullus
1788 2016 1917 2081 illorum

259 2137 404 2211 ternpore
429 2124 543 2188 messis
566 2123 709 2188 modium
733 2123 886 2188 innuenti
910 2146 971 2187 nee
996 2134 1140 2210 tempore
1165 2121 1350 2186 vindemiae
1375 2122 1520 2187 modium
1543 2124 1611 2187 vini
1635 2124 1749 2187 maiori
1779 2124 1916 2210 praetio,

214 2258 241 2299 is
259 2232 322 2294 nisi
346 2230 430 2318 quod
454 2229 495 2295 ab
520 2231 567 2295 eis
591 2231 806 2310 constituitur,
837 2230 980 2295 vendere
1012 2241 1207 2316 praesumat.
1267 2228 1364 2310 Quod
1395 2232 1422 2293 si
1453 2232 1615 2317 quispiam
1649 2229 1777 2295 illorum
1806 2230 1916 2295 facere

260 2338 523 2424 praesumpserit,
555 2348 587 2402 et
618 2338 802 2424 paupertati
833 2360 910 2401 stiae
942 2359 1093 2421 magnam
1129 2337 1288 2400 iacturam
1318 2338 1449 2422 patitur,
1484 2337 1617 2423 insuper
1652 2338 1750 2402 etiam
1784 2335 1917 2402 acribus

260 2443 450 2509 verberibus
474 2443 666 2530 flagellatur.
713 2443 809 2508 Unde
833 2443 878 2524 fit,
904 2455 948 2524 ut,
973 2466 1046 2508 eum
1071 2442 1143 2507 aliis
1167 2442 1294 2507 modius
1322 2443 1475 2507 frumenti
1507 2442 1680 2508 duodecim
1711 2442 1853 2508 denariis
1884 2453 1916 2508 et

260 2550 385 2615 modius
409 2551 477 2614 vini
502 2551 618 2635 vigiuti
641 2550 784 2614 denariis
808 2549 989 2614 venundari
1014 2551 1126 2636 possit,
1158 2549 1383 2614 huiuscemodi
1414 2551 1557 2614 seniores
1589 2550 1731 2614 modium
1762 2550 1916 2615 frumenti

260 2656 301 2722 ad
325 2668 476 2744 quattuor
500 2668 532 2721 et
554 2656 697 2720 modium
722 2657 790 2720 vini
814 2656 856 2720 ad
880 2681 939 2721 sex
963 2656 1026 2721 sibi
1050 2667 1268 2743 extorqueant
1291 2655 1451 2721 denarios.
1500 2657 1592 2737 Quae
1616 2680 1679 2736 res,
1704 2659 1781 2743 quia
1803 2659 1916 2744 impie·

213 2792 241 2832 aa
260 2765 333 2828 tatis
358 2764 600 2850 iniustitiaeque
624 2763 722 2849 plena
746 2773 804 2842 est,
829 2786 964 2828 neeesse
993 2776 1042 2829 est
1072 2774 1108 2828 ut
1138 2764 1278 2850 piissimi
1308 2765 1466 2850 principis
1498 2765 1689 2829 auctoritate
1720 2763 1916 2844 inhibeatur,

260 2871 412 2957 quoniam
436 2869 615 2934 verendum
640 2883 698 2950 cst,
723 2893 774 2946 nc,
800 2869 876 2935 dum
901 2869 952 2934 his
977 2882 1009 2934 et
1033 2871 1082 2935 his
1100 2869 1260 2935 similibus
1277 2870 1522 2956 gravaminibus
1538 2893 1699 2958 pauperes
1716 2870 1916 2952 adteruntur,

260 2979 308 3042 ira
332 2979 456 3042 aeterni
480 2975 597 3041 iudicis
621 2999 685 3040 nou
710 2976 813 3042 solum
837 2975 1043 3050 facientibus,
1068 2977 1126 3042 sed
1151 2978 1249 3041 ctiam
1274 2975 1553 3042 consentientibus
1578 2988 1609 3042 et
1628 2979 1791 3063 corrigere
1807 2978 1917 3042 nolen-

259 3083 345 3148 tibus
368 3083 599 3158 accumuletur,
624 3098 783 3170 quatenus
806 3083 1005 3169 pauperibus
1035 3082 1168 3147 libertas
1199 3081 1371 3163 tribuatur,
1402 3096 1437 3148 ut
1470 3083 1606 3149 redditis
1637 3083 1820 3148 senioribus
1851 3086 1917 3149 suis

259 3213 342 3276 quae
366 3191 449 3255 iuste
473 3190 642 3255 reddenda
665 3203 748 3271 sunt,
774 3190 909 3276 reliqua,
935 3213 1019 3277 quae
1044 3189 1107 3254 sibi
1131 3201 1316 3277 supersunt,
1340 3189 1437 3255 liceat
1461 3190 1543 3272 aliis,
1574 3204 1670 3277 prout
1700 3192 1808 3278 pactio
1838 3214 1916 3255 ven-

212 3325 240 3365 ss
258 3297 365 3361 dentis
389 3311 422 3362 et
444 3298 581 3362 ementis
605 3309 699 3383 grata
722 3296 829 3370 fuerit,
855 3295 978 3383 absque
1004 3295 1221 3383 prohibitione
1246 3297 1409 3362 seniorum
1434 3320 1566 3362 suorum
1589 3297 1779 3362 distrahere.

366 3439 583 3526 CapLIII.
629 3439 1289 3504 Demultimodisusurarum
1313 3438 1764 3505 adinventionibus.
1812 3438 1919 3504 Cum3

258 3546 359 3611 multa
389 3559 421 3612 et
451 3549 621 3611 innumera
651 3547 716 3610 sint
744 3547 840 3628 mala,
874 3545 992 3632 quibus
1024 3556 1056 3611 et
1085 3546 1178 3610 Deus
1215 3544 1391 3610 offenditur
1426 3559 1458 3610 et
1492 3569 1630 3632 regnum
1660 3545 1918 3612 Christianorum

258 3653 469 3741 periclitatur,
494 3665 602 3718 exstat
631 3654 718 3717 inter
748 3664 859 3718 cetera
889 3676 989 3717 unum
1020 3651 1183 3739 quoddam
1215 3651 1313 3717 valde
1345 3652 1531 3718 execrabile
1555 3653 1694 3740 Deoque
1725 3652 1917 3718 detestabile

258 3761 414 3825 avaritiae
438 3782 552 3846 genus,
577 3782 641 3846 quo
666 3758 888 3824 indubitanter
911 3773 944 3824 et
960 3759 1053 3823 Deus
1077 3757 1119 3823 ad
1143 3757 1347 3824 iracundiam
1364 3771 1571 3846 provocatur,
1589 3761 1666 3846 quia
1682 3783 1720 3825 eo
1735 3762 1917 3847 praeceptis

212 3893 240 3933 aa
258 3868 328 3932 eius
352 3865 527 3931 resultatur
551 3879 583 3931 et
606 3867 757 3931 miseriae
782 3865 944 3930 humanae
968 3877 1146 3952 praecepta
1175 3865 1288 3930 divina
1317 3865 1569 3952 transgredienti
1599 3879 1775 3953 augmenta
1803 3866 1915 3954 damp-

257 3974 398 4038 nationis
429 3986 675 4060 praeparantur,
712 3995 750 4036 ee
783 3972 870 4059 <quod
901 3972 1026 4038 scilicet
1056 3972 1187 4059 quidam
1224 3972 1416 4037 clericorum
1447 3985 1479 4038 ct
1510 3972 1666 4038 laieorum
1701 3973 1792 4039 obliti
1823 3996 1915 4060 prae·

258 4081 417 4167 captionis
448 4079 640 4160 dominicae,
677 4102 742 4166 qua
772 4079 906 4144 dicitur:
938 4080 1111 4145 Pecuniam
1142 4095 1228 4144 tuam
1258 4104 1319 4144 nors
1355 4080 1447 4144 dubis
1480 4080 1526 4145 ad
1559 4106 1686 4145 usurum
1722 4096 1750 4146 et
1776 4083 1915 4169 frugum
1936 4103 2077 4154 revecat.

256 4188 601 4275 superhabundantiam
637 4213 697 4252 noa
728 4191 846 4275 esayas,
877 4213 931 4274 epo
962 4188 1108 4252 eleusinus
1140 4187 1227 4250 Deras
1262 4201 1367 4266 rester,
1402 4187 1435 4249 in
1468 4197 1592 4250 tautam
1624 4187 1802 4274 turpissimi
1832 4187 1914 4252 lucri

258 4293 383 4358 rabiem
408 4294 599 4386 exarserint,
624 4305 659 4357 ut
681 4292 915 4380 multiplicibus
939 4305 1036 4379 atque
1061 4293 1239 4357 innumeris
1263 4315 1432 4357 usurarum
1464 4292 1640 4378 generibus
1670 4316 1730 4357 sua
1760 4293 1915 4358 adinven-

212 4426 239 4466 ω
257 4402 344 4465 tione
369 4411 401 4465 et
425 4399 601 4487 cupiditate
625 4402 787 4487 reppertis
811 4399 893 4464 adeo
918 4422 1079 4486 pauperes
1096 4399 1217 4463 Christi
1242 4398 1410 4484 adfligant,
1435 4413 1480 4480 ut,
1506 4401 1653 4486 exceptis
1673 4401 1745 4465 aliis
1761 4423 1914 4488 oppraes·

257 4506 413 4588 sionibus,
439 4505 557 4594 quibus
581 4505 622 4571 ad
646 4508 797 4571 iniuriam
822 4505 887 4571 Dei
912 4507 1065 4571 atrociter
1089 4506 1278 4587 eradantur,
1303 4505 1364 4570 hoc
1396 4506 1533 4592 speciali
1562 4506 1648 4571 malo
1679 4506 1771 4572 multi
1801 4530 1913 4572 eorum

256 4615 341 4679 fame
366 4626 399 4678 et
422 4624 567 4700 egestate
592 4614 733 4678 confecti
757 4626 901 4700 pereant,
925 4611 1017 4677 multi
1041 4612 1139 4676 etiam
1163 4612 1224 4677 hac
1249 4613 1460 4698 oppressione
1485 4613 1643 4700 conpulsi,
1667 4615 1807 4701 propriis
1823 4613 1914 4679 dere·

256 4720 350 4802 lictis,
375 4721 498 4785 ahenas
522 4720 681 4786 incolatus
705 4720 811 4806 gratia
834 4733 937 4784 terras
961 4731 1127 4806 expetant.
1167 4719 1278 4783 Famis
1302 4731 1473 4805 praeterea
1489 4732 1645 4806 tempore,
1662 4743 1736 4784 cum
1753 4722 1915 4807 quispiam

257 4850 382 4915 pauper
405 4828 549 4892 omnium
572 4849 679 4892 rerum
704 4828 842 4914 penuria
864 4825 1059 4891 adtenuatus
1083 4825 1124 4890 ad
1148 4825 1291 4911 aliquem
1315 4826 1532 4891 feneratorem
1556 4828 1655 4904 venit,
1680 4839 1791 4913 utpote
1815 4827 1916 4892 frater

212 4960 239 5000 ao
257 4934 299 4998 ad
322 4935 466 5016 fratrem,
491 4956 572 5020 quos
597 4944 723 4998 constat
746 4957 810 4998 uno
834 4934 998 5019 praetioso
1023 4931 1143 4996 Christi
1168 4934 1326 5017 sanguine
1352 4931 1547 5020 redemptos,
1571 4945 1686 5019 petens
1711 4932 1752 4998 ab
1776 4956 1815 4998 eo
1840 4956 1915 4998 suas
1934 4955 2059 5050 suffiae.

364 5189 409 5240 LI.
438 5183 614 5251 dfertitudo]
633 5189 766 5238 tortitudo
786 5187 813 5236 l'.
834 5187 865 5237 P.

364 5279 425 5328 Lll.
455 5281 470 5329 9
495 5279 612 5343 quodam
635 5272 698 5342 quo]
728 5278 845 5342 quodem
865 5277 938 5342 quod
965 5277 992 5336 Γ,
1021 5278 1094 5341 quod
1113 5275 1145 5325 P.
1239 5278 1270 5326 ll
1296 5277 1398 5340 praecii
1420 5275 1450 5326 P.
1544 5278 1576 5326 16
1602 5272 1719 5340 acribus]
1740 5279 1810 5328 acris
1836 5278 1863 5328 V.
1884 5277 1914 5329 P.

257 5369 291 5417 22
311 5361 425 5429 aeterni]
447 5367 483 5417 ita
501 5385 574 5426 corr,
594 5368 694 5418 interni
714 5367 741 5424 Γ,
762 5368 869 5417 interim
889 5366 920 5415 P.

363 5455 443 5505 L111.
473 5459 506 5506 28
526 5450 623 5510 exstatl
643 5456 710 5507 haec
730 5465 785 5505 stat
805 5455 831 5504 l'.
852 5454 882 5505 P.
975 5452 1143 5505 exsecrabile
1163 5452 1194 5504 P.
1279 5454 1393 5518 Deoque
1414 5453 1440 5504 V.
1532 5456 1566 5506 33
1586 5457 1864 5521 superabundantiam
1884 5457 1914 5508 P.

211 5556 239 5596 tt
258 5551 363 5595 tanturn
383 5543 413 5594 P.

369 5761 399 5830 l)
425 5759 473 5832 Cf.
499 5761 596 5816 concil.
621 5761 787 5817 Arelatense
808 5764 870 5820 813
893 5780 915 5816 c.
934 5765 982 5828 15,
1013 5760 1175 5816 Turormsse
1198 5763 1260 5819 813
1283 5780 1305 5816 c.
1323 5764 1381 5830 45;
1404 5781 1494 5836 stema
1512 5782 1545 5836 p.
1562 5765 1635 5821 252.
1652 5767 1724 5822 292.
1806 5763 1837 5834 2)
1864 5763 1912 5836 Qs.

258 5867 342 5940 iufra
365 5867 410 5924 lib.
428 5867 463 5924 H
482 5886 504 5923 c.
523 5871 560 5936 2;
585 5888 609 5924 r.
635 5868 716 5923 etiarn
732 5887 822 5942 supra
834 5889 866 5942 p.
884 5871 943 5926 595
968 5887 991 5922 c.
1010 5872 1040 5926 8.
1118 5867 1148 5935 3t
1175 5865 1225 5937 Cf.
1242 5867 1342 5923 relatio
1358 5867 1549 5942 episcoporum
1567 5887 1590 5924 c.
1608 5873 1666 5936 54;
1690 5871 1707 5925 l.
1725 5871 1743 5925 l.
1761 5869 1800 5940 II,
1818 5875 1859 5930 43
1870 5891 1912 5947 sq.
