4884 6717
690 492 742 548 «ll.
779 492 998 550 CONCILIUM
1019 494 1250 552 Paursmusu
1274 496 1311 551 Α.
1332 496 1407 554 825.
1808 491 1872 553 479

221 677 264 742 ab
287 677 412 743 eisdem
435 678 633 764 imaginibus
657 679 814 744 auxilium
839 679 1004 766 petebant.
1050 680 1204 769 Plerique
1227 692 1336 746 autem
1359 681 1601 748 linteaminibus
1633 681 1766 748 easdem
1794 685 1874 748 ima·

220 785 314 870 gines
346 783 594 850 circumdabant
628 797 661 850 et
690 785 829 850 filiorum
859 808 990 851 suorum
1022 787 1064 852 de
1094 787 1301 875 baptismatis
1331 788 1420 853 fonte
1451 790 1667 876 susceptrices
1698 788 1873 855 faciebant.

222 890 377 958 Similiter
399 903 433 956 et
455 892 488 956 in
512 903 646 957 tonsura
668 914 853 979 puerorum,
877 917 950 958 oum
975 893 1110 982 capillos
1133 895 1372 982 praeciderent,
1402 895 1535 961 eosdem
1564 894 1700 983 capillos
1723 895 1874 961 desinere

220 1020 320 1085 super
341 999 501 1084 imagines
525 997 685 1063 sinebant.
731 998 796 1063 Alii
822 1021 911 1080 vero,
941 999 1130 1086 religiosum
1153 1000 1300 1066 habitum
1324 1003 1538 1067 monasticum
1562 1024 1691 1068 sumere
1714 1002 1872 1084 volentes,

188 1104 438 1191 areligiosiores
462 1127 619 1191 personas
642 1104 890 1192 postponebant,
915 1108 972 1194 qui
996 1109 1086 1194 prius
1105 1130 1233 1173 comam
1253 1109 1370 1195 capitis
1389 1130 1500 1173 eorum
1525 1109 1691 1195 suscipere
1715 1109 1873 1190 solebant,

220 1209 376 1275 adhibitis
400 1210 598 1297 imaginibus
622 1212 715 1298 quasi
740 1213 775 1276 in
799 1213 905 1276 sinum
928 1234 1041 1278 earum
1064 1213 1217 1279 decidere
1234 1214 1370 1302 capillos
1386 1213 1514 1280 illorum
1530 1214 1690 1280 sinebant
1731 1215 1872 1297 Quidam

220 1340 299 1383 vero
329 1316 535 1382 sacerdotum
565 1329 598 1381 et
627 1317 819 1383 clericorum
850 1319 974 1384 colores
1005 1319 1046 1385 de
1069 1320 1268 1407 imaginibus
1299 1321 1452 1386 radentes
1482 1323 1718 1387 inmisouerunt
1741 1320 1873 1388 oblatio·

220 1423 316 1489 nibus
340 1437 373 1489 et
396 1426 473 1489 vino
498 1435 596 1489 etex
619 1424 682 1489 hac
706 1423 869 1490 oblatione
901 1436 975 1513 post
1002 1427 1174 1492 missarum
1199 1426 1452 1493 celebrationem
1483 1427 1606 1493 dabant
1633 1431 1873 1494 communicare

221 1529 414 1596 volentibus.
461 1530 528 1595 Alii
551 1543 660 1595 autem
684 1554 802 1618 corpus
825 1531 961 1597 Domini
984 1534 1018 1597 in
1042 1556 1156 1598 manus
1180 1535 1361 1619 imaginum
1384 1533 1561 1621 ponebant,
1586 1533 1671 1600 unde
1696 1538 1872 1600 commuui-

175 1664 202 1704 ιο
221 1660 297 1702 care
321 1637 467 1703 volentes
490 1638 640 1724 accipere
664 1638 821 1703 fecerunt.
858 1639 1013 1703 Nonnulli
1036 1661 1115 1705 vero
1138 1651 1249 1726 spreta
1273 1640 1413 1705 eeclesia
1432 1642 1465 1704 in
1483 1639 1709 1706 communibus
1725 1641 1874 1707 domibus

220 1742 339 1810 tabulis
362 1746 540 1830 imaginum
565 1767 624 1830 pro
647 1744 771 1809 altariis
795 1744 972 1810 utebantur
996 1759 1028 1810 et
1051 1769 1150 1833 super
1172 1768 1228 1811 eas
1252 1769 1382 1811 sacrum
1405 1748 1621 1812 ministerium
1646 1747 1873 1830 celebrabant3

220 1862 254 1916 et
276 1851 340 1916 alia
364 1852 464 1917 multa
486 1851 537 1915 his
561 1851 681 1915 similia
703 1851 827 1916 inlicita
852 1863 884 1916 et
907 1863 1037 1917 nostrae
1061 1852 1211 1940 religioni
1236 1855 1399 1918 contraria
1420 1855 1452 1918 iu
1469 1854 1617 1919 ecclesiis
1633 1853 1765 1936 fiebant,
1789 1878 1874 1942 quae

220 1956 421 2024 doctioribus
445 1970 478 2023 et
501 1956 754 2044 sapientioribus
778 1959 858 2022 viris
882 1959 960 2023 satis
985 1959 1121 2045 indigna
1144 1982 1215 2024 esse
1240 1959 1447 2026 videbantur.

326 2066 507 2151 Propterea
530 2075 714 2129 statuerunt
737 2064 911 2130 orthodoxi
930 2067 1143 2153 imperatores
1160 2078 1193 2131 et
1208 2067 1387 2132 doctissimi
1404 2068 1591 2132 sacerdotes
1607 2067 1711 2133 locale
1728 2066 1874 2132 adunare

177 2197 202 2237 u
221 2172 416 2237 concilium¹
441 2172 482 2236 ad
507 2172 749 2258 inquisitionem
775 2195 874 2258 super
896 2171 945 2237 his
969 2172 1165 2239 habendam.
1201 2172 1267 2255 Qui
1291 2175 1324 2237 in
1348 2174 1381 2238 id
1398 2175 1503 2261 ipsum
1522 2185 1745 2239 convenerunt
1761 2187 1874 2239 sancto

220 2278 343 2366 Spiritu
374 2279 552 2365 inspirante
582 2278 662 2343 talia
691 2277 812 2365 ubique
844 2281 1007 2344 communi
1037 2279 1172 2344 consilio
1202 2279 1274 2345 fieri
1305 2279 1541 2367 prohibuerunt
1571 2293 1604 2346 et
1639 2282 1798 2366 imagines
1833 2281 1874 2345 de

219 2384 445 2450 humilioribus
468 2384 549 2450 locis
574 2385 694 2450 auferri
718 2386 867 2451 fecerunt
890 2398 923 2449 et
946 2408 1012 2468 eas,
1038 2408 1121 2473 quae
1146 2387 1179 2451 in
1203 2385 1445 2452 sublimioribus
1468 2386 1549 2452 locis
1572 2389 1697 2474 positae
1714 2400 1816 2470 erant,
1840 2401 1876 2453 ut

220 2494 292 2579 ipsa
316 2494 445 2579 pictura
468 2515 527 2579 pro
552 2492 714 2579 scriptura
737 2491 923 2574 haberetur,
948 2494 981 2556 iu
1006 2494 1072 2557 suis
1096 2492 1177 2558 locis
1201 2495 1379 2558 consistere
1396 2496 1622 2581 permiserunt,
1647 2516 1688 2558 ne
1705 2493 1747 2558 ab
1763 2494 1873 2559 indoc-

219 2598 356 2665 tioribus
372 2610 405 2664 et
420 2598 652 2663 infirmioribus
669 2598 892 2681 adorarentur,
917 2598 977 2664 sed
991 2621 1098 2686 neque
1116 2601 1163 2664 eis
1179 2599 1329 2665 lucernas
1346 2600 1566 2666 accenderent
1580 2624 1688 2687 neque
1704 2603 1872 2666 incensmn

174 2730 202 2772 rc
220 2706 388 2771 adolerent
416 2703 663 2793 prohibuerunt.
711 2705 995 2788 Quemadmodum
1019 2718 1053 2770 et
1075 2729 1134 2771 nos
1159 2730 1245 2771 nunc
1270 2707 1426 2771 sentimus
1450 2718 1484 2770 et
1506 2719 1664 2789 tenemus,
1695 2705 1874 2772 abicientes

220 2813 260 2878 de
285 2813 425 2878 ecclesia
449 2811 571 2878 Christi
595 2835 661 2894 eos,
686 2813 742 2899 qui
765 2812 950 2878 huiusmodi
974 2812 1125 2900 malignis
1149 2811 1394 2878 inventionibus
1418 2813 1558 2877 student.

324 2921 505 3007 Propterea
528 2917 660 3005 quidam
685 2917 823 3000 illorum,
856 2922 911 3006 qui
942 2919 1114 2985 noluerunt
1144 2921 1310 3007 suscipere
1335 2919 1474 2985 concilia
1496 2920 1615 2985 localia
1637 2932 1670 2985 et
1693 2944 1712 2984 a
1736 2922 1873 2985 veritate

220 3027 383 3114 redargui,
408 3027 562 3113 fugerunt
584 3026 660 3091 hinc
684 3036 717 3091 et
740 3025 966 3091 veneruntad
989 3029 1155 3113 antiquam
1172 3027 1307 3091 Romam
1332 3027 1442 3091 aDeo
1461 3039 1698 3108 conservatam,
1722 3028 1872 3092 iniuriam

220 3147 253 3199 et
276 3133 455 3199 calumnias
478 3133 638 3198 ecclesiae
663 3133 840 3201 inferentes
864 3146 897 3197 et
920 3155 1017 3197 verae
1041 3132 1189 3219 religioni
1215 3133 1434 3216 detrahentes,
1458 3156 1595 3220 quorum
1615 3136 1757 3221 pessima
1772 3132 1874 3199 verba

174 3265 202 3306 aa
221 3252 254 3305 et
285 3239 496 3328 blasphemiis
529 3239 628 3328 plena
661 3250 895 3328 postponentes
930 3251 1041 3304 nostra
1075 3240 1183 3327 potius
1218 3240 1400 3306 orthodoxa
1432 3241 1555 3327 gloriae
1591 3253 1666 3304 tuae
1702 3241 1876 3306 manifesta

220 3348 370 3428 facimus,
394 3349 472 3434 quia
494 3370 554 3412 nos
578 3345 760 3434 symbolum
787 3358 972 3411 sanctarum
997 3360 1030 3411 et
1053 3346 1284 3412 universalium
1310 3371 1369 3410 sex
1393 3348 1601 3434 synodorum,
1630 3345 1717 3434 quod
1741 3346 1783 3411 ab
1807 3370 1872 3412 om·

221 3453 316 3519 nibus
340 3454 529 3519 orthodoxis
553 3452 750 3518 Christianis
774 3464 913 3536 tenetur,
936 3477 1001 3518 non
1026 3465 1150 3519 tantum
1174 3454 1415 3540 praedicamus,
1440 3454 1498 3518 sed
1522 3455 1620 3518 etiam
1645 3451 1875 3520 inviolabiliter

221 3560 319 3625 corde
343 3573 504 3626 tenemus:
529 3562 707 3626 trinitatem
730 3561 764 3624 in
787 3558 892 3624 tribus
915 3562 1064 3647 personis
1083 3560 1222 3626 divisam
1240 3560 1385 3642 colimus,
1410 3562 1565 3625 unitatem
1581 3560 1677 3624 unius
1694 3559 1874 3624 divinitatis

220 3681 368 3733 naturam
393 3667 594 3748 confitentes,
619 3691 661 3732 ex
685 3667 813 3752 virgine
837 3666 1050 3753 temporalem
1075 3666 1168 3731 verbi
1193 3668 1397 3732 nativitatem
1421 3666 1661 3753 praedicamus,
1693 3666 1872 3732 divinitatis

175 3799 203 3841 ao
222 3787 254 3840 et
276 3775 486 3839 humanitatis
510 3773 591 3839 duas
614 3773 798 3839 voluntates
822 3785 855 3838 et
878 3775 1084 3860 operationes
1114 3773 1300 3860 gloriamur,
1333 3773 1533 3860 postulantes
1564 3775 1813 3838 intercessiones
1841 3789 1874 3838 et

221 3882 496 3969 interpellationes
521 3880 697 3946 inviolatae
721 3881 944 3946 dominatricis
969 3891 1109 3963 nostrae,
1134 3880 1199 3944 Dei
1222 3882 1401 3966 genitricis,
1426 3902 1555 3967 semper
1577 3880 1713 3966 virginis
1737 3880 1872 3960 Mariae,

221 4001 254 4053 et
277 3990 419 4054 omnium
445 3999 649 4072 sanctorum,
674 3988 833 4074 gloriosas
856 3998 965 4052 autem
990 3998 1022 4051 et
1045 3999 1174 4052 sanctas
1198 3987 1353 4073 reliquias
1377 4009 1487 4052 comm
1509 4010 1582 4052 cum
1597 3986 1662 4051 fide
1679 4009 1873 4051 veneramur

221 4107 255 4161 et
276 4095 433 4182 quicquid
457 4095 546 4160 aliud
569 4118 589 4159 a
612 4093 809 4160 beatissimis
832 4093 987 4181 apostolis
1010 4093 1165 4158 traditum
1189 4106 1264 4158 eta
1288 4094 1500 4158 sanctissimis
1524 4092 1671 4180 patribus
1694 4095 1728 4158 in
1749 4092 1872 4158 eisdem

221 4223 280 4267 sex
304 4201 439 4288 synodis
463 4203 671 4267 constitutum
697 4213 747 4266 est
769 4211 803 4265 et
825 4200 1019 4265 confitemur
1040 4210 1073 4264 et
1096 4213 1255 4264 tenemus.

176 4333 203 4374 u
328 4308 425 4373 Unde
460 4308 616 4373 honorem
652 4307 811 4372 ecclesiae
848 4305 971 4372 Christi
1005 4319 1200 4394 quaerentes
1235 4307 1371 4371 fecimus
1403 4306 1525 4371 litteras
1556 4305 1598 4371 ad
1633 4307 1871 4372 sanctissimum

180 4421 184 4428 ’
222 4421 364 4503 papam²
387 4416 540 4502 antiquae
557 4415 680 4479 Romae
697 4425 730 4479 et
753 4436 809 4479 eas
832 4416 979 4479 misimus
1003 4435 1063 4501 per
1085 4413 1271 4500 praedictos
1295 4416 1410 4478 missos
1434 4427 1561 4478 nostros
1584 4413 1626 4478 ad
1650 4437 1734 4494 cum,
1759 4413 1873 4478 dantes

222 4524 269 4588 eis
292 4522 499 4608 evangelium
523 4545 656 4587 aureum
681 4544 723 4585 ex
746 4519 912 4607 lapidibus
934 4521 1086 4608 pretiosis
1110 4533 1269 4604 ornatum,
1294 4520 1441 4584 similiter
1464 4531 1497 4585 et
1518 4532 1672 4607 patenam
1688 4543 1820 4584 auream
1841 4535 1874 4584 et

222 4631 326 4716 ipsam
351 4652 394 4693 ex
416 4627 581 4715 lapidibus
597 4629 749 4716 pretiosis
765 4638 913 4692 ornatam
929 4637 963 4691 et
978 4627 1115 4692 calicem
1132 4626 1229 4691 simili
1245 4627 1340 4691 modo
1358 4638 1516 4708 ornatum,
1541 4625 1701 4691 ambobus
1718 4628 1874 4713 inscripta

221 4737 350 4823 imperii
372 4736 474 4800 nocui
498 4736 640 4816 nomina,
664 4746 699 4799 ut
714 4734 788 4798 Deo
812 4731 945 4797 iubente
968 4732 1044 4798 illuc
1068 4733 1296 4820 pervenientes
1321 4733 1458 4797 offerant
1482 4755 1522 4797 ea
1544 4732 1586 4796 ad
1601 4732 1758 4819 templum
1781 4755 1872 4796 sanc·

176 4844 337 4908 tutissimi
360 4855 393 4908 et
415 4841 595 4907 beatissimi
619 4840 838 4928 apostolorum
862 4841 1019 4927 principis
1042 4840 1143 4922 Petri,
1167 4841 1224 4926 qui
1247 4839 1428 4904 intercedat
1451 4862 1510 4927 pro
1534 4839 1628 4904 nobis
1652 4851 1685 4903 et
1708 4838 1811 4903 vobis.

327 4949 380 5014 De
404 4961 513 5014 cetero
537 4948 666 5013 ordinet
687 4959 797 5012 vestra
821 4945 975 5033 spiritalis
1000 4945 1142 5028 dilectio,
1173 4959 1209 5011 ut
1240 4969 1312 5011 cum
1345 4948 1433 5011 omni
1457 4946 1578 5010 honore
1604 4959 1636 5010 et
1659 4945 1806 5010 illesione
1830 4945 1871 5009 ad

220 5080 294 5123 eum
317 5058 462 5136 veniant,
493 5054 651 5120 auxilium
684 5055 732 5119 eis
763 5054 906 5118 ferentes
936 5053 970 5116 in
1001 5052 1061 5134 his,
1093 5074 1178 5139 quae
1201 5052 1275 5117 Deo
1308 5053 1458 5139 placeant
1488 5065 1520 5116 et
1550 5052 1591 5116 ad
1624 5053 1778 5116 honorem
1803 5053 1872 5116 eius

220 5164 414 5252 pertineant,
447 5164 480 5226 in
511 5162 765 5227 satisfactionem
789 5161 944 5242 caritatis,
975 5181 1060 5246 qnae
1088 5161 1336 5230 internoscat,
1370 5157 1517 5224 iubentes
1548 5160 1589 5238 ei,
1621 5170 1665 5230 ut,
1698 5159 1724 5221 si
1755 5157 1873 5222 amodo

328 5438 343 5486 3
363 5429 498 5498 desinere]
516 5434 554 5485 ita
573 5433 604 5494 P,
621 5434 651 5483 in
668 5450 747 5498 musy.
765 5431 826 5483 add.
844 5449 913 5482 marr.
931 5448 979 5482 rec.
997 5429 1139 5492 ffortasae)
1160 5433 1295 5483 decidere.
1359 5434 1391 5482 la
1410 5426 1490 5496 quae]
1509 5447 1579 5496 quse
1599 5448 1615 5481 a
1636 5430 1665 5480 Ρ.
1721 5433 1756 5480 30
1774 5428 1872 5494 gloria·

173 5541 203 5582 aa
220 5520 290 5588 mur]
309 5525 347 5575 ita
366 5523 397 5584 P,
423 5524 453 5575 ia
470 5541 549 5589 story.
567 5522 628 5574 add.
646 5539 715 5572 arara
733 5538 781 5572 rea
801 5517 958 5586 Barfouius)
979 5519 1171 5586 glorificamus.
1250 5523 1283 5571 42
1303 5517 1375 5584 aum]
1395 5521 1446 5570 scit
1465 5537 1567 5586 peponi.
1646 5522 1680 5570 43
1700 5515 1736 5580 eil
1758 5520 1797 5570 eis
1815 5517 1872 5568 edd.

331 5743 360 5809 1)
383 5741 467 5798 Anao
489 5743 579 5810 821.‚·
609 5741 650 5812 cs·
680 5738 779 5797 uana
800 5737 885 5808 XIV,
909 5739 1043 5813 399sqq.
1089 5736 1204 5809 Hesde,
1228 5738 1247 5792 l.
1267 5739 1285 5792 1.
1310 5736 1365 5807 IV,
1390 5741 1430 5796 38
1445 5758 1487 5812 sq.
1594 5737 1624 5806 2)
1651 5736 1808 5813 anmium
1833 5736 1871 5792 ll.

219 5843 425 5927 (aaa-827).
