4884 6717
501 469 564 531 712
917 477 969 534 56.
1005 476 1224 535 CONCILIUM
1246 478 1576 544 AQUISGRANENSE
1599 478 1636 533 Α.
1657 476 1732 533 836.

499 663 623 726 inventi
647 674 836 750 appareant.
875 662 959 728 Item
983 675 1018 729 ut
1041 664 1082 729 de
1107 663 1257 729 omnibus
1280 662 1475 747 hominibus,
1499 665 1555 751 qui
1579 662 1622 728 ad
1645 686 1756 728 eorum
1780 663 1952 731 eeclesiam
1977 665 2150 750 pertinent,

499 792 559 856 per
582 770 691 834 omnia
714 792 826 834 curam
851 780 975 856 gerant,
1008 773 1150 835 scientes
1180 794 1215 835 se
1239 793 1298 858 pro
1329 782 1417 835 certo
1447 769 1632 835 reddituros
1663 771 1823 835 rationem
1845 793 1905 858 pro
1936 773 2015 859 ipsis
2038 772 2073 835 in
2096 771 2150 837 die

499 874 623 956 iudicii,
656 876 733 962 quia
765 886 992 962 cooperatores
1025 879 1132 941 oneris
1162 879 1265 942 nostri
1289 899 1360 941 esse
1383 877 1497 964 procul
1520 875 1620 941 dubio
1642 888 1830 942 noscuntur.
1878 877 2086 965 Quapropter
2109 876 2150 942 ab

500 993 572 1045 ortu
595 982 775 1046 nativitatis
801 983 959 1068 cuiusque
984 982 1026 1047 ad
1051 1006 1085 1048 se
1109 985 1302 1071 pertinentis
1324 983 1506 1070 predictam
1529 1006 1640 1048 curam
1664 982 1794 1063 habeat,
1825 1007 1867 1049 ue
1898 984 2015 1071 aliquis
2039 1007 2150 1049 eorum

499 1087 623 1174 absque
650 1089 816 1153 renatione
841 1091 925 1153 sacri
956 1088 1161 1175 baptismatis
1190 1091 1355 1155 moriatur.
1402 1090 1482 1155 Post
1511 1101 1682 1177 acceptum
1705 1101 1814 1156 autem
1837 1114 1966 1156 sacrum
1989 1091 2184 1178 baptismus

499 1197 569 1259 sine
599 1217 715 1259 manus
746 1196 941 1281 inpositione
975 1198 1121 1283 episcopi
1152 1219 1217 1261 non
1247 1208 1414 1261 remaneat
1447 1219 1485 1262 ac
1521 1196 1638 1261 deinde
1673 1195 1828 1262 inbuatur
1857 1199 2036 1262 orationem
2067 1199 2151 1262 scire

499 1302 695 1366 dominicam
720 1313 818 1387 atque
842 1300 1034 1388 symbolum.
1082 1304 1202 1368 Postea
1226 1325 1315 1385 vero,
1340 1302 1479 1389 qualiter
1501 1305 1614 1368 vivere
1638 1302 1765 1386 debeat,
1795 1304 1960 1369 doceatur.
2009 1303 2045 1370 Si
2068 1304 2151 1369 forte

499 1409 634 1473 vitiosus
658 1407 711 1472 vel
735 1409 927 1472 criminosus
951 1411 1148 1496 apparuerit,
1173 1409 1313 1496 qualiter
1336 1411 1527 1495 corrigatur,
1549 1410 1778 1496 provideatur.
1826 1411 1861 1477 Si
1885 1423 1994 1476 autem
2017 1411 2150 1475 infirmi-

499 1526 565 1579 tate
583 1515 756 1602 depressus
774 1515 882 1596 firerit,
906 1539 947 1580 ne
972 1516 1174 1581 confessione
1199 1527 1297 1603 atque
1321 1518 1465 1581 oratione
1493 1516 1688 1581 sacerdotali
1717 1539 1845 1581 necnon
1875 1519 2028 1583 unctione
2052 1518 2151 1582 sacri·

499 1622 588 1686 ficati
612 1620 674 1685 olei
698 1644 757 1707 per
780 1623 850 1685 eius
873 1621 1113 1708 neglegentiam
1138 1634 1258 1687 careat.
1293 1623 1446 1709 Denique
1470 1624 1498 1687 si
1521 1622 1618 1688 finem
1641 1635 1811 1709 urgentem
1827 1625 2040 1711 perspexerit,
2065 1646 2151 1689 com·
2171 1654 2198 1693 ιο

500 1727 633 1793 meudet
655 1729 796 1793 animam
821 1727 1039 1793 Christianam
1064 1729 1194 1794 domino
1213 1729 1287 1794 Deo
1312 1753 1369 1794 suo
1393 1752 1483 1794 more
1507 1729 1700 1794 sacerdotali
1725 1754 1799 1795 cum
1822 1733 2013 1818 acceptione
2037 1752 2151 1796 sacrae

501 1836 747 1914 communionis,
772 1858 889 1922 eorpus
913 1835 1109 1921 sepulturae,
1132 1859 1198 1900 non
1221 1847 1257 1900 ut
1279 1859 1349 1900 mos
1373 1847 1422 1900 est
1444 1833 1624 1922 gentilium,
1649 1835 1707 1900 sed
1731 1838 1814 1901 sicut
1838 1835 2105 1902 Christianorum.

608 1961 690 2047 (30).
716 1959 797 2045 Cap.
815 1958 872 2024 Vl.
909 1965 976 2024 De¹
1000 1970 1166 2041 presbiteris
1191 1978 1221 2024 et
1246 1987 1341 2024 eorum
1365 1970 1520 2036 aecclesiis,
1543 1971 1620 2025 uude
1644 1971 1734 2025 multa
1755 1973 1949 2043 negleguntur
1972 1978 2002 2028 et
2018 1971 2152 2027 scandala

500 2083 685 2148 generantur,
719 2076 748 2129 in
776 2083 875 2131 nostra
904 2077 1077 2132 discussione
1109 2083 1244 2147 quattuor
1273 2076 1353 2131 nobis
1383 2075 1510 2147 pericula
1539 2085 1743 2147 apparuerunt.
1796 2078 1889 2133 Primo
1925 2079 1991 2150 quia
2023 2077 2152 2132 nonnulli

500 2201 595 2238 eornm
620 2201 654 2238 ex
678 2183 744 2254 ipsis
768 2183 964 2238 sacerdotibus
988 2183 1107 2253 quadam
1131 2184 1286 2238 securitate
1310 2189 1430 2253 accepta
1452 2201 1506 2237 nee
1536 2201 1580 2249 ea,
1612 2201 1686 2254 quac
1717 2185 1753 2238 ad
1784 2184 1889 2240 cultum
1914 2175 2060 2240 divinum
2084 2202 2151 2256 per·
2173 2201 2197 2240 rs

499 2290 603 2356 tinent,
633 2289 742 2343 iaciunt
764 2307 860 2360 neque
885 2290 912 2343 in
935 2289 1143 2343 restauratione
1168 2297 1198 2344 et
1221 2289 1403 2344 luminaribus
1427 2291 1566 2345 eeclesiae
1591 2291 1715 2343 studium
1738 2290 1846 2346 habent
1869 2310 1923 2346 nec
1948 2292 2033 2346 etiam
2056 2292 2151 2347 senio·

499 2398 577 2452 ribus
600 2396 656 2450 suis
681 2396 807 2450 debitam
830 2396 1020 2450 reverentiam
1045 2396 1179 2450 exhibent
1204 2403 1234 2450 et
1257 2396 1374 2467 insuper
1406 2397 1541 2452 eeclesias
1571 2415 1635 2451 suas
1667 2397 1811 2469 expoliant
1843 2406 1873 2453 et
1896 2399 1925 2453 in
1947 2387 2078 2469 prediola
2100 2416 2153 2452 sua

499 2505 613 2575 propria
635 2503 820 2558 transferunt.
869 2501 950 2565 Quae
974 2503 1067 2557 omnia
1089 2503 1125 2557 ad
1148 2503 1361 2574 neglegentiam
1392 2503 1586 2574 episcoporum
1616 2506 1759 2575 pertinere
1791 2505 2057 2576 depraehendimus.
2106 2504 2151 2560 Ob

500 2612 528 2665 id
552 2628 619 2665 vero
643 2611 765 2680 quadam
795 2610 940 2664 occasione
972 2616 1091 2680 accepta
1121 2610 1247 2664 seniores
1277 2626 1374 2663 eorum
1404 2602 1542 2686 permoti
1565 2601 1598 2663 in
1622 2611 1744 2665 tantam
1768 2601 1932 2665 audatiam
1955 2617 2152 2682 prorumpunt,

500 2726 532 2771 ut
557 2735 606 2772 eos
630 2717 715 2772 etiam
738 2715 846 2771 inlicite
872 2725 902 2771 et
931 2716 1097 2771 inhonestae
1128 2724 1215 2787 atque
1246 2716 1444 2770 inreverenter
1473 2722 1597 2771 tractare
1627 2727 1818 2788 praesumant.
1865 2717 1950 2772 Unde
1974 2734 2151 2789 summopere
2170 2733 2199 2774 so

500 2824 628 2878 omnibus
652 2824 732 2878 nobis
755 2823 857 2878 abhinc
881 2822 1085 2893 providendum
1109 2823 1302 2891 iudicauimus,
1335 2830 1366 2876 ut
1391 2840 1435 2888 ea,
1467 2840 1541 2894 quae
1566 2841 1583 2878 a
1605 2825 1706 2878 domno
1728 2825 1899 2895 imperatore
1927 2843 1989 2879 cum
2012 2842 2153 2880 consensu

501 2931 694 3002 cpiscoporum
717 2930 754 2985 ob
777 2929 911 2984 honorem
936 2937 966 2984 et
989 2947 1110 2984 amorem
1134 2930 1190 2984 Dei
1215 2929 1343 2984 ecclesiis
1367 2947 1502 2984 concessa
1523 2936 1600 2998 suut,
1631 2948 1687 2985 non
1709 2931 1738 2985 in
1762 2931 1907 2986 avaritiam
1929 2932 2153 3003 presbiterorum

501 3045 550 3091 aut
573 3038 601 3090 in
625 3038 810 3108 rapacitatem
836 3036 1037 3107 episcopalium
1061 3036 1249 3090 ministrorum
1273 3026 1401 3109 cedant,
1425 3037 1477 3091 sed
1501 3037 1529 3091 in
1553 3038 1707 3092 utilitatem
1731 3038 1869 3093 ecclesiae
1895 3039 1971 3093 etin
1986 3057 2053 3093 usus
2069 3037 2153 3094 cleri·

501 3163 595 3200 corum
619 3153 649 3198 et
672 3162 828 3214 pauperum
852 3144 1016 3198 deveniant.

608 3259 690 3345 (31).
717 3256 796 3343 Cap.
815 3258 890 3322 Vll.
925 3263 1022 3321 qquds
1045 3285 1159 3337 quoque
1182 3285 1239 3322 non
1262 3268 1353 3321 minus
1373 3268 1562 3339 periculosum
1579 3285 1642 3323 csse
1660 3269 1816 3336 didicimus,
1842 3272 1916 3341 quod
1933 3270 1961 3324 in
1978 3271 2153 3341 quorundam
2171 3283 2199 3323 η

502 3377 694 3447 cpiscoporum
718 3375 871 3445 parrochiis
895 3375 1030 3445 quosdam
1053 3374 1228 3444 presbiteros
1252 3384 1350 3429 contra
1373 3375 1526 3429 interdieta
1548 3383 1709 3430 sanctorum
1725 3373 1886 3431 canonuml
1908 3377 2026 3431 feminas
2049 3377 2078 3429 in
2101 3377 2152 3430 do·

501 3483 591 3537 mibus
614 3482 669 3535 suis
693 3497 749 3535 non
772 3481 860 3535 solum
883 3480 1024 3544 habitare,
1048 3481 1100 3534 sed
1124 3481 1209 3535 etiam
1235 3481 1392 3536 ministrare
1417 3482 1471 3536 sibi
1494 3481 1613 3550 faciunt,
1645 3500 1715 3554 quas
1747 3493 1776 3539 ct
1799 3482 1934 3554 laqueum
1957 3483 2154 3538 sacerdotibus

501 3607 623 3662 persepe
655 3589 782 3643 extitisse
814 3595 843 3641 ct
874 3587 975 3641 multos
1006 3588 1057 3642 hac
1087 3588 1235 3642 occasione
1266 3589 1294 3642 in
1317 3587 1480 3643 scandalum
1512 3595 1541 3643 et
1568 3589 1774 3644 detractionem
1798 3590 1937 3644 corruisse
1961 3589 2152 3660 cognovimus.

502 3694 583 3759 Quae
608 3695 794 3766 transgressio
818 3701 848 3748 et
872 3701 999 3765 tempore
1023 3694 1159 3764 genitoris
1183 3690 1292 3748 restri⁴
1317 3703 1347 3749 ct
1370 3689 1488 3749 rcstro⁵
1510 3695 1539 3748 in
1563 3696 1749 3750 conventibus
1781 3696 1975 3766 episcoporum
1998 3697 2153 3751 secundnm

502 3803 699 3857 auctoritatem
723 3801 886 3855 canonicam
908 3800 1061 3871 prohibita,
1093 3801 1143 3854 sed
1174 3799 1296 3854 necdum
1323 3801 1359 3854 ad
1383 3792 1618 3855 correctionem
1640 3801 1726 3872 plene
1752 3809 1796 3856 est
1819 3803 1968 3873 perducta.
2015 3802 2100 3858 Unde
2124 3803 2154 3857 in
2172 3815 2200 3856 so

502 3926 647 3964 commune
672 3909 841 3972 censuimus,
867 3916 898 3960 ut
921 3907 961 3972 hi,
986 3908 1033 3977 qui
1058 3915 1154 3961 tantae
1179 3907 1410 3977 transgressionis
1434 3908 1637 3962 incorrectores
1660 3917 1779 3962 actenus
1810 3909 1964 3977 extiterint,
1996 3909 2020 3962 si
2049 3909 2154 3964 abhinc

321 4019 483 4066 wald&
501 4016 583 4070 huius
606 4015 647 4070 rei
671 4023 845 4069 correctores
870 4031 932 4068 esse
957 4013 1145 4084 neglexerint,
1171 4013 1249 4067 iuxta
1272 4011 1392 4083 apostoli
1416 4014 1584 4067 sententiam
1609 4014 1687 4083 quasi
1712 4015 1925 4071 consentientes
1947 4015 2081 4070 malorum
2105 4033 2153 4071 co·

321 4075 485 4123 2.'1'hess.2,12.

501 4123 682 4178 herceantnr.

609 4237 700 4320 (32).'
717 4235 797 4322 Cap.
817 4235 907 4299 Vlll.
944 4239 1101 4298 Similiter⁶
1124 4245 1160 4298 de
1183 4244 1239 4297 illis
1262 4244 1439 4314 presbiteris,
1464 4244 1513 4314 qui
1536 4252 1635 4299 contra
1657 4253 1766 4299 statuta
1788 4241 1948 4300 canonum⁷
1965 4246 2051 4301 villici
2069 4245 2153 4314 liunt,

503 4355 635 4409 tabernas
658 4353 867 4424 ingrediuntur,
898 4353 993 4422 turpia
1021 4350 1100 4405 lucra
1127 4358 1275 4405 sectantur
1299 4359 1328 4405 et
1353 4350 1546 4404 diversissimis
1577 4352 1666 4405 modis
1690 4352 1780 4405 usuris
1803 4352 1960 4408 inserviunt
1984 4361 2014 4408 et
2037 4352 2154 4408 aliorum
2172 4365 2200 4406 st

612 4543 678 4606 (29).
698 4544 729 4593 V.
760 4546 772 4593 l
794 4538 953 4609 appareant]
979 4559 1056 4607 spur·
1078 4543 1101 4590 G
1120 4541 1227 4606 saepius.
1318 4540 1395 4590 Idem
1417 4541 1448 4592 G.
1540 4544 1555 4592 6
1580 4544 1753 4608 inpositiouis
1774 4543 1805 4593 G.
1896 4539 1974 4607 ens]
1994 4550 2024 4593 ut
2042 4544 2101 4594 sine
2121 4543 2154 4594 G.

505 4639 537 4686 10
556 4634 727 4684 commendat
748 4633 779 4682 G.

612 4721 679 4783 (30).
700 4723 747 4770 vl.
779 4724 809 4771 15
829 4738 862 4770 er
882 4717 958 4786 ipsis]
978 4722 1031 4786 ipsi
1053 4720 1084 4770 G.
1153 4722 1185 4768 le
1205 4719 1357 4769 tranferunt
1377 4718 1408 4768 0.
1464 4714 1662 4785 episcoporum]
1682 4737 1774 4771 eorum
1796 4720 1827 4770 G.
1893 4723 1924 4771 21
1946 4722 2101 4786 inperatore
2121 4721 2154 4775 G.

504 4829 564 4861 cum
583 4812 649 4861 deest
669 4811 700 4860 G.
774 4813 807 4860 22
827 4826 985 4860 concessum
1006 4815 1047 4859 est
1067 4809 1098 4860 G.

613 4899 681 4962 (31).
700 4901 763 4950 Vll.
793 4902 827 4950 30
846 4901 1045 4964 correptionem
1065 4897 1097 4948 G·
1171 4899 1204 4946 32
1225 4904 1396 4963 correptores
1417 4897 1447 4947 G.
2172 4903 2201 4944 tc

614 5073 643 5158 1)
669 5081 719 5138 Ea
734 5081 870 5139 relatione
886 5080 1077 5156 episcoporum
1095 5099 1118 5134 c.
1137 5081 1191 5146 11‚·
1214 5080 1232 5134 l.
1251 5079 1269 5132 Ι.
1287 5078 1326 5147 11,
1345 5081 1392 5136 33.
1467 5073 1498 5157 2)
1524 5078 1685 5135 Essedon
1701 5078 1838 5136 relatione
1854 5100 1877 5136 c.
1895 5083 1950 5148 12,·
1974 5081 1992 5136 l.
2010 5080 2086 5150 LII,
2104 5083 2155 5139 33.

507 5183 536 5256 3)
563 5188 611 5259 Cf.
637 5187 733 5244 coucil.
751 5187 908 5243 Nicaeuusu
933 5206 956 5242 c.
975 5189 1010 5254 3,·
1036 5185 1136 5241 transi
1158 5184 1197 5254 II,
1216 5187 1286 5243 679.
1363 5177 1393 5262 4)
1420 5183 1468 5256 Qs.
1493 5184 1591 5242 concil.
1608 5184 1783 5261 Rupacmse
1805 5195 1855 5243 etc.
1881 5189 1950 5246 799.
1975 5191 2037 5247 800
2060 5190 2156 5256 c.17;

504 5315 594 5370 supra
617 5316 649 5369 p.
671 5299 740 5353 210.
788 5294 817 5349 V.
844 5293 925 5349 etiarn
950 5293 1074 5368 capitula
1098 5313 1116 5346 u
1139 5290 1330 5348 sacerdotibus
1348 5291 1499 5366 proposita
1523 5295 1586 5350 802
1615 5311 1638 5347 c.
1664 5295 1712 5361 15,
1744 5291 1902 5367 capitulare
1924 5292 2070 5350 urceorum
2093 5297 2158 5353 802

506 5423 529 5456 c.
549 5407 576 5471 a,
603 5400 781 5458 Glsoerboldi
805 5400 968 5456 Leodieusr's
991 5398 1116 5473 capitula
1140 5402 1321 5457 802-810
1345 5401 1419 5466 e.1;
1452 5397 1525 5456 MG.
1552 5396 1644 5473 Capit.
1669 5399 1781 5469 I,107.
1800 5403 1868 5457 102.
1885 5403 1956 5458 243.
2049 5393 2079 5476 5)
2106 5398 2155 5471 Cf.

505 5508 671 5564 illudowici
693 5507 852 5581 capitulare
875 5506 1086 5562 ecclesiasticum
1112 5497 1230 5580 <stelle
1257 5524 1280 5559 c.
1307 5507 1360 5570 17,·
1387 5506 1405 5560 l.
1430 5507 1449 5560 t.
1477 5503 1501 5573 Ι,
1526 5508 1590 5564 278
1613 5498 1836 5579 (llis'ilrlboclrer²
1862 5527 1890 5562 u.
1916 5502 2000 5580 674).
2049 5505 2156 5564 Concil.
2173 5523 2202 5563 ss

507 5615 602 5671 I’uris.
628 5617 690 5672 820
714 5613 759 5670 lib.
785 5613 804 5668 I
823 5633 845 5668 c.
863 5617 920 5680 45;
944 5632 1033 5687 supra
1060 5632 1090 5686 p.
1117 5615 1177 5668 639
1192 5633 1234 5685 sq.
1327 5601 1357 5682 6)
1383 5611 1434 5669 Ex
1456 5611 1593 5668 relatione
1617 5612 1808 5688 cpiscoporum
1833 5616 1932 5680 c.13;
1955 5614 1973 5669 l.
1999 5614 2017 5668 l.
2042 5613 2082 5684 11,
2106 5616 2155 5672 33.

507 5721 537 5798 ἵ.)
564 5720 612 5794 ij.
630 5741 674 5776 ea.
689 5729 766 5796 prul.
784 5720 881 5777 correil.
899 5718 1055 5776 Monetium
1075 5739 1098 5774 c.
1118 5721 1164 5787 17,
1190 5716 1366 5773 Laodicenos
1389 5737 1427 5773 ec.
1445 5722 1474 5775 5.
1492 5721 1542 5776 24.
1560 5722 1617 5787 54,
1644 5718 1743 5775 stratui
1757 5719 1796 5788 II,
1815 5723 1887 5778 682.
1904 5722 1976 5778 577.
1994 5721 2065 5779 579.
2082 5724 2155 5778 582.

513 5830 543 5884 l',
569 5827 650 5882 etium
674 5847 763 5901 supra
783 5847 815 5900 p.
837 5831 898 5884 630
913 5847 954 5900 sq.
980 5847 1003 5880 c.
1024 5831 1075 5892 28,
1095 5845 1127 5899 p.
1150 5828 1209 5882 c't5
1226 5843 1288 5899 sqq.
1314 5845 1336 5880 c.
1357 5828 1406 5882 53.
