4884 6717
522 482 587 543 764
941 487 993 543 56,
1030 486 1251 544 coxcmmt
1274 485 1604 552 AQL'ISGRANENSE
1627 488 1665 542 A.
1685 486 1760 543 836.

521 686 633 739 domum
656 685 774 756 regiam,
798 693 830 738 ut
855 685 989 739 emendet
1014 701 1136 738 errorem
1160 683 1359 754 paenitudine.
1386 691 1419 738 ut
1449 682 1630 739 clementiam
1652 684 1765 739 Domini
1789 693 1990 757 consequatur.
2034 685 2175 752 Iudicate,

520 792 631 864 inquid,
658 809 740 846 mane
763 781 908 858 iudicium,
931 782 996 869 {non
1026 792 1055 845 in
1078 791 1205 875 tenebris
1228 790 1395 862 iniqnitatis,
1426 791 1478 845 sed
1501 790 1531 844 in
1553 791 1617 846 luce
1645 792 1770 845 iustitiae
1794 798 1825 847 et
1848 793 1937 848 eruite
1959 794 1988 848 vi
2010 794 2176 864 obpressum

520 900 557 953 de
580 916 664 953 mauu
688 897 908 964 calumniatoris,
930 908 963 952 ut
985 916 1041 952 uon
1064 899 1209 969 accipiatis
1232 915 1383 968 personam
1406 898 1435 951 in
1457 898 1573 962 iudicio,
1599 898 1663 964 sed,
1691 899 1826 953 divitibus
1848 917 1991 971 pauperes
2014 900 2174 971 obprimen-

520 1006 608 1072 tibns‚
638 1007 727 1077 magis
757 1007 833 1077 apud
857 1024 907 1059 ros
930 1006 986 1060 Dei
1017 1006 1165 1076 imperium
1194 1006 1290 1059 valeat
1321 1022 1406 1075 quam
1433 1005 1562 1075 potentia
1590 1006 1801 1076 persequentis.
1854 1006 1892 1059 Et
1919 1007 1954 1073 si,
1984 1007 2093 1077 inquid,
2121 1006 2175 1061 hoe

521 1113 662 1180 feceritis,
698 1131 879 1184 nequaquam
913 1113 1102 1167 succendatur
1136 1113 1165 1166 iu
1198 1112 1280 1166 vobis
1311 1111 1385 1182 iguis
1420 1110 1523 1165 furoris
1555 1112 1611 1164 mei
1645 1129 1699 1166 uec
1733 1112 1860 1166 inveniet
1892 1114 2053 1174 materiam,
2092 1128 2210 1183 quamn

521 1229 677 1275 consumat.

364 1360 504 1408 mancis
629 1335 712 1420 (bb).
737 1334 846 1398 XVII.
883 1334 966 1398 Item
990 1335 1023 1397 in
1043 1334 1144 1397 Esaia
1162 1333 1339 1420 propbeta:
1365 1334 1424 1398 Vos
1439 1336 1521 1398 enim
1543 1333 1670 1419 depasti
1685 1337 1759 1397 estes
1775 1337 1897 1398 rincum
1916 1361 2035 1404 meam:
2058 1339 2175 1421 rapina

516 1445 675 1530 paneperis
700 1445 731 1506 in
756 1443 847 1506 dorico
873 1457 984 1506 uestra.
1026 1441 1131 1519 Qiiare
1155 1442 1302 1506 adteritis
1318 1441 1476 1528 popellum
1494 1441 1619 1504 atentia?
1652 1446 1828 1517 Manifeste¹
1851 1451 1888 1504 ad
1910 1452 2053 1522 principes
2075 1451 2177 1506 dicitur

521 1558 702 1612 Iudaeorum.
748 1557 806 1612 Sed
831 1565 859 1612 et
883 1558 920 1612 ad
943 1567 1052 1612 nostros
1075 1558 1219 1629 principes
1243 1556 1345 1612 referri
1367 1565 1474 1627 potest,
1498 1557 1547 1627 qui
1569 1557 1705 1610 adteruut
1728 1557 1885 1611 subiectam
1907 1558 1961 1614 sibi
1984 1558 2116 1629 plebem3
2147 1567 2176 1613 et

522 1666 621 1736 rapina
652 1683 808 1736 pauperum
835 1665 864 1718 iu
894 1664 1023 1719 domibus
1054 1681 1149 1718 eoram
1180 1671 1236 1728 est,
1266 1664 1379 1734 qnando
1413 1664 1528 1734 replent
1561 1663 1707 1718 thesauros
1739 1682 1805 1717 suos
1840 1673 1869 1719 ct
1903 1666 2042 1720 ecclesiae
2073 1666 2175 1736 opibus
2196 1684 2221 1724 ru

523 1773 681 1826 abutuntur
703 1772 732 1825 iu
756 1771 873 1826 delicias
896 1771 1024 1842 publicas
1048 1782 1078 1826 et
1102 1772 1203 1842 stipes,
1229 1788 1302 1841 qnae
1326 1771 1363 1823 ad
1388 1771 1623 1825 sustentationem
1646 1787 1803 1841 pauperum
1826 1771 1911 1826 datae
1942 1783 2015 1836 sunt,
2046 1772 2094 1826 vel
2122 1773 2176 1827 sthi

523 1889 671 1933 reservant
702 1880 749 1933 vet
779 1878 843 1931 filiis
878 1879 936 1932 sais
967 1879 1150 1933 distribuunt.
1204 1866 1288 1931 Cum
1324 1890 1402 1954 ergo
1436 1867 1539 1931 multa
1570 1868 1764 1931 eximiorum
1796 1867 1963 1933 doctorum
1992 1881 2175 1933 nostrornm

524 1975 675 2062 exeurpla
705 1976 845 2062 proferri
874 1976 1066 2062 potuissent,
1097 1987 1231 2061 propter
1261 1973 1405 2038 taedium
1436 1987 1546 2037 tamen
1576 1973 1755 2059 legentium
1785 1996 1892 2060 pauca
1920 1975 2048 2061 prolata
2077 1987 2175 2063 atque

523 2095 679 2167 congesta
702 2095 785 2146 sunt.

631 2209 714 2292 tbi).
738 2206 865 2270 XVIII.
902 2205 999 2287 Quod
1023 2219 1129 2269 antem
1148 2205 1298 2270 domiuus
1315 2205 1407 2269 iesus
1424 2204 1573 2270 Christus
1596 2205 1750 2292 templum
1767 2206 2088 2271 Hierosolimitanum
2112 2219 2175 2271 sta-
2195 2234 2221 2274 rs

521 2315 599 2379 tutis
619 2313 818 2400 temporibus
842 2313 960 2377 adierit
983 2312 1095 2399 ibique
1112 2312 1269 2380 docuerit.
1293 2314 1388 2397 signa
1409 2312 1511 2376 multa
1531 2312 1646 2376 fecerit
1668 2312 1813 2399 illudque
1831 2314 2054 2378 venerandum
2077 2325 2175 2400 atque

519 2419 745 2485 honorandum
781 2419 944 2494 docuerit,
985 2442 1078 2482 sacra
1112 2431 1273 2482 testantur
1306 2419 1489 2504 evangelia.
1549 2418 1614 2499 Qui
1648 2419 1744 2483 factis
1779 2420 1940 2506 dictisque
1976 2421 2042 2484 suis
2077 2433 2175 2507 atque

522 2527 682 2614 exemplis
705 2526 877 2590 manifeste
902 2525 1136 2589 demonstravit
1160 2524 1332 2588 ecelesiam
1357 2549 1448 2589 suam
1473 2566 1518 2573 —
1541 2549 1625 2612 quae
1644 2528 1756 2613 utique
1773 2526 1929 2612 templum
1945 2525 2031 2590 illius
2048 2528 2174 2608 existit3

349 2655 501 2704 lanan.
520 2634 607 2698 unde
631 2635 677 2696 ait
702 2633 884 2718 apostolus:
921 2633 1082 2719 Templnm
1109 2633 1151 2695 De
1161 2636 1175 2695 i
1201 2648 1341 2695 satiatam
1366 2648 1419 2712 est,
1450 2634 1537 2718 φησι]
1558 2637 1632 2697 estis
1657 2660 1709 2697 eos
1731 2672 1774 2680 —
1799 2657 1818 2697 a
1841 2632 1992 2697 tidelibus
2015 2634 2082 2697 suis
2105 2633 2174 2697 fore

520 2755 653 2805 sanctae
678 2739 845 2824 religionis
868 2752 944 2803 voto
968 2738 1239 2825 frequentandam
1264 2761 1303 2802 ae
1327 2739 1550 2803 venerandam
1581 2752 1613 2803 et
1642 2739 1724 2803 nihil
1753 2740 1787 2803 in
1815 2763 1855 2803 ea
1885 2738 1938 2803 rel
1967 2739 2008 2804 de
2032 2762 2082 2820 aa,
2111 2740 2174 2803 nisi
2193 2768 2221 2808 so

521 2848 607 2935 quod
631 2847 673 2911 ad
698 2846 818 2910 cultum
842 2846 1063 2932 honoremque
1086 2846 1157 2909 eius
1180 2846 1332 2931 pertinet,
1355 2846 1529 2931 agendam.

629 2975 713 3060 qast.
738 2971 883 3036 xiim.
919 2970 1090 3051 Quomodo
1107 2972 1207 3056 igitur
1224 2971 1364 3034 ecclesia
1380 2969 1502 3034 Christi
1518 2983 1591 3057 post
1607 2972 1676 3035 eius
1691 2972 1888 3057 passionem.
1905 2972 2175 3036 resurrectionem

521 3091 553 3143 et
572 3079 616 3144 ad
632 3079 740 3143 caelos
764 3080 989 3142 ascensionem
1009 3090 1041 3141 et
1058 3077 1197 3163 Spiritus
1222 3079 1325 3141 sancti
1350 3100 1448 3163 super
1470 3078 1633 3163 apostolos
1657 3080 1845 3142 missionem
1863 3077 2019 3164 paulatim
2036 3079 2176 3141 ereverit

522 3198 553 3249 et
576 3209 635 3273 per
658 3185 820 3273 apostolos
844 3183 996 3248 roborata
1019 3196 1051 3248 et
1074 3197 1256 3271 propagata
1280 3197 1378 3271 atque
1401 3184 1547 3247 fidelium
1570 3182 1790 3248 oblationibus
1821 3183 1924 3247 ditata
1954 3197 1987 3247 et
2017 3197 2176 3249 exornata

521 3292 628 3372 fuerit,
653 3307 685 3355 et
708 3305 799 3356 actus
824 3291 1001 3355 eorundem
1025 3292 1245 3377 apostolorum
1270 3303 1302 3354 et
1326 3314 1437 3354 eorum
1461 3303 1563 3375 gesta,
1594 3312 1678 3376 quae
1701 3292 1923 3376 unusquisque
1947 3292 1981 3354 in
2003 3292 2174 3377 provintiis
2192 3318 2221 3357 ss

521 3399 564 3463 ad
587 3398 825 3486 predicandum
849 3422 868 3461 a
892 3397 1022 3462 Christo
1046 3397 1108 3461 sibi
1133 3400 1313 3462 commissis
1337 3399 1448 3483 gessit,
1471 3397 1660 3483 plenissime
1683 3396 1909 3483 astipulantur.

629 3525 712 3608 (bill.
737 3524 814 3586 XX.
851 3523 918 3588 Sed
938 3525 1013 3609 quia
1037 3525 1070 3586 in
1094 3522 1345 3609 precedentibus
1370 3521 1410 3586 de
1434 3522 1496 3586 hac
1519 3545 1554 3585 re
1578 3523 1657 3584 satis
1676 3521 1800 3585 dictum
1823 3533 1882 3605 est,
1906 3535 2055 3609 superest
2076 3546 2174 3605 nunc,

521 3642 556 3695 ut
578 3630 619 3693 de
643 3629 770 3694 actibus
794 3629 970 3694 eorundem
995 3629 1213 3715 apostolorum
1237 3652 1344 3715 pauca
1368 3630 1534 3693 succincte
1554 3650 1853 3693 commemoremus.
1892 3629 2009 3693 Petrus
2027 3651 2105 3693 vero
2128 3630 2175 3692 ait

382 3757 504 3801 sensas.
523 3737 563 3800 ad
588 3737 676 3800 illos:
702 3738 928 3800 Paenitentiam
954 3741 1036 3823 apite
1060 3752 1088 3799 et
1111 3739 1284 3822 baqnttketar
1309 3740 1521 3822 itiieesqnisqae
1553 3751 1684 3798 restrum
1718 3740 1749 3799 ia
1775 3739 1898 3800 nonnine
1925 3736 2049 3800 Christi
2070 3740 2103 3800 ia
2127 3762 2174 3801 re-

525 3847 699 3907 scissionem
726 3859 926 3930 percuterem
962 3859 1129 3906 aestrorum
1160 3858 1189 3906 et
1217 3847 1382 3932 accipietis
1412 3844 1526 3906 adoniram
1559 3841 1702 3927 Spiritus
1731 3845 1842 3906 sancti.
1888 3842 1933 3905 Et
1955 3853 2029 3928 post
2050 3865 2173 3929 pauca:
2192 3869 2221 3909 so

344 3969 372 4012 tn
385 3971 501 4018 att-n.
525 3951 592 4027 Qui
612 3975 683 4037 erpo
708 3965 889 4036 receperunt
909 3975 1065 4013 serniams
1089 3953 1156 4012 eins
1180 3952 1335 4034 baptisati
1353 3964 1442 4016 siniit:
1472 3964 1501 4013 et
1529 3949 1694 4034 adpositae
1723 3964 1796 4012 sam
1826 3953 1857 4012 in
1891 3951 1948 4013 illa
1973 3951 2026 4013 die
2048 3953 2174 4014 animae

522 4060 649 4121 ‹n‘rea'ter
673 4061 734 4120 tria
761 4058 862 4120 inib‘a.
898 4057 1003 4120 Erant
1018 4073 1118 4118 netem
1137 4071 1377 4142 perseuerantes
1401 4060 1432 4119 in
1458 4057 1601 4119 doctrina
1625 4057 1837 4142 apostoloram
1854 4072 1882 4119 et
1897 4060 2174 4120 contnnmieatione

515 4165 694 4249 senaciensis
711 4168 812 4249 parnis
835 4179 862 4226 et
885 4166 1090 4226 oratimn‘bns.
1128 4164 1243 4226 fiebat
1264 4179 1363 4225 aretem
1382 4166 1608 4226 ottrier'nnimne
1624 4166 1735 4228 timor:
1760 4164 1855 4226 »indm
1879 4188 2000 4248 qaoque
2016 4165 2173 4250 prodiyia

521 4284 549 4332 et
571 4273 662 4354 siyna
680 4295 744 4355 per
766 4272 922 4355 apostolos
938 4273 1060 4356 fielnant
1084 4274 1115 4333 in
1140 4271 1343 4333 Hierusalem
1368 4285 1396 4332 et
1420 4284 1515 4333 metas
1538 4284 1606 4332 erat
1629 4295 1760 4355 neaipnas
1784 4272 1815 4333 ia
1846 4273 2011 4333 universis.
2061 4269 2174 4333 Oritites

521 4379 626 4454 eo'nm,
657 4380 717 4461 qni
742 4377 917 4454 eredebant,
947 4393 1036 4438 arrisit
1057 4381 1186 4462 pariter
1215 4392 1244 4440 et
1273 4378 1427 4439 habebam
1449 4379 1554 4440 oinrnia
1582 4379 1769 4439 constantinia.
1815 4376 2031 4440 Possessiones
2053 4391 2082 4440 et
2102 4377 2173 4440 sinte
2191 4401 2220 4442 tt

520 4487 653 4546 stantius
679 4483 847 4546 reieelebant
871 4499 899 4546 et
921 4483 1106 4546 dieidebant
1130 4485 1187 4546 illa
1216 4485 1370 4562 orionibus,
1393 4498 1494 4569 prona
1523 4487 1634 4568 cuique
1665 4509 1744 4568 ttptts
1773 4498 1849 4546 erat.
1899 4482 2023 4547 Cotidie
2052 4507 2174 4568 qaoque

516 4590 728 4675 perdurantes
754 4593 943 4652 itiianinn'ter
968 4592 999 4652 ia
1025 4592 1137 4675 templo
1160 4605 1188 4652 et
1203 4593 1394 4676 surrepentes
1417 4594 1502 4654 eirca
1528 4591 1636 4653 alorites
1651 4617 1769 4675 panem
1794 4592 1955 4654 sarriebant
1976 4591 2078 4653 eibum
2103 4615 2173 4652 eam

520 4699 708 4760 exsultatione
739 4713 767 4758 et
795 4698 998 4782 siniplicitate
1028 4697 1150 4774 contet«,
1186 4697 1411 4760 ennbnnlantes
1441 4697 1544 4760 Derim
1574 4713 1602 4760 et
1630 4698 1775 4760 babentes
1802 4701 1941 4782 pratr'erm
1974 4697 2022 4761 ad
2053 4721 2172 4760 auserem

626 4967 716 5017 ml.
750 4970 765 5019 I
786 4967 872 5017 xvtt.
895 4987 943 5017 atat.
968 4967 1027 5017 131.
1120 4969 1193 5016 Isaia
1219 4983 1313 5016 eoorr.
1336 4966 1358 5016 B
1368 4971 1393 5016 2.
1482 4961 1549 5028 Vos]
1575 4966 1664 5017 xm
1690 4967 1747 5015 tos
1774 4966 1798 5015 B
1808 4973 1832 5016 1.
1923 4969 1939 5014 9
1965 4967 2115 5017 Iudaorum
2133 4967 2172 5018 It

521 5059 555 5107 10
574 5067 600 5105 et
618 5056 684 5105 ‹teen
703 5055 739 5105 II.
2189 5066 2220 5105 to

627 5164 731 5213 xt'tll.
763 5167 794 5213 15
814 5158 1105 5227 hierosolymitanum]
1126 5164 1161 5211 ita
1182 5163 1209 5222 C,
1235 5160 1508 5212 HIerosolimitanum
1526 5171 1580 5212 cett.
1655 5167 1687 5212 19
1706 5159 1731 5224 a]
1752 5181 1784 5211 ac
1805 5163 1836 5212 L.
1910 5165 1944 5213 20
1962 5173 2026 5214 uoto
2044 5165 2171 5230 hequem

520 5248 640 5313 tandem]
662 5253 809 5301 rotundam
830 5252 866 5301 ,l!.

627 5359 747 5407 XVIIII.
777 5361 810 5407 22
831 5354 923 5422 igitur]
945 5361 1037 5418 agitur
1056 5357 1088 5406 L.
1160 5360 1193 5407 24
1214 5357 1402 5407 oblationibus
1421 5352 1517 5420 ditata}
1537 5356 1683 5407 oblationis
1703 5360 1778 5408 dieta
1798 5358 1834 5406 II.

625 5465 683 5514 XX.
712 5467 745 5514 21
766 5462 832 5526 XX]
858 5466 893 5513 ita
915 5467 941 5514 ts.
1034 5459 1252 5527 precedentibus]
1280 5464 1456 5529 predentibus
1477 5465 1505 5514 ζ’.
1595 5460 1655 5527 hac]
1681 5483 1713 5513 nc
1734 5468 1770 5516 l!-
1862 5467 1896 5515 28
1918 5467 2040 5515 suscitate
2058 5465 2091 5515 L.
2110 5464 2171 5516 B3.

518 5558 551 5604 33
572 5556 705 5605 fractione
727 5550 761 5601 Jl.
824 5556 916 5602 omnia
936 5553 994 5602 132.
1057 5555 1091 5602 34
1111 5563 1137 5601 et
1157 5547 1245 5615 sigma]
1265 5569 1279 5601 e
1299 5555 1378 5615 si‘gna
1398 5553 1435 5602 JI.
1497 5564 1555 5603 erat
1575 5548 1698 5618 magnius}
1717 5571 1831 5618 magnus
1851 5553 1988 5604 eratBi.
2052 5556 2219 5605 &ibren-tt

518 5645 618 5694 debant
639 5638 674 5706 et]
696 5644 844 5692 vendentes
864 5640 900 5692 II.
974 5640 1034 5691 illas
1055 5641 1087 5690 L·
1160 5636 1280 5702 Cotidie]
1301 5643 1337 5690 ita
1358 5643 1385 5696 (ἶ
1404 5641 1530 5707 qnotidie
1548 5651 1602 5691 cett.
1622 5637 1673 5702 ibic
1690 5650 1714 5690 et
1732 5643 1822 5706 intr-ol

628 5864 656 5928 l)
682 5859 881 5932 Hieismpinns,
908 5857 1057 5916 &retineat
1081 5858 1108 5913 in
1134 5856 1259 5924 laniatam
1283 5856 1357 5933 opp.
1376 5857 1499 5922 11359.
