4884 6717
543 475 608 538 528
1008 483 1060 538 44.
1097 483 1315 542 CONCILIUM
1338 484 1566 540 PARISIENSE
1589 485 1626 540 A.
1647 483 1722 540 825.

542 675 669 732 harisisse
692 679 720 732 in
743 679 931 733 adorationem
950 681 1068 748 videras,
1092 681 1192 734 ideireo
1215 689 1365 735 commotus
1388 698 1427 746 es,
1449 688 1479 735 ιιι
1507 698 1554 735 eas
1576 681 1709 752 imagines
1732 681 1822 752 frangi
1838 680 2023 750 praeciperes,
2045 688 2131 751 atque
2155 681 2194 736 eis

542 785 702 839 dicendum:
726 783 756 839 Si
779 787 815 838 ad
837 787 908 840 hanc
932 786 1144 854 instructionem,
1167 788 1303 858 adquam
1323 788 1456 859 imagines
1471 787 1620 857 antiquitus
1635 787 1727 841 factae
1743 787 1932 854 sinehabere
1948 788 2030 841 vultis
2053 787 2081 839 in
2105 787 2194 841 eccle·

542 892 597 960 siis,
620 909 668 946 eas
691 892 778 946 modis
800 893 924 947 omnibus
947 898 975 946 et
998 894 1090 948 offerri
1114 901 1142 948 et
1164 894 1261 948 haberi
1284 895 1435 964 prennittas.
1481 893 1519 948 ht
1535 894 1634 960 indica,
1657 895 1732 964 quod
1747 911 1802 947 non
1817 893 1867 947 tibi
1882 894 1943 963 ipsa
1961 894 2030 948 visio
2054 894 2195 961 historiae,

542 1017 614 1068 quac
641 999 747 1068 pictura
773 1006 843 1054 teste
871 1000 1052 1070 pandebatur,
1085 1001 1263 1071 displicuerit,
1296 1003 1345 1056 sed
1371 1002 1420 1055 illa
1448 1001 1586 1068 adoratio,
1619 1018 1692 1071 quae
1719 1000 1832 1070 picturis
1858 1000 1950 1055 fuerat
1977 1000 2195 1071 incompetenter

542 1106 671 1160 exhibita.
717 1105 810 1176 Atque
835 1107 860 1160 in
885 1107 926 1160 his
950 1107 1040 1160 verbis
1062 1125 1156 1162 eorum
1179 1115 1285 1162 mentes
1307 1107 1465 1162 demulceus
1489 1125 1536 1162 eos
1559 1108 1595 1161 ad
1618 1107 1791 1161 concordiam
1814 1124 1916 1160 revoca
1939 1115 1977 1172 et,
2000 1108 2020 1160 si
2045 1108 2107 1178 quis
2125 1108 2225 1162 ima-e

540 1213 619 1284 gines
641 1212 733 1266 faeere
757 1213 883 1280 voluerit,
906 1213 1014 1266 minime
1037 1214 1160 1284 prohibe,
1190 1216 1306 1268 adorare
1329 1232 1396 1269 vcro
1419 1215 1552 1286 imagines
1575 1214 1736 1268 omnimodis
1759 1214 1860 1268 devita.
1907 1212 1961 1268 Sed
1992 1213 2043 1267 hoc
2074 1215 2193 1268 sollicite

541 1319 698 1373 fraternitas
720 1325 767 1372 tua
791 1320 946 1388 admoueat,
970 1327 999 1373 ut
1022 1338 1055 1374 ex
1079 1321 1182 1375 visione
1206 1319 1246 1374 rei
1260 1330 1357 1393 gestae
1377 1322 1503 1375 ardorem
1519 1321 1732 1391 compunctionis
1747 1321 1901 1391 percipiant
1918 1327 1946 1374 et
1961 1321 1989 1374 in
2005 1322 2194 1375 adorationem

541 1427 592 1480 soli
615 1426 688 1480 illius
710 1426 906 1496 omnipotentis
928 1435 1039 1480 sanctae
1062 1428 1189 1481 trinitatis
1211 1429 1349 1483 hmnilitcr
1371 1434 1585 1499 prosternantur.

648 1523 731 1587 Item
754 1522 841 1587 idern
866 1522 908 1587 ad
931 1523 1117 1588 Ianuarium
1142 1526 1348 1611 episcopum:
1377 1526 1510 1604 iudaeil,
1526 1526 1640 1611 iuquit,
1665 1536 1699 1588 de
1723 1536 1835 1589 civitate
1858 1541 1950 1589 vestm
1973 1535 2026 1588 hue
2049 1535 2194 1589 vanientes

542 1640 632 1711 questi
657 1640 738 1694 nobis
763 1648 834 1700 sunt,
861 1641 935 1710 quod
961 1658 1132 1712 synagogam
1159 1658 1262 1704 eorunr,
1288 1660 1361 1712 quae
1389 1640 1497 1696 Caralis
1523 1643 1575 1696 sita
1603 1650 1653 1708 cst,
1680 1641 1793 1710 Petnrs,
1826 1642 1876 1712 qui
1902 1659 1936 1696 ex
1971 1659 2064 1695 comm
2099 1659 2192 1711 super·
2212 1654 2239 1693 ro

541 1748 649 1800 stitione
667 1748 702 1800 ad
718 1745 889 1801 Christianae
911 1746 975 1800 fidei
998 1748 1101 1801 cultum
1126 1749 1187 1802 Deo
1210 1750 1321 1802 volente
1344 1750 1491 1818 perductus
1514 1755 1565 1818 est,
1588 1748 1718 1802 adhibitis
1734 1748 1783 1802 sibi
1800 1748 1964 1819 quibusdam
1984 1748 2193 1818 indisciplinatis

541 1853 668 1924 sequenti
692 1853 735 1906 die
759 1852 929 1923 baptismatis
952 1854 1003 1916 sui,
1025 1854 1077 1908 hoe
1102 1864 1144 1908 est
1166 1855 1302 1909 dominica
1317 1855 1377 1925 ipsa
1393 1854 1543 1909 festivitate
1558 1855 1691 1925 paschali,
1706 1873 1768 1908 eum
1783 1856 1862 1924 gravi
1880 1856 2012 1909 scandalo
2027 1855 2085 1908 siue
2100 1863 2194 1909 vestra

541 1961 684 2014 voluntate
707 1967 867 2030 occupasset
890 1967 975 2029 atque
999 1960 1145 2033 imaginem
1169 1962 1225 2015 illic
1248 1962 1386 2032 genitricis
1409 1962 1463 2015 Dei
1487 1962 1654 2032 Domitiique
1675 1961 1760 2015 nostri
1777 1967 1805 2015 et
1821 1963 2006 2015 venerandam
2022 1979 2130 2016 crucem
2147 1961 2191 2016 vel

541 2067 643 2120 birrum
666 2066 769 2134 aihum,
793 2084 848 2136 quo
872 2066 948 2121 fonte
972 2085 1085 2136 surgens
1109 2068 1216 2122 indutus
1239 2069 1340 2134 iuerat,
1363 2068 1544 2138 apposuisset.

647 2164 691 2228 Et
721 2174 793 2250 post
816 2186 938 2250 pauca:
969 2171 1210 2240 Considerantesff,
1241 2166 1355 2251 inquil,
1379 2175 1431 2229 hac
1458 2176 1492 2229 dc
1519 2192 1549 2227 re
1576 2180 1684 2229 vestrae
1711 2175 1860 2228 vohmtatis
1885 2175 2019 2229 intentum
2046 2192 2078 2228 ac
2106 2175 2194 2246 magis
2213 2186 2239 2226 ιι

542 2281 668 2335 iudicium
692 2281 733 2334 his
756 2280 896 2334 hortamur
925 2280 1064 2348 affatibus,
1094 2289 1124 2335 ut
1153 2282 1264 2336 sublata
1290 2282 1388 2337 exinde
1415 2300 1476 2335 curn
1504 2299 1547 2350 ea,
1574 2300 1629 2352 qua
1656 2282 1766 2352 dignum
1794 2288 1844 2348 est,
1871 2282 2048 2336 veneratione
2072 2282 2193 2352 hnagme

542 2394 626 2458 atque
650 2404 730 2440 eruec
754 2386 879 2441 debeatis
903 2389 977 2458 quod
1001 2388 1136 2442 violenter
1158 2389 1282 2443 ablatum
1306 2398 1348 2443 est
1370 2389 1528 2443 ret'onuare.

648 2484 731 2548 Item
754 2484 840 2548 idem
865 2483 907 2547 ad
932 2484 1152 2549 Secundinum
1177 2508 1307 2550 servum
1330 2485 1395 2549 Dei
1419 2484 1616 2549 inclausum:
1649 2495 1787 2565 imagines
1797 2489 1819 2562 ³,
1841 2486 1956 2571 inquit,
1981 2513 2051 2566 quas
2074 2512 2091 2549 a
2114 2495 2193 2550 nobis

541 2600 592 2654 tibi
615 2600 770 2672 dirigendas
792 2618 843 2671 per
865 2601 1022 2655 Dulcidium
1045 2602 1189 2655 diaconum
1212 2609 1288 2656 tuum
1311 2602 1424 2673 rogasti,
1446 2603 1528 2655 valde
1551 2602 1631 2655 uobis
1653 2609 1701 2655 tua
1724 2602 1872 2671 postulatio
1896 2601 2010 2671 placuit,
2033 2603 2099 2673 quia
2114 2603 2192 2657 illruu

541 2708 568 2761 in
592 2708 673 2762 corde
697 2713 756 2760 tota
779 2707 929 2761 intentione
953 2709 1079 2778 quaeris,
1106 2709 1182 2762 cuius
1205 2709 1352 2780 imaginem
1375 2726 1443 2778 prae
1466 2709 1553 2762 oeulis
1579 2708 1683 2763 habere
1711 2707 1867 2774 desideras,
1894 2715 1924 2762 ut
1946 2708 2015 2762 visio
2041 2710 2193 2779 corporalis
2210 2728 2238 2766 aa

541 2815 678 2869 cotitliuna
701 2815 801 2868 reddat
824 2822 956 2874 exortum,
983 2823 1021 2881 ut,
1048 2816 1112 2870 dum
1139 2816 1273 2885 picturam
1297 2816 1383 2881 rides,
1410 2817 1445 2870 ad
1473 2816 1550 2870 illum
1577 2816 1667 2869 animo
1693 2815 1860 2882 inardescas,
1887 2816 1963 2869 cuius
1989 2824 2017 2869 te
2045 2816 2192 2886 imaginem

541 2921 634 2976 videre
661 2921 825 2974 consideras.
873 2921 916 2975 Ab
944 2939 973 2975 re
1000 2939 1054 2975 uon
1081 2921 1205 2985 facimus,
1233 2923 1254 2976 si
1281 2939 1330 2992 per
1356 2922 1475 2975 visibilia
1501 2921 1648 2976 invisibilia
1674 2923 1900 2976 demonstramus.
1947 2920 1991 2975 Sic
2019 2922 2116 2988 horno,
2144 2922 2191 2994 qui

541 3028 625 3082 aliurn
648 3029 777 3082 ardenter
799 3028 893 3081 videre
916 3029 1054 3082 desiderat
1087 3035 1135 3082 aut
1165 3047 1294 3099 sponsam
1321 3030 1439 3082 amando
1465 3030 1612 3094 desiderat,
1640 3047 1723 3099 quam
1746 3029 1840 3082 videre
1863 3037 1987 3098 conahn,
2014 3029 2035 3082 si
2059 3029 2193 3100 contingit

541 3141 588 3188 aul
611 3135 647 3188 ad
670 3134 798 3189 balneum
822 3137 861 3189 ire
885 3141 933 3188 aut
955 3136 991 3188 ad
1015 3136 1161 3189 ecclesiam
1183 3137 1343 3205 procedere,
1366 3135 1479 3189 festinus
1502 3136 1529 3189 iu
1552 3137 1597 3188 via
1620 3154 1650 3190 se
1673 3142 1831 3205 praeparat,
1857 3143 1888 3188 ιιι
1910 3137 1944 3190 de
1970 3136 2074 3190 visione
2097 3137 2192 3190 hilaris

542 3242 662 3296 recedat.
708 3240 822 3302 Scimus,
846 3242 911 3311 quia
936 3247 964 3295 tu
987 3242 1134 3311 imaginem
1158 3242 1303 3295 salvatoris
1320 3242 1410 3324 ¹nostri
1432 3243 1494 3296 ideo
1519 3260 1573 3296 non
1595 3245 1674 3312 petis,
1697 3248 1727 3296 ut
1750 3243 1828 3312 quasi
1852 3243 1944 3296 Deum
1967 3243 2053 3310 colas,
2082 3245 2131 3298 sed
2153 3243 2190 3298 ob
2209 3258 2237 3299 aa

542 3349 758 3402 recordationem
781 3347 830 3402 filil
855 3348 919 3414 Dei,
943 3355 973 3401 ut
997 3349 1023 3401 in
1046 3349 1105 3401 eius
1127 3364 1220 3401 amore
1244 3349 1407 3412 recalescas,
1437 3350 1512 3403 errius
1536 3356 1563 3403 te
1587 3349 1733 3420 imaginem
1756 3349 1850 3403 videre
1873 3350 2038 3403 consideras.
2084 3350 2120 3403 Et
2142 3369 2192 3404 nos

542 3455 654 3525 quidem
677 3472 730 3508 non
753 3455 832 3525 quasi
855 3462 918 3508 autc
942 3455 1113 3509 divinitatem
1136 3465 1200 3508 ante
1217 3455 1304 3525 ipsam
1319 3455 1521 3524 prosternimur,
1544 3456 1686 3509 sedilium
1702 3456 1857 3522 adoramus,
1881 3473 1963 3526 quern
1979 3473 2030 3526 per
2044 3457 2192 3526 imaginem

542 3569 589 3616 aut
611 3569 704 3615 nahun
728 3569 775 3615 aut
798 3579 906 3632 passum
929 3562 973 3615 vel
999 3561 1026 3614 in
1048 3562 1146 3615 throno
1170 3562 1311 3616 sedantem
1335 3562 1516 3615 recordamur.
1563 3562 1599 3615 Et
1621 3562 1685 3615 darn
1708 3581 1757 3615 nos
1780 3563 1840 3632 ipsa
1867 3563 1974 3632 pictura
2001 3563 2080 3634 quasi
2108 3563 2190 3633 scrip·

541 3675 602 3722 tura
625 3669 661 3721 ad
684 3668 842 3722 memoriam
866 3666 914 3721 filii
939 3669 992 3721 Dei
1016 3669 1177 3734 reducimus,
1200 3668 1319 3721 animum
1342 3675 1462 3721 nostrum
1490 3677 1537 3721 aut
1563 3670 1598 3722 de
1622 3669 1820 3722 resurrectione
1844 3668 1977 3723 laetificat
1999 3677 2047 3723 aut
2069 3670 2104 3722 de
2128 3687 2190 3739 pas·

541 3775 617 3828 sione
641 3775 750 3830 mulcet.
797 3775 919 3845 Ideoque
943 3775 1090 3828 direximus
1113 3774 1161 3828 tibi
1185 3775 1315 3828 surtarias
1338 3776 1404 3829 duas
1428 3781 1456 3829 et
1479 3775 1626 3846 imaginem
1649 3776 1792 3829 salvatoris
1816 3785 1844 3828 et
1871 3785 1982 3830 sanctae
2005 3776 2111 3830 Mariae
2136 3776 2191 3830 Dei
2209 3792 2237 3831 aa

540 3882 688 3954 genitricis,
714 3882 787 3936 beati
811 3881 886 3935 Petri
914 3889 941 3934 et
967 3882 1046 3935 Pauli
1074 3882 1260 3951 apostolorum
1287 3899 1337 3952 per
1363 3882 1547 3951 supradictum
1573 3880 1660 3935 filium
1685 3889 1807 3936 uostnrm
1830 3883 1972 3937 haconem
2000 3891 2028 3937 et
2052 3901 2107 3936 uua
2129 3901 2192 3937 cum

541 4009 622 4044 cruce
645 3991 752 4043 clavem
775 4006 824 4059 pro
848 3988 1048 4056 benedictione,
1074 3995 1104 4042 ut
1130 3988 1166 4042 ab
1193 3989 1252 4058 ipso
1280 3988 1399 4058 ursligno
1429 3988 1558 4042 defensus
1585 3989 1637 4052 sis,
1663 3989 1740 4042 euius
1767 3998 1861 4042 sancto
1888 3990 1964 4061 ligno
1990 3997 2017 4044 te
2046 4007 2105 4044 esse
2133 4009 2190 4044 mu·

541 4098 627 4152 nittun
649 4098 745 4150 eredis.

648 4194 723 4257 Huc
747 4216 848 4279 usque
873 4191 1009 4278 epistola
1026 4190 1188 4275 Gregorii.
1225 4190 1291 4255 Sed
1308 4192 1385 4276 quia
1408 4190 1460 4255 hic
1485 4191 1564 4255 ordo
1581 4190 1754 4256 verborum
1771 4194 1816 4255 ita
1839 4203 2068 4278 praeposterus
2093 4205 2190 4279 atque

542 4324 562 4365 a
585 4323 649 4364 non
673 4297 928 4385 intelligentibus
952 4299 1104 4362 confusus
1129 4297 1233 4362 videri
1257 4308 1374 4383 potest,
1398 4310 1442 4378 ut,
1467 4299 1529 4362 nisi
1554 4309 1648 4363 caute
1674 4297 1906 4379 consideretur,
1931 4300 1977 4363 ita
1994 4323 2013 4363 a
2029 4299 2191 4364 nonnullis
2209 4332 2238 4372 ‚s

542 4407 649 4471 minus
680 4405 856 4494 capacibus
887 4405 1022 4491 intelligi
1054 4406 1164 4491 possit,
1196 4405 1289 4489 quasi
1313 4402 1428 4467 beatus
1453 4403 1632 4490 Gregorius
1655 4403 1699 4484 id,
1732 4404 1819 4490 quod
1849 4407 1938 4491 prius
1969 4404 2119 4470 omnibus
2143 4408 2191 4470 in·

542 4513 667 4578 licitum
691 4537 762 4577 esse
786 4512 962 4600 praedixit,
987 4536 1021 4575 se
1046 4511 1163 4575 fecisse
1188 4510 1315 4597 sibique
1339 4510 1480 4575 faciendi
1504 4510 1627 4575 licitum
1652 4534 1723 4574 esse
1747 4522 1892 4593 testetur,
1917 4511 2117 4599 quodquam
2135 4511 2190 4577 ab·

543 4620 676 4684 surdum
700 4642 862 4706 quamque
887 4631 999 4684 eontra
1022 4631 1153 4683 sanctae
1171 4618 1235 4681 Dei
1252 4616 1410 4681 ecclesiae
1427 4617 1617 4703 religionem
1633 4618 1673 4682 de
1698 4629 1787 4682 tanto
1812 4618 2034 4684 ecclesiastico
2058 4618 2191 4684 doctore

543 4728 662 4791 sentire
693 4726 861 4812 indignum
893 4727 944 4806 sit,
975 4725 1090 4805 nullus,
1123 4726 1177 4811 qui
1210 4723 1297 4787 diota
1322 4724 1391 4787 eius
1416 4723 1590 4788 scrutando
1614 4724 1666 4788 vel
1690 4724 1829 4810 legendo
1853 4725 2016 4810 coguovit,
2041 4728 2191 4812 ignorare

543 4834 746 4920 permittitur.
794 4833 878 4897 Nam
903 4845 937 4896 ut
961 4831 1154 4917 sibimetipsi
1179 4831 1359 4894 contrarius
1384 4852 1455 4895 csse
1480 4829 1608 4910 debeat,
1640 4831 1762 4894 iustitia
1792 4831 1845 4895 vcl
1875 4831 2033 4897 rectitudo
2058 4845 2191 4897 sanctae
2210 4865 2238 4905 ιι

542 4941 608 5004 Dei
632 4942 838 5026 maximeque
855 4939 1020 5003 Romanae
1037 4937 1196 5002 ecclesiae
1214 4939 1373 5000 sustinere
1390 4959 1454 5001 non
1470 4936 1566 5017 valet,
1592 4936 1689 5023 quod,
1711 4939 1771 5001 etsi
1795 4949 1970 5025 paupertas
1986 4940 2191 5025 insipientiae

541 5058 671 5112 nostrae
702 5046 734 5110 id
766 5045 945 5130 intelligere
975 5068 1041 5109 nou
1071 5044 1168 5122 valet,
1204 5043 1328 5122 melius,
1364 5055 1399 5107 ιιι
1430 5056 1542 5107 contra
1572 5044 1792 5130 insipientiam
1823 5067 1914 5109 suam
1946 5068 2044 5131 quam
2079 5059 2192 5110 contra

542 5165 665 5218 tantam
696 5177 716 5217 a
745 5153 818 5216 Deo
849 5152 957 5216 datam
989 5152 1181 5237 sapientiam
1214 5151 1382 5235 insurgere
1412 5160 1608 5235 praesumat.
1662 5149 1729 5215 Sed
1764 5162 1796 5215 et
1826 5153 1854 5215 si
1886 5153 1992 5238 ipsum
2027 5152 2191 5216 modicum

543 5284 672 5325 sensum
697 5271 842 5324 nostrum
865 5260 968 5322 virtus
993 5255 1235 5321 misericordiae
1259 5257 1324 5320 Dei
1348 5256 1584 5343 aliquantulum
1610 5257 1803 5322 inluminare
1835 5258 1997 5344 dignatur,
2029 5258 2191 5345 quomodo

543 5367 577 5431 id
600 5369 705 5454 ipsum
730 5367 926 5431 contrarium
950 5364 1012 5428 sibi
1036 5388 1099 5427 non
1124 5365 1175 5446 sit,
1199 5363 1352 5428 facillime
1376 5363 1576 5449 intelligitur.
1616 5366 1700 5430 Nam
1725 5366 1802 5450 quia
1821 5364 1863 5430 ab
1883 5367 2061 5452 imaginum
2077 5364 2191 5430 adora·
2209 5396 2238 5437 ss

651 5551 683 5600 16
702 5550 846 5600 affectibus
867 5547 896 5597 P.
970 5550 1003 5598 29
1023 5546 1107 5597 filium
1128 5546 1159 5596 P.
1232 5549 1265 5597 30
1284 5548 1412 5611 syrterias
1432 5546 1462 5596 P.

654 5714 681 5782 l)
704 5712 735 5768 V.
759 5731 849 5787 supra
867 5732 900 5787 p.
917 5716 981 5770 488
1004 5712 1022 5766 l.
1043 5715 1082 5769 33
1097 5730 1157 5786 sqq.
1178 5712 1460 5786 p.5081.17sqq.
1554 5710 1585 5779 2)
1609 5711 1640 5767 V.
1664 5731 1754 5786 supra
1772 5732 1805 5787 p.
1823 5717 1887 5772 488
1907 5715 1924 5769 l.
1943 5717 1982 5772 39
1997 5733 2058 5789 sqq.
2079 5735 2111 5789 p.
2129 5717 2193 5772 508

544 5822 561 5875 l.
587 5826 703 5896 Vdsqq.
796 5820 826 5886 3>
851 5819 882 5874 V.
905 5837 996 5893 supra
1020 5836 1053 5893 p.
1078 5820 1140 5876 489
1167 5818 1184 5872 l.
1210 5820 1227 5876 1
1243 5836 1303 5892 sqq.
1330 5837 1364 5892 p.
1388 5821 1450 5876 508
1476 5818 1494 5872 l.
1520 5820 1536 5876 1
1552 5837 1613 5893 sqq.
