4884 6717
712 541 764 600 50.
800 541 1020 600 CONCILIUM
1042 539 1272 597 PARISIENSE
1296 543 1333 597 A.
1355 540 1430 597 829.
1834 533 1898 595 613

243 729 305 795 sibi
341 731 505 795 commissi
540 728 715 795 stabilitate
750 730 816 795 Dei
850 731 1032 793 inmensam
1066 727 1324 793 misericordiam
1360 729 1490 792 cernuis
1528 725 1681 814 precibus
1716 726 1898 813 implorent

243 837 411 924 Simulque
436 838 483 900 eis
507 835 755 919 ostendendum,
780 837 944 924 quoniam,
969 835 1125 923 quamdiu
1149 836 1221 922 quis
1238 834 1333 899 malis
1349 833 1502 921 operibus
1520 833 1649 899 deditus
1673 843 1732 914 est,
1757 856 1818 899 nec
1835 832 1899 898 sibi

242 967 303 1009 nec
328 943 401 1008 aliis
424 943 533 1008 Deum
561 944 733 1030 propitiari
763 953 907 1007 meretur
936 955 969 1008 et
999 942 1087 1030 quod
1116 944 1340 1028 unusquisque
1372 941 1593 1028 elemosynam
1624 952 1657 1005 et
1680 951 1790 1005 cetera
1813 938 1901 1004 bona

243 1074 344 1139 opera
367 1073 388 1115 a
411 1051 585 1136 semetipso
608 1051 755 1137 incipere
780 1048 909 1114 debeat.
946 1048 1030 1115 Cum
1054 1051 1163 1137 itaque
1187 1047 1470 1135 praedicatoribus
1494 1050 1565 1113 sine
1581 1049 1763 1113 cessatione
1780 1046 1899 1134 populo

206 1186 221 1226 s
243 1159 308 1223 Dei
331 1156 525 1244 praedicare
542 1179 677 1221 necesse
694 1158 736 1221 sit
751 1158 844 1222 iuxta
859 1156 939 1223 illud
954 1157 1080 1221 Isaiae:
1109 1156 1233 1238 Clamo,
1256 1182 1294 1222 ne
1317 1180 1432 1236 cesses3
1456 1158 1553 1242 quasi
1573 1157 1646 1220 tuba
1669 1156 1774 1219 aralta
1798 1177 2045 1226 somniumne.

243 1282 327 1330 nram
352 1280 380 1330 ct
401 1265 557 1329 adnuntia
577 1265 698 1351 populo
721 1289 787 1329 meo
810 1265 930 1329 scelera
953 1289 1059 1329 eorum
1083 1278 1112 1329 et
1134 1264 1246 1328 domui
1258 1264 1354 1328 Iacob
1374 1277 1505 1350 peccata
1524 1287 1641 1342 sorum,
1666 1273 1733 1325 tum
1757 1261 1900 1325 maxime

243 1371 348 1436 ideis
371 1370 481 1435 facere
505 1392 640 1434 necesse
665 1380 724 1453 est,
749 1369 880 1457 quando
904 1371 987 1435 iram
1002 1370 1137 1434 Domini
1155 1357 1270 1434 contra
1284 1368 1441 1456 populum
1457 1368 1522 1432 Dei
1544 1369 1667 1433 meritis
1692 1365 1900 1453 exigentibus

243 1478 385 1564 grassari
408 1477 647 1564 perspexerint,
671 1477 765 1541 iuxta
787 1476 877 1558 illud,
909 1476 996 1562 quod
1020 1476 1181 1540 Dominus
1209 1499 1269 1563 per
1291 1474 1500 1540 Ezechielem
1523 1474 1715 1560 prophetam
1739 1474 1898 1560 loquitur:

249 1586 279 1648 T
276 1611 359 1664 erra,
383 1610 451 1649 eum
478 1584 633 1650 inducrero
656 1609 752 1671 super
775 1609 844 1649 eam
864 1585 1022 1671 qladium,
1046 1599 1075 1648 et
1096 1584 1204 1648 tulerit
1218 1584 1362 1670 populus
1385 1596 1465 1648 terre
1489 1585 1592 1647 uirum
1617 1606 1714 1645 unum
1737 1581 1776 1646 de
1796 1584 1900 1645 nouis·
1919 1587 2042 1682 ssssefdlb

199 1721 226 1760 m
243 1695 335 1756 siuu‘s
364 1695 432 1756 suis
462 1705 490 1756 et
519 1694 714 1756 constituerit
743 1717 812 1756 eum
841 1717 937 1778 super
959 1716 992 1756 se
1014 1692 1252 1778 speculatorem,
1282 1704 1311 1754 et
1337 1690 1393 1755 ille
1423 1689 1542 1754 viderit
1560 1688 1708 1774 pladiani
1733 1690 1900 1752 venientem

243 1824 338 1886 super
361 1813 489 1878 terram,
513 1813 541 1862 et
563 1800 712 1863 cecinerit
734 1800 849 1863 bucina
873 1812 902 1862 et
923 1798 1162 1862 adnuntiaverit
1180 1797 1311 1883 populo,
1336 1796 1470 1860 audiens
1493 1809 1595 1859 autem
1618 1796 1765 1879 quisquis
1788 1795 1843 1859 ille
1858 1809 1903 1859 est

243 1930 353 1969 sonum
376 1907 508 1970 bucinae
531 1930 592 1969 non
615 1930 648 1970 se
671 1907 892 1984 observaverit,
917 1908 1094 1990 euenitque
1114 1903 1247 1991 qladius
1263 1918 1291 1968 et
1305 1903 1413 1968 tulerit
1427 1925 1515 1966 eum:
1537 1903 1668 1988 sanquis
1684 1902 1788 1986 ipsius
1806 1925 1902 1987 super

245 2028 339 2099 caput
361 2015 429 2077 eius
452 2015 521 2077 erit.
569 2010 689 2075 Senum
712 2013 847 2076 bucinae
869 2011 997 2076 audivit
1018 2025 1047 2074 et
1068 2035 1130 2074 non
1153 2035 1185 2074 se
1209 2011 1402 2074 observarit:
1427 2010 1559 2095 sanquis
1582 2010 1650 2072 eius
1673 2011 1707 2072 in
1731 2009 1801 2094 ipso
1825 2009 1902 2089 erit,‘

244 2122 277 2183 si
297 2134 453 2183 1111111111
477 2119 670 2198 custodierit,
701 2121 843 2183 animam
872 2143 962 2182 suam
992 2118 1138 2182 salvabit.
1189 2116 1314 2194 Quodsi
1340 2117 1518 2202 speculator
1546 2115 1662 2179 viderit
1681 2113 1827 2200 qladium
1854 2138 1900 2177 ue·

201 2228 378 2293 unientem
402 2240 431 2290 ct
453 2249 513 2290 non
538 2227 713 2290 insonuerit
735 2226 808 2289 tuba
831 2239 860 2289 et
878 2225 1018 2311 populna
1040 2249 1072 2288 se
1095 2248 1156 2287 non
1180 2223 1365 2288 custodierit
1389 2224 1564 2307 veneritque
1584 2221 1716 2307 pladius
1746 2221 1903 2284 attulerit

248 2334 285 2396 de
308 2334 359 2397 bis
381 2335 533 2413 artiorem,
558 2333 613 2397 ille
636 2331 765 2418 quidem
789 2335 823 2396 in
849 2334 1014 2418 iniquitate
1036 2356 1096 2394 sua
1120 2344 1230 2417 captus
1254 2343 1315 2410 est,·
1337 2330 1522 2415 sanquinem
1546 2342 1647 2392 autern
1668 2326 1790 2392 eiusde
1806 2351 1901 2391 manu

246 2440 453 2527 speculatoris
476 2441 646 2524 requiram.
683 2438 766 2502 Item
783 2436 999 2524 pereundam
1015 2436 1208 2523 prophetam
1224 2435 1386 2499 Dominus
1405 2435 1467 2498 ait:
1493 2434 1568 2499 Fili
1588 2435 1735 2512 bominis,
1759 2434 1900 2521 specula·
1920 2456 2061 2509 1111111.

247 2562 342 2610 torem
366 2547 444 2610 dedi
465 2561 491 2610 te
515 2546 626 2610 domui
646 2546 774 2610 Israhel
795 2560 824 2610 et
845 2545 957 2610 audies
981 2545 1019 2609 de
1043 2569 1096 2609 ore
1120 2569 1186 2608 meo
1210 2545 1337 2608 uerbum
1361 2557 1389 2608 et
1410 2542 1615 2607 adnuntiabis
1638 2543 1684 2606 eit
1707 2566 1746 2605 er
1767 2566 1824 2605 nte.
1864 2539 1905 2604 Si

248 2654 366 2718 dicente
395 2679 443 2717 rue
472 2653 518 2717 ad
541 2656 693 2740 impium:
722 2652 825 2717 Morte
848 2654 1006 2731 morieris,
1037 2676 1098 2716 non
1121 2652 1236 2737 fueris
1266 2651 1385 2714 loeutus
1415 2674 1512 2735 neque
1535 2648 1777 2712 adruentiacerts
1799 2650 1840 2726 ei,
1870 2661 1904 2711 ut

202 2788 228 2827 ao
246 2775 406 2824 avertatur
429 2787 449 2823 a
471 2762 526 2824 oia
549 2785 608 2823 sua
631 2762 733 2846 impia
758 2774 785 2823 et
808 2761 904 2839 uiuat,
934 2761 1001 2845 epse
1029 2760 1148 2844 impius
1180 2760 1211 2822 in
1237 2759 1404 2842 iniquitate
1433 2781 1492 2820 sua
1520 2758 1688 2836 morietur3
1717 2756 1902 2840 sanquinem

247 2882 346 2932 autem
378 2870 446 2931 eius
475 2867 513 2931 de
542 2891 638 2930 manu
669 2881 722 2931 tua
752 2868 925 2951 requiram.
979 2863 1204 2928 Formidolosa
1234 2861 1330 2927 valde
1366 2873 1398 2926 et
1427 2861 1597 2926 tremenda
1627 2859 1708 2925 haec
1740 2861 1902 2925 sententia

247 2971 470 3037 sacerdotibus
499 2985 558 3050 cst,
590 2995 655 3059 qua
685 2971 820 3036 dicitur:
857 2971 1050 3059 Sanquinem
1081 2986 1184 3036 autem
1213 2973 1281 3036 eius
1311 2971 1348 3035 de
1378 2995 1474 3034 manu
1504 2986 1556 3034 tuo
1584 2972 1756 3054 requiram.
1804 2967 1900 3032 Unde
1920 2991 2080 3038 uramara.

247 3079 371 3143 hisdem
396 3079 509 3143 doctor
531 3079 701 3143 Pomerius
724 3079 757 3141 in
781 3092 958 3143 memorato
982 3077 1064 3142 libro
1089 3075 1218 3142 scribit:
1244 3088 1296 3140 1111
1308 3082 1329 3157 1,
1351 3076 1465 3162 inquit,
1489 3086 1534 3140 cui
1551 3085 1719 3155 dispensatio
1734 3084 1899 3138 1111111111-

247 3197 328 3249 missa
351 3205 402 3264 est,
426 3197 531 3250 etiamsi
555 3203 667 3250 sanctae
691 3196 766 3249 vivat
797 3205 825 3250 et
851 3203 946 3249 tamen
967 3195 1075 3266 perdite
1099 3194 1225 3248 viventes
1247 3211 1363 3266 arguere
1387 3199 1435 3246 aut
1458 3192 1601 3247 erubescat
1625 3203 1673 3246 1111
1696 3199 1810 3260 metuat,
1839 3209 1901 3245 curn

201 3321 228 3360 11
247 3304 381 3368 cornibus,
404 3304 451 3374 qui
476 3322 509 3358 eo
531 3311 642 3357 tacente
665 3302 806 3373 perierint,
831 3302 917 3374 perit3
942 3311 970 3356 ct
992 3302 1059 3373 quid
1083 3302 1107 3355 ei
1125 3301 1249 3370 proderit
1261 3319 1316 3353 nou
1331 3300 1421 3370 puniri
1437 3317 1495 3362 suo,
1519 3299 1566 3370 qui
1582 3298 1735 3369 pmrieudus
1752 3304 1793 3352 111
1808 3298 1900 3352 alieno

247 3413 381 3481 peccato?
425 3400 507 3464 Item
530 3399 619 3464 idem
641 3411 716 3486 post
739 3423 845 3485 pauca
867 3398 1092 3486 propheticam
1117 3398 1312 3461 seutentiam
1336 3419 1514 3483 exponens,
1539 3418 1604 3483 qua
1627 3395 1762 3460 dicitur:
1793 3396 1834 3462 Si
1854 3417 2021 3464 11111111.

248 3509 367 3572 dicente
389 3508 435 3572 ad
458 3510 612 3594 impium:
640 3508 754 3593 Impia,
778 3522 875 3572 morte
897 3509 1055 3585 morieris,
1080 3529 1138 3569 non
1156 3505 1271 3592 fueras
1294 3505 1424 3585 locutus,
1454 3518 1486 3567 ut
1506 3530 1538 3568 se
1562 3503 1718 3567 aristodiat
1739 3505 1859 3590 irnpius
1881 3531 1901 3567 a

250 3619 299 3678 tn‘a
323 3641 392 3692 1111,
417 3617 485 3701 ipse
509 3617 628 3701 impius
651 3618 684 3678 in
710 3616 876 3699 iniquitate
898 3639 956 3678 sua
981 3614 1142 3690 morietur,
1165 3613 1349 3697 sanquinem
1375 3635 1447 3675 uero
1471 3613 1538 3675 eius
1561 3610 1599 3674 (le
1617 3625 1780 3674 mentetua
1797 3615 1901 3696 requi·

248 3749 328 3804 ram,
352 3723 412 3786 ait:
441 3727 536 3796 Quid²
558 3731 649 3801 potuit
664 3730 827 3800 expressius,
850 3730 917 3800 quid
940 3728 1060 3799 apertius
1083 3727 1158 3781 dici?
1194 3725 1228 3782 Si
1249 3724 1342 3801 impio,
1366 3726 1465 3796 inquit,
1487 3745 1544 3781 non
1567 3725 1673 3780 locutus
1689 3723 1797 3795 fueris,
1822 3732 1852 3780 ut
1873 3744 1903 3780 ss
1920 3739 1950 3780 11,
1960 3739 1981 3788 s,
1991 3739 2022 3779 11.

202 3855 229 3895 ao
247 3839 283 3896 ab
306 3837 446 3913 impietate
468 3857 521 3893 sua
545 3835 690 3906 ctrstodiat,
716 3843 741 3892 et
763 3834 809 3891 ille
827 3834 956 3910 perierit,
980 3833 1145 3910 sanquinem
1170 3832 1228 3889 eius
1252 3833 1287 3888 de
1309 3851 1396 3888 manu
1419 3839 1468 3888 tua
1490 3829 1645 3906 requiram,
1668 3832 1720 3885 hoc
1737 3839 1778 3885 cst
1794 3831 1900 3886 dicere:

248 3947 276 4002 si
300 3947 324 4000 ci
348 3953 464 4016 peccata
488 3962 537 3998 sua
560 3962 615 3998 non
637 3943 851 4012 adnuntiaveris,
874 3942 896 3996 si
919 3960 980 3997 11111
1004 3961 1059 3995 uon
1081 3941 1215 4011 argueris,
1238 3947 1269 3993 ut
1291 3939 1327 3993 ab
1350 3938 1492 4008 impietate
1512 3955 1560 3992 sua
1576 3945 1750 3991 convertatur
1773 3943 1801 3991 et
1816 3938 1901 4004 vivat,

247 4063 274 4108 ct
297 4061 335 4116 11,
358 4052 406 4123 qui
429 4071 483 4105 non
507 4051 663 4121 incrcpasti,
686 4057 715 4104 et
738 4051 836 4121 ipsum,
859 4049 907 4120 qui
930 4056 957 4102 tc
981 4055 1092 4102 tacente
1114 4049 1253 4118 peccavit,
1275 4045 1391 4099 flammis
1406 4043 1591 4115 perhennibus
1605 4045 1730 4114 perdam.
1767 4032 1833 4098 Sed
1858 4056 1900 4098 ex

246 4173 295 4232 eo,
320 4148 406 4236 quod
429 4146 516 4212 idem
540 4147 700 4234 propheta
722 4146 836 4211 infert:
862 4146 903 4211 Si
923 4161 1025 4211 arnam
1048 4160 1080 4210 tu
1104 4146 1345 4209 adnuntiaveris
1369 4145 1468 4230 impio
1492 4143 1598 4206 stille
1621 4166 1683 4206 non
1698 4143 1808 4228 fucrit
1830 4166 1899 4205 con·
1919 4165 2022 4214 11111.

248 4283 354 4322 sersus
377 4259 416 4321 ab
442 4258 599 4343 impietate
622 4281 681 4320 sua
704 4269 733 4320 et
754 4282 774 4319 a
798 4257 852 4319 ria
874 4279 933 4317 sna
966 4255 1077 4339 impia,
1109 4255 1176 4338 epse
1199 4250 1327 4337 quidem
1352 4252 1384 4314 in
1411 4251 1576 4335 iniquitate
1598 4275 1657 4313 arta
1682 4250 1841 4326 morietur,
1868 4263 1901 4312 tu

202 4388 228 4428 11
246 4379 346 4428 aarum
370 4366 512 4428 animam
528 4377 612 4427 tuam
630 4363 776 4427 liberasti
797 4371 829 4425 et
844 4371 963 4438 cetera,
987 4357 1111 4446 liquido
1136 4356 1247 4437 claret,
1272 4358 1359 4443 quia,
1384 4356 1411 4420 si
1434 4353 1642 4442 praedicator
1660 4354 1901 4418 adnuntiaverit

247 4471 357 4557 impio,
381 4480 416 4534 ut
439 4491 474 4534 se
500 4479 669 4534 convertat
692 4491 713 4531 a
732 4468 787 4531 via
809 4489 869 4531 sua
892 4467 992 4553 impia
1016 4477 1049 4529 et
1071 4466 1172 4546 vivat,
1197 4474 1230 4527 et
1252 4464 1370 4549 impius
1394 4484 1459 4526 non
1483 4484 1518 4525 se
1542 4461 1731 4540 correxerit,
1755 4458 1902 4524 eiusdem

247 4578 337 4665 impii
367 4598 492 4663 poenae
521 4574 673 4640 sacerdos
697 4575 862 4661 particeps
885 4595 950 4637 non
974 4572 1045 4636 erit.
1093 4569 1190 4636 Unde
1213 4569 1301 4634 idem
1324 4569 1482 4655 Prosper:
1515 4577 1618 4643 Quodsi
1629 4572 1649 4644 ³,
1680 4567 1795 4653 inquit,
1820 4578 1901 4630 corri-

246 4695 376 4764 pientem,
405 4671 473 4746 irain
502 4693 631 4760 1111111111,
661 4708 734 4762 quae
758 4688 990 4760 contemptoribus
1021 4689 1076 4742 iam
1106 4687 1237 4754 imminet,
1266 4686 1437 4740 nuntiantem
1466 4686 1590 4739 homines
1618 4685 1718 4738 terreni
1746 4683 1902 4753 dispiciunt,

247 4801 358 4872 sanguis
381 4818 476 4855 1111111
505 4799 533 4853 in
555 4798 621 4869 ipsis
645 4798 706 4866 erit,
737 4806 764 4851 et
787 4797 925 4864 sacerdos,
955 4795 1002 4866 qui
1027 4795 1067 4849 eis
1089 4803 1205 4865 peccata
1229 4811 1322 4848 eorum
1346 4811 1401 4847 nou
1424 4793 1519 4860 tacuit,
1542 4809 1660 4862 poenae,
1688 4809 1760 4861 11111
1785 4807 1832 4844 cos
1856 4807 1900 4844 ex·

202 4923 230 4962 11
247 4915 351 4978 pectet,
373 4908 510 4977 particeps
532 4924 588 4960 non
611 4906 669 4959 erit.
715 4895 803 4959 Ecce
828 4891 923 4980 quale
946 4891 1127 4979 periculum
1150 4887 1442 4978 praedicatoribus,
1473 4890 1536 4953 nisi
1560 4901 1690 4953 strenue
1715 4887 1900 4972 utiliterque

247 5002 520 5091 praedicaverint,
551 5013 584 5067 et
613 5000 827 5080 auditoribus,
857 5000 919 5063 nisi
943 4998 988 5080 id,
1020 4997 1107 5086 quod
1131 4997 1193 5063 sibi
1217 4996 1440 5084 praedicatum
1464 4995 1570 5078 fuerit,
1601 4993 1814 5059 oboedienter
1843 4994 1901 5056 im·

247 5110 417 5197 pleverint,
449 5110 556 5173 instat.
612 5107 709 5188 Quod
739 5118 848 5171 autem
875 5129 936 5193 per
964 5105 1204 5192 neglegentiam
1236 5116 1269 5169 et
1298 5102 1457 5168 desidiam
1487 5100 1750 5190 praedicatorum
1781 5111 1814 5165 et
1843 5123 1902 5187 per

248 5223 467 5302 contemptum
484 5213 688 5301 quorundam
704 5212 888 5278 auditorum
904 5212 1118 5299 transgressio
1135 5212 1177 5276 sit
1192 5209 1378 5275 divinorum
1394 5221 1644 5296 praeceptorum
1656 5207 1901 5295 periculumque

354 5432 386 5480 V.
415 5437 430 5483 4
457 5431 586 5500 populum
605 5432 634 5484 V.
652 5431 683 5483 P.
776 5433 790 5483 7
816 5432 926 5497 quando
946 5430 977 5482 P.
1069 5432 1084 5480 8
1110 5424 1238 5495 grassari]
1267 5429 1383 5478 crassari
1409 5427 1440 5478 P.
1532 5429 1562 5477 21
1592 5420 1739 5490 sententia]
1765 5427 1855 5477 sentia
1873 5425 1901 5475 V.

203 5533 230 5573 tt
249 5525 282 5573 23
301 5517 455 5587 Pomerius]
474 5524 594 5589 Prosper
610 5521 651 5572 bic
668 5529 692 5572 et
709 5521 782 5587 infra
800 5522 817 5571 1.
832 5525 867 5571 37
880 5520 910 5572 P.
993 5522 1026 5570 29
1050 5513 1090 5583 se]
1116 5520 1173 5584 ipss
1193 5517 1220 5567 V.
1304 5519 1335 5567 st
1361 5524 1391 5567 nt
1408 5516 1475 5567 deest
1494 5516 1520 5566 V.
1595 5518 1628 5568 32
1653 5517 1766 5566 flammis
1784 5515 1851 5566 deest
1871 5514 1901 5565 P.

248 5613 413 5678 perennibus
431 5612 461 5663 P.
535 5614 569 5663 34
589 5605 682 5678 impis]
702 5609 775 5661 mala
794 5610 821 5658 Γ.

360 5793 388 5862 Ι)
412 5791 541 5850 Iulianus
557 5791 713 5862 Pomerius,
738 5791 785 5847 De
799 5790 857 5848 rita
873 5788 1087 5865 contenplativa
1102 5788 1123 5844 Ι
1141 5809 1164 5844 1.
1181 5793 1241 5857 20,·
1266 5785 1340 5863 Opp.
1358 5785 1496 5862 Hesperi
1511 5805 1580 5861 app.
1597 5789 1646 5846 17.
1727 5784 1758 5854 2)
1783 5784 1900 5842 ibidem.

251 5899 282 5969 3)
307 5899 416 5957 [bidan
438 5898 459 5956 1
478 5918 501 5956 c.
518 5903 577 5968 22;
601 5899 619 5955 l.
636 5899 655 5954 1.
675 5917 708 5974 p.
726 5901 774 5958 19,
