4884 6717
529 547 593 629 684
828 551 880 607 52.
916 549 1181 608 ΡΒΑΕΟΕΡΤΠΜ
1205 549 1416 606 SYNODALE
1440 551 1538 606 ANNI
1562 549 1624 605 829
1640 569 1683 606 ex.
1700 552 1747 606 rel
1764 548 1828 605 830
1839 551 1878 605 iu.

527 750 598 803 erat
629 737 797 802 eradicare
823 749 920 825 atque
944 737 1113 826 vi[rtutum
1136 739 1170 802 in
1194 761 1235 803 ea
1256 738 1459 802 incrementa
1481 736 1629 824 plantare
1653 738 1695 800 sit
1718 735 1877 824 cona]tus,
1900 737 1948 800 rei
1976 736 2183 803 evidentibus

527 845 657 909 indiciis
687 844 805 932 prodit.
860 845 1066 931 Quapropter
1096 846 1287 931 saepissime
1318 865 1523 908 successores
1554 843 1773 930 apostolorum
1802 842 1947 924 Domini,
1983 866 2120 930 quorum
2149 844 2184 910 id

528 951 671 1016 officinm
702 973 774 1016 esse
802 963 948 1032 noverat,
981 951 1150 1015 admonuit
1180 974 1280 1037 seque
1311 973 1354 1015 ex
1383 950 1558 1037 principali
1592 951 1784 1015 anctoritate
1819 949 2014 1038 adiu[torem
2044 950 2087 1015 ad
2117 952 2183 1017 Dei

527 1056 742 1145 voluntatlem
766 1057 1010 1144 exsequendam
1035 1056 1193 1140 exhibuit,
1217 1069 1254 1122 ut
1276 1057 1433 1144 quicquid
1459 1058 1494 1121 in
1524 1080 1583 1122 sua
1612 1079 1752 1143 persona
1782 1067 1839 1121 aut
1867 1058 1902 1120 in
1932 1056 2101 1122 ordinibus
2131 1082 2182 1124 ec-

528 1164 719 1229 clesiasticis
758 1163 999 1253 emendat[ione
1034 1164 1181 1253 dignum]
1217 1165 1420 1247 invenirent,
1454 1163 1611 1251 pastorali
1649 1164 1840 1228 auctoritate
1876 1174 1909 1228 et
1939 1165 2112 1251 principali
2141 1165 2215 1230 ads

527 1271 756 1358 min[isterium
793 1294 904 1336 eorum
940 1271 1196 1357 exsequendum,
1231 1273 1414 1358 postposita
1444 1269 1590 1357 qnalibet
1618 1269 1771 1359 torpori]s
1801 1270 2011 1357 neglegentia
2045 1283 2077 1336 et
2111 1296 2182 1360 per-

528 1400 681 1442 sonarum
706 1379 907 1464 acceptione,
932 1379 1159 1442 incunctanter
1183 1379 1385 1464 corrigerent
1407 1389 1441 1440 et
1463 1376 1505 1441 ad
1529 1387 1647 1441 statum
1670 1376 1885 1463 rectitudlinis
1917 1377 2097 1463 perducere
2128 1379 2183 1444 de-

529 1483 728 1573 certarent]¹.
769 1485 892 1548 Verum
913 1508 985 1550 cum
1006 1486 1075 1549 eius
1099 1486 1154 1571 pia
1177 1484 1398 1548 admonitione
1422 1506 1545 1569 suaque
1568 1483 1724 1570 pastorali
1748 1482 1953 1571 auc[toritate
1977 1483 2018 1548 de
2042 1495 2128 1549 statu
2152 1496 2185 1551 et

528 1591 678 1678 profectu
701 1603 834 1655 sanctae
859 1591 1016 1656 ecclesiae
1041 1590 1084 1679 et]
1111 1591 1279 1657 ordinibus
1303 1591 1405 1655 sacris
1437 1601 1469 1654 et
1498 1590 1559 1672 his,
1591 1613 1674 1677 quae
1706 1590 1933 1655 emendatione
1963 1591 2064 1677 digna
2093 1592 2183 1657 vide·

527 1697 656 1780 bantur,
693 1708 879 1779 tractarent,
915 1700 1001 1762 inter
1036 1709 1145 1762 cetera
1175 1697 1295 1786 vi[sum
1326 1709 1376 1761 est
1406 1697 1480 1780 illis,
1515 1708 1552 1762 ut
1584 1696 1827 1785 monasterilum
1863 1698 2117 1784 praeclarissimi
2152 1711 2184 1763 et
2204 1726 2230 1764 ιο

528 1806 640 1869 eximii
672 1805 823 1890 martyris
854 1802 941 1867 beati
965 1804 1119 1890 Dyonisii
1151 1801 1389 1891 [sociorumque
1421 1805 1501 1886 eins,
1537 1803 1625 1889 quod
1656 1814 1783 1868 constat
1812 1815 1973 1868 tantorum
2005 1815 2184 1891 martyrum

527 1912 658 1976 nomine
682 1911 755 1974 Deo
787 1910 986 1998 de]dicatum
1016 1922 1049 1974 et
1078 1934 1098 1974 a
1127 1909 1261 1996 regibus
1290 1910 1492 1974 Francorum
1522 1908 1849 1997 progenitoribusque
1886 1911 2032 1976 ciusdem
2066 1912 2183 1997 glorio-

529 2019 650 2082 sissimi
673 2019 878 2104 imperatoris
902 2016 1108 2103 amplissimis
1133 2015 1231 2080 rebus
1255 2015 1416 2105 d[itatum,
1448 2040 1512 2102 quo
1543 2018 1578 2080 in
1608 2040 1647 2081 eo
1679 2015 1890 2104 monalsticus
1922 2017 2000 2081 ordo
2031 2018 2183 2104 religiose

527 2125 602 2190 Deo
623 2116 813 2206 desereiret,
837 2147 957 2209 magna
981 2123 1221 2210 emendat[i0ne
1247 2133 1280 2187 et
1303 2125 1504 2188 correctione
1528 2147 1609 2209 opus
1632 2122 1779 2205 haberet,
1799 2125 1952 2209 quoniam
1969 2123 2010 2188 ab
2028 2124 2079 2213 elo
2095 2124 2183 2190 idem

528 2231 608 2297 ordo
633 2232 676 2295 ad
694 2231 867 2295 multorum
888 2231 1064 2294 discrimen
1082 2229 1171 2294 nulla
1189 2231 1385 2294 necessitate
1400 2230 1644 2316 praepediente,
1667 2230 1786 2294 nullius
1802 2231 1851 2294 rei
1866 2233 1976 2317 inopia
1993 2231 2183 2320 obsiste[nte
2204 2259 2230 2298 ιι

527 2336 669 2425 penitus]
695 2337 827 2401 avulsus
851 2349 930 2401 erat.
978 2337 1085 2417 Quam
1110 2359 1243 2401 causam
1267 2347 1333 2400 tam
1356 2359 1416 2423 per
1439 2360 1473 2401 se
1498 2360 1597 2424 quam
1627 2358 1687 2423 per
1710 2336 1932 2401 venerabilem
1962 2337 2183 2427 p[rudentem·

529 2467 592 2532 que
617 2446 724 2508 virum
747 2444 950 2526 Hilduinum,
974 2445 1144 2508 memorati
1168 2442 1369 2532 monastlerii
1393 2443 1581 2530 religiosum
1605 2442 1758 2508 abbatem
1785 2445 1935 2530 sacrique
1964 2444 2078 2531 palatii
2109 2469 2183 2510 con-

529 2553 678 2639 spicuum
703 2551 1002 2637 archicapellanum
1026 2562 1059 2614 et
1081 2573 1147 2614 non
1171 2551 1274 2615 solum
1299 2549 1444 2615 eiusdem
1468 2552 1656 2615 monasterii
1680 2561 1845 2615 strenuam
1864 2550 2108 2637 praelationem,
2125 2552 2184 2617 sed

529 2660 629 2723 etiam
652 2659 750 2722 totins
775 2657 934 2722 ecclesiae
958 2658 1051 2721 istius
1074 2658 1202 2744 imperii
1227 2656 1448 2745 i[llnstrissimi
1471 2680 1583 2722 curam
1607 2655 1802 2745 prlincipem
1819 2668 1997 2743 gerentem,
2013 2660 2184 2723 memorati

529 2766 668 2852 piissimi
691 2765 830 2851 Deoque
855 2762 1004 2828 amabilis
1033 2765 1191 2850 principis
1222 2763 1355 2828 auribus
1384 2764 1625 2845 intimaverunt,
1658 2776 1818 2848 quatenns
1850 2786 1961 2828 eorum
1992 2766 2183 2830 auctoritate
2203 2793 2231 2831 ao

529 2895 654 2959 suaque
670 2872 817 2957 piissima
840 2870 1000 2958 imperiali
1020 2881 1179 2957 potestate
1204 2870 1445 2959 corr[igeretur.
1487 2870 1584 2935 Unde
1608 2869 1744 2935 domnus
1760 2869 1975 2934 Hludowicus
1998 2873 2183 2958 imperator,

531 2989 694 3042 tantorum
713 2976 870 3066 viro]rurn
887 2975 1102 3044 saluberrima
1125 2976 1345 3041 admonitione
1371 2978 1584 3041 commonitus
1609 2988 1641 3040 et
1664 2976 1811 3040 eiusdem
1834 2976 2031 3042 venerabilis
2055 2977 2184 3043 abbatis

530 3084 702 3149 Hilduini2
723 3083 910 3149 humillimis
930 3081 1083 3169 precibus
1101 3083 1258 3171 pulsatus,
1282 3083 1369 3148 idern
1394 3085 1560 3169 negotium
1583 3093 1751 3169 gratanter
1773 3082 1980 3171 benigneque
2004 3085 2184 3170 suscipiens

533 3191 642 3280 [atquc
666 3192 700 3254 in
724 3183 874 3254 omnibus
898 3212 1011 3254 curam
1034 3189 1175 3279 gelrens,
1200 3214 1241 3254 ne
1266 3192 1347 3255 tanti
1371 3190 1494 3253 ordinis
1518 3189 1685 3276 conlapsio
1709 3212 1788 3254 snae
1812 3190 1924 3254 salutis
1956 3191 2184 3277 quoquomodo

529 3299 623 3363 fieret
646 3297 821 3378 damnatio,
846 3296 889 3361 ad
913 3297 1045 3361 eosdem
1068 3297 1236 3384 praesules
1266 3296 1480 3362 ecclesiarum
1511 3297 1598 3360 idem
1632 3297 1748 3361 referri
1783 3298 1910 3361 censuit
1938 3299 2114 3383 negotium,
2149 3310 2185 3363 ut
2203 3323 2231 3363 ιι

531 3427 643 3470 eorum
665 3404 798 3484 iudicio,
823 3402 941 3489 quibus
966 3403 1068 3492 [tanta
1091 3415 1141 3467 est
1164 3403 1293 3468 conlata
1322 3415 1466 3491 potestas
1498 3426 1518 3467 a
1540 3403 1693 3486 Domino,
1726 3415 1758 3468 et
1787 3402 1960 3492 imlperiali
1991 3406 2183 3470 auctoritate

531 3511 618 3576 idem
643 3510 722 3575 ordo
746 3511 780 3573 in
803 3509 918 3575 eodem
943 3508 1067 3597 absque
1091 3511 1322 3574 retractatione
1346 3512 1571 3575 restitueretur
1594 3509 1676 3574 loco.
1711 3510 1890 3574 Venientes
1914 3534 1992 3597 crgo
2008 3511 2184 3577 Haldricus

531 3617 736 3704 metropolita
760 3617 964 3682 Senonicus³
987 3639 1061 3682 cum
1084 3617 1299 3702 suffraganeis
1323 3618 1389 3681 suis
1415 3616 1555 3705 [necnon
1585 3629 1617 3680 et
1639 3616 1712 3682 Ebc
1743 3616 1950 3704 metropolita
1973 3617 2184 3707 Durocortlo·

531 3731 625 3789 rum*
641 3747 715 3789 cum
732 3724 946 3809 suffraganeis
963 3725 1029 3788 suis
1046 3723 1088 3788 ad
1105 3735 1317 3788 memoratum
1333 3726 1575 3806 monasterium,
1599 3722 1710 3788 habito
1726 3735 1898 3806 conventu,
1921 3726 2073 3810 primum,
2097 3725 2185 3812 quod

532 3831 620 3895 idem
644 3832 875 3895 monasterium
899 3828 1005 3894 ordini
1028 3831 1206 3895 monastico
1232 3841 1462 3912 constructum,
1487 3829 1674 3895 dedicatum
1697 3841 1729 3894 et
1752 3828 1849 3894 rebus
1874 3830 2009 3895 ditatum
2028 3830 2138 3920 [fuerit
2153 3845 2185 3896 et
2204 3857 2232 3896 ιο

639 4016 654 4065 2
681 4029 854 4064 successores
878 4007 1075 4078 apostolorum]
1101 4013 1259 4063 sacerdotes
1278 4012 1310 4064 L.
1387 4007 1511 4079 quorum]
1530 4013 1567 4062 ita
1586 4012 1617 4075 L,
1638 4014 1716 4063 cuius
1737 4012 1780 4063 Or.
1859 4013 1978 4064 sofflari
1996 4013 2029 4064 L.
2102 4031 2184 4066 nore-

531 4120 621 4154 ramus
640 4103 671 4153 L.
727 4103 917 4153 admonuit-
930 4097 1061 4165 exhibuit]
1082 4102 1230 4153 admonere
1250 4104 1404 4152 curavimus
1424 4119 1457 4153 ac
1475 4109 1596 4153 nostram
1615 4101 1793 4168 principalem
1813 4104 2003 4153 auctoritatem
2022 4103 2184 4155 adiutricem

531 4193 566 4244 ad
586 4209 681 4243 eorum
700 4193 878 4242 ministerium
898 4192 975 4242 iuxta
994 4190 1164 4242 voluntatem
1183 4191 1236 4241 Dei
1257 4191 1458 4256 exsequendum
1477 4199 1601 4258 prompte
1621 4191 1790 4241 exhibuimus
1809 4191 1840 4241 L.
1917 4195 1934 4241 4
1953 4193 1981 4241 in
1999 4208 2049 4243 sua
2066 4210 2184 4259 persona

529 4282 621 4332 desum
638 4280 670 4331 L.
732 4275 939 4343 ecclesiasticis]
959 4278 1002 4330 vel
1022 4282 1051 4330 in
1070 4295 1242 4345 quacumque
1261 4296 1379 4347 persona
1396 4279 1457 4330 add.
1475 4279 1507 4330 L.
1568 4282 1584 4330 5
1604 4286 1679 4330 et-
1692 4282 1895 4345 exsequendum
1912 4281 2005 4331 desum
2020 4281 2065 4332 lsoc
2083 4283 2133 4333 loeo
2151 4281 2183 4333 L.

531 4374 547 4422 6
568 4365 605 4435 et]
624 4368 668 4421 vel
687 4369 719 4420 L.
774 4371 790 4419 8
810 4370 869 4419 eins
882 4395 918 4402 -
931 4364 1104 4432 auctoritate}
1124 4370 1177 4434 ipsi
1192 4375 1286 4419 nostra
1297 4367 1394 4419 sedula
1407 4369 1595 4419 exhortatione
1609 4370 1741 4420 admoniti
1753 4384 1857 4433 suaque
1870 4367 1974 4421 sollerti
1992 4369 2138 4435 vigilantia
2151 4371 2183 4421 L.
2202 4380 2230 4420 ιο

531 4463 546 4510 9
566 4460 708 4511 ordinibus
727 4452 820 4521 sacua]
838 4459 924 4508 sacris
943 4457 1084 4508 ordinibus
1103 4457 1135 4507 L.
1217 4452 1391 4520 videbantur]
1416 4465 1554 4508 conventu
1580 4457 1653 4523 apud
1676 4458 1798 4508 Parisins
1824 4459 1945 4508 iussione
1971 4465 2064 4509 nostra
2089 4460 2183 4510 habito

531 4558 645 4599 strenua
668 4555 696 4598 et
715 4548 815 4597 devota
835 4547 1045 4613 perspicacitate
1063 4546 1124 4596 add.
1143 4545 1175 4596 L.
1268 4549 1298 4596 ll
1321 4541 1421 4610 eximii]
1440 4546 1540 4597 Christi
1559 4546 1620 4597 add.
1638 4545 1671 4596 L.
1763 4548 1796 4596 12
1820 4545 1942 4597 eiusdem
1956 4543 2183 4614 -imperatoris]

530 4636 635 4704 gloriae
656 4643 763 4687 nostrae
781 4635 812 4690 L.
869 4638 902 4686 le
920 4635 1033 4686 avulsus
1052 4629 1120 4699 erat]
1141 4641 1199 4685 erat
1218 4634 1329 4686 avulsus
1342 4635 1374 4686 L.
1429 4653 1510 4701 quarn
1529 4631 1588 4702 per]
1608 4651 1743 4701 «quamque
1763 4642 1791 4686 et
1808 4653 1857 4702 psr
1870 4634 1902 4685 L.
1959 4638 1990 4687 Π
2010 4638 2184 4702 sacrique-

530 4734 670 4792 gerentem
689 4726 779 4776 demut
799 4723 829 4774 L.
905 4727 936 4774 19
956 4719 1299 4791 memorati-principis]
1318 4731 1425 4775 nostrae
1444 4725 1598 4775 serenitatis
1617 4722 1649 4775 L.
1727 4725 1762 4774 20
1781 4731 1916 4789 quatenus
1931 4748 1963 4759 -
1977 4721 2124 4791 potestate]
2145 4728 2182 4776 nti

530 4823 624 4866 nostra
648 4816 770 4881 piissima
796 4812 930 4878 imperiali
948 4821 1083 4879 potestate
1110 4829 1273 4879 percorum
1292 4816 1485 4864 auctoritatem
1504 4812 1536 4863 L.
1609 4816 1640 4864 21
1669 4813 1832 4864 domnns-
1847 4810 2006 4879 imperator]
2024 4814 2062 4864 ita
2079 4831 2092 4865 e
2109 4815 2181 4877 ωηο,
2201 4825 2231 4863 to

531 4905 651 4968 dignitas
670 4905 777 4969 imperii
797 4905 881 4953 nostri
901 4901 933 4953 L.
1015 4904 1251 4954 incommonitus
1269 4902 1336 4952 deest
1353 4899 1385 4951 L.
1467 4903 1501 4952 23
1521 4901 1675 4954 humillimis
1687 4927 1723 4937 -
1736 4897 1887 4969 negotium]
1905 4919 2000 4968 preces
2019 4902 2182 4955 hnmiIlimas

532 5009 606 5043 more
625 4991 832 5058 tranquillitatis
852 5001 961 5043 nostras
980 4991 1062 5043 solito
1082 4987 1115 5042 L.
1189 4993 1330 5056 negotium
1349 5008 1362 5041 c
1379 5008 1443 5041 cerr.
1463 4990 1507 5041 Or.
1587 4992 1621 5041 24
1641 5008 1734 5042 curam
1753 4986 1860 5058 gerens]
1878 4992 1916 5042 ito
1933 5009 1946 5043 c
1963 4992 2036 5054 coni..
2056 4995 2181 5045 emenda·

531 5080 584 5132 bilo
604 5082 728 5132 iudicans
747 5081 779 5132 L.
870 5098 934 5132 snae
960 5075 1067 5143 salutis]
1094 5079 1191 5131 salutis
1218 5085 1326 5130 nostrae
1345 5079 1378 5130 L.
1469 5081 1502 5129 25
1522 5081 1679 5147 dampnatio
1698 5078 1730 5130 L.
1821 5081 1915 5131 referri
1935 5076 2050 5146 censuit]
2076 5084 2182 5133 censuit

531 5171 626 5221 referri
646 5170 678 5221 L.
740 5173 773 5221 26
794 5165 897 5234 eornm]
916 5172 1003 5221 nostri
1023 5171 1191 5235 principatus
1211 5170 1375 5219 auctoritate
1394 5185 1541 5234 eorumque
1561 5167 1592 5218 L.
1657 5176 1684 5220 et
1702 5168 1838 5236 imperiali
1859 5171 2024 5221 auctoritate
2042 5170 2134 5221 darant
2150 5169 2181 5221 L.

532 5261 564 5310 27
585 5260 673 5310 isdem
693 5263 725 5313 L.
798 5260 947 5325 absque—
961 5253 1033 5322 loco}
1054 5258 1116 5309 loco
1136 5275 1160 5308 a.
1180 5275 1200 5308 r.
1221 5259 1409 5310 restitueretur
1428 5261 1459 5311 L.
1533 5256 1658 5309 Aldricns
1676 5256 1708 5309 L.
2200 5267 2230 5307 ιι

641 5406 671 5476 l)
693 5405 724 5462 V.
748 5425 838 5481 aspra
857 5426 889 5481 p.
906 5409 977 5464 597.
1002 5408 1064 5464 599
1078 5424 1139 5480 sqq.
1211 5404 1241 5474 2)
1267 5404 1449 5462 Flodoordus
1470 5404 1501 5461 in
1524 5405 1586 5462 hist.
1611 5406 1675 5461 cccl.
1695 5403 1842 5462 nemausa
1865 5404 1918 5460 III
1935 5407 1994 5464 cl
2018 5397 2107 5481 (MG.
2127 5404 2182 5463 SS.

531 5511 619 5583 XIII,
636 5507 711 5589 475)
737 5512 827 5569 minus
849 5520 924 5570 recte
946 5512 1134 5568 [baccarum
1158 5531 1221 5568 cum
1245 5512 1415 5584 imperatore
1440 5519 1470 5568 et
1496 5554 1503 5567 .
1528 5551 1535 5566 .
1557 5554 1564 5566 .
1588 5512 1693 5568 abbate
1717 5512 1769 5568 sub
1794 5513 1988 5584 episcoporum
2012 5513 2182 5569 auctoritate

531 5620 674 5676 laborasse
698 5620 778 5687 dicit,
801 5627 835 5674 nt
857 5621 926 5675 ordo
948 5620 1119 5675 monasticus
1141 5620 1169 5674 in
1190 5659 1198 5674 .
1216 5659 1223 5674 .
1242 5660 1249 5673 .
1269 5620 1438 5674 monasterio
1460 5620 1634 5690 quorundam
1652 5620 1821 5691 voluptuosa
1837 5618 1962 5674 factione
1981 5620 2030 5674 diu
2049 5620 2183 5692 delapsus

531 5735 747 5783 restauraretur.
795 5725 932 5783 Exornat
960 5724 1048 5801 ἱροιιιι
1076 5724 1232 5782 Hiacmari
1252 5724 1399 5782 Iismcnsis
1427 5724 1634 5800 archiepiscopi
1658 5718 1694 5800 (†
1717 5719 1792 5799 882)
1822 5723 1909 5782 verba
1938 5724 1967 5781 in
1998 5724 2115 5801 epistola
2144 5726 2187 5782 ad

532 5829 681 5888 nicolaum
704 5830 728 5888 Ι.
754 5823 844 5907 (opp.
870 5832 913 5888 ed.
938 5832 1077 5889 Sir-moad
1097 5831 1138 5902 II,
1162 5825 1247 5910 304).
1358 5830 1388 5900 3)
1420 5830 1492 5888 Sena
1516 5822 1593 5906 (829
1616 5830 1662 5887 die
1685 5835 1712 5890 6.
1737 5830 1814 5888 Iunii
1836 5839 2015 5888 consecrabis
2037 5826 2184 5910 -836),·
2201 5855 2231 5895 ιο

531 5956 557 5994 ο.
585 5957 617 6012 ρ.
641 5941 704 5996 597
732 5958 801 5997 aaa.
826 5942 856 5998 8.
948 5937 980 6008 4)
1005 5938 1028 5994 I.
1054 5958 1077 5995 c.
1102 5938 1254 5996 Bessorum
1279 5929 1486 6013 (sto-835,
1511 5931 1724 6015 840-841);
1747 5957 1773 5994 v.
1792 5941 1907 6013 pecs
1929 5941 2045 5996 arrad.
