4884 6717
705 497 757 553 44.
793 496 1012 554 CONCILIUM
1036 497 1263 554 PARISIENSE
1288 501 1325 554 A.
1345 498 1420 554 825.
1824 492 1888 558 509

237 694 438 767 quadripertiti
461 695 558 750 orbem
582 704 720 749 terrarum
743 695 910 765 perscripsit
933 695 1111 767 distinguens
1134 695 1310 766 perscriptis,
1335 696 1376 749 ita
1400 703 1430 749 et
1454 701 1579 750 sanctam
1604 696 1752 767 imaginem
1769 696 1890 750 omnium
1942 673 1946 683 ’

238 803 367 856 dominae
393 811 421 856 et
445 811 561 856 sanctae
578 801 634 855 Dei
653 801 809 872 genitricis,
834 801 913 856 cuius
936 801 1044 855 vultum
1069 802 1261 872 deprecantur
1283 803 1387 858 divites
1411 802 1513 874 plebis.
1550 802 1663 855 Etenim
1685 810 1792 868 sancta,
1818 803 1890 856 sicut
1908 819 2066 869 erratura.

237 910 365 980 patribus
389 909 511 974 videtur,
537 926 610 979 quac
635 908 674 962 sic
698 925 715 962 a
738 908 817 962 vobis
847 908 894 980 pie
918 907 1055 962 honorata
1085 909 1199 963 donarit
1230 909 1443 965 retributiones.
1491 908 1562 962 Nam
1587 909 1714 980 imaginis
1743 909 1831 963 honor
1854 909 1889 963 ad

238 1017 354 1086 primam
376 1015 492 1069 formam
516 1015 617 1068 transit
639 1015 794 1070 sectandum
813 1033 943 1086 magnum
959 1010 1116 1069 Basiliaml
1141 1024 1171 1071 et
1194 1016 1267 1070 sicut
1287 1016 1377 1086 inquit
1394 1013 1627 1086 chrysostomus:
1652 1011 1737 1084 Ego²
1756 1023 1786 1069 et
1806 1033 1889 1071 cerae

206 1122 372 1193 speriusac
396 1122 481 1177 dilexi
505 1122 643 1192 picturam
666 1121 777 1192 pietate
802 1121 950 1192 repletam.

345 1219 388 1283 Et
410 1232 484 1304 post
507 1241 612 1304 pauca
636 1219 668 1281 ln
692 1217 808 1282 eadem
832 1217 985 1304 epistola:
1017 1225 1070 1281 Si3
1094 1229 1167 1282 euim
1197 1228 1382 1299 propheticae
1407 1229 1607 1299 dispositiones
1637 1247 1692 1282 uon
1716 1236 1890 1299 acceperuut

238 1334 334 1402 linem,
358 1352 413 1389 non
436 1334 595 1389 scribantur
617 1353 719 1389 causae
744 1336 779 1389 ad
804 1336 1006 1401 ostensionem,
1030 1353 1104 1405 quae
1129 1336 1251 1389 necdum
1275 1335 1369 1389 saetae
1394 1343 1477 1402 suut,
1502 1335 1637 1389 videlicet
1660 1335 1711 1388 nisi
1729 1335 1890 1390 incarnatus

239 1451 280 1494 est
303 1441 446 1506 Dominus,
471 1459 528 1494 nou
551 1441 682 1512 signetur,
711 1458 782 1511 (puae
806 1442 954 1494 secundum
977 1458 1088 1495 caruem
1111 1442 1244 1513 signatur,
1267 1451 1362 1495 sancta
1385 1442 1476 1512 imago
1500 1442 1566 1495 cius.
1613 1441 1671 1495 Nisi
1696 1448 1776 1495 uatus
1798 1451 1840 1496 est
1862 1442 1890 1496 iu

238 1549 383 1602 Bethleem
406 1549 441 1602 de
471 1565 580 1616 semper
607 1547 728 1616 gloriosa
751 1547 856 1618 virgine
880 1557 908 1601 ct
931 1548 985 1602 Dei
1007 1549 1151 1619 genitrice,
1182 1557 1209 1602 et
1237 1548 1310 1618 magi
1340 1566 1452 1602 munera
1481 1548 1650 1616 obtulerunt,
1680 1556 1707 1601 et
1737 1548 1891 1618 pastoribus

192 1673 220 1714 ta
238 1655 367 1725 apparuit
390 1656 515 1726 angelus,
540 1633 568 1708 et
591 1655 737 1709 multitudo
760 1656 889 1708 caelestis
912 1655 1025 1709 militiae
1048 1663 1113 1709 sisto
1138 1656 1247 1709 laudem
1270 1656 1373 1720 retulit,
1396 1656 1446 1708 nisi
1470 1655 1496 1708 in
1515 1656 1586 1709 uluis
1601 1654 1741 1724 genitricis
1756 1661 1785 1708 ut
1800 1655 1890 1709 infans

237 1770 372 1831 portatus,
395 1762 440 1832 qui
464 1771 555 1830 portat
578 1762 678 1828 ornnia,
709 1770 735 1815 et
759 1761 838 1814 lactis
861 1761 1025 1816 nutrimento
1048 1771 1143 1831 pastus
1166 1772 1216 1824 est,
1247 1760 1295 1835 qui
1317 1761 1368 1817 dat
1390 1780 1481 1816 esccrm
1504 1759 1580 1816 orsini
1603 1759 1694 1829 curru,
1725 1779 1814 1832 neque
1837 1762 1889 1815 hoc
1909 1779 2046 1829 versatu

237 1868 366 1938 signetru.
397 1864 477 1921 Nisi*
501 1876 622 1921 mortum
652 1867 793 1921 suscitavit
816 1874 844 1920 ct
867 1868 1026 1937 paraliticos
1050 1869 1136 1922 erexit
1160 1877 1186 1922 et
1211 1868 1325 1937 leprosis
1347 1868 1536 1938 purgationem
1560 1868 1636 1921 dedit
1659 1875 1687 1920 ct
1710 1869 1804 1921 oculos
1827 1886 1888 1922 cse-

237 1993 330 2028 corum
354 1975 461 2044 aperuit
485 1985 512 2028 et
534 1976 684 2028 daemones
707 1974 839 2046 effugavit
870 1983 897 2028 et
927 1976 977 2029 nisi
1008 1975 1115 2045 aperuit
1145 1993 1225 2029 aures
1248 1976 1390 2028 surdorum
1414 1984 1441 2028 et
1465 1975 1556 2027 onmia
1580 1983 1709 2044 operatus
1737 1983 1787 2040 cst,
1817 1993 1888 2047 quac

236 2081 355 2152 gisiriose
377 2090 407 2135 ut
431 2081 484 2135 llei
508 2081 641 2135 miracula
664 2081 790 2151 perfecit,
820 2101 874 2134 uon
905 2082 1065 2136 scribuntur.
1112 2082 1170 2135 Nisi
1194 2082 1348 2151 passionem
1373 2083 1526 2136 voluntarie
1550 2083 1670 2152 suscepit
1700 2090 1727 2134 ct
1754 2082 1889 2136 iut'eruum

193 2205 218 2245 te
237 2188 387 2258 expoliavit
410 2197 438 2242 et
462 2206 575 2259 surgens
598 2189 625 2242 in
648 2188 742 2242 caelos
765 2189 897 2257 ascendit,
920 2189 965 2258 qui
990 2197 1119 2242 venturus
1142 2195 1183 2242 est
1206 2189 1328 2242 iudicare
1352 2189 1428 2242 sivos
1451 2199 1479 2241 et
1502 2197 1631 2254 mortuos,
1661 2207 1715 2242 nou
1738 2189 1891 2244 scribantur
1908 2196 2033 2290 alffius.

236 2313 326 2365 neque
349 2296 535 2364 desipientia,
565 2295 629 2365 (pria
659 2295 727 2348 haec
751 2295 900 2349 recitantur
931 2304 958 2348 ct
990 2314 1040 2365 per
1070 2297 1175 2348 litteras
1198 2305 1225 2348 et
1249 2313 1300 2364 per
1322 2295 1429 2348 colores
1453 2296 1602 2365 scripturae
1626 2304 1654 2348 et
1676 2295 1815 2349 historiae.
1861 2295 1889 2350 Si
1963 2279 1996 2296 Η

237 2402 309 2456 enim
324 2401 392 2456 haec
408 2402 499 2455 omnia
514 2402 589 2456 facta
605 2411 666 2455 sunt
685 2431 722 2438 -
741 2411 769 2454 et
785 2420 912 2472 magnum
929 2409 970 2454 cst
986 2402 1095 2471 pietatis
1111 2402 1268 2473 mysterium
1289 2431 1338 2470 -,
1361 2402 1464 2455 utinam
1480 2402 1575 2455 fuisset
1591 2402 1722 2471 possibile
1738 2403 1845 2456 caelum
1863 2412 1890 2456 et

237 2517 337 2562 terram
368 2517 394 2562 et
424 2526 499 2562 mare
531 2519 559 2562 et
589 2509 718 2562 animalia
749 2509 840 2562 trinnis
870 2526 998 2562 enarrare
1031 2527 1064 2561 ea
1094 2518 1122 2561 et
1152 2527 1202 2578 per
1233 2527 1314 2561 voees
1344 2517 1372 2562 et
1394 2527 1444 2577 per
1467 2509 1571 2562 litteras
1595 2517 1622 2562 ct
1646 2507 1782 2563 historias.
1827 2509 1889 2564 Nou

237 2615 411 2669 existentium
435 2615 506 2668 euim
530 2615 683 2684 designatio
707 2615 807 2668 idolica
830 2616 963 2685 scriptura
986 2615 1150 2680 riurrriuatur,
1179 2633 1251 2686 quae
1283 2633 1336 2668 non
1368 2615 1476 2668 fuerunt
1500 2614 1527 2667 in
1552 2615 1669 2669 essentia
1693 2615 1809 2669 delirate
1832 2616 1888 2670 fac·

191 2738 219 2778 ιο
236 2729 307 2775 tura.
346 2722 381 2775 Et
405 2741 439 2776 ue
462 2740 516 2775 una
539 2723 734 2776 condescensio
759 2722 893 2776 ecelesiae
917 2720 1017 2775 Christi
1041 2741 1101 2775 erun
1126 2722 1226 2775 idolis?
1265 2722 1362 2788 Absit,
1386 2739 1475 2791 ireque
1500 2721 1570 2774 enim
1595 2721 1694 2774 vitulos
1717 2723 1890 2777 adoravimus

236 2847 325 2899 neque
349 2829 462 2882 vitulum
486 2829 513 2881 iu
529 2828 640 2882 (horeb
664 2828 783 2881 fudimus
805 2847 895 2898 neque
912 2829 1002 2882 lleum
1026 2829 1104 2882 nobis
1128 2830 1256 2882 mundum
1273 2828 1485 2882 existimavimus
1506 2846 1596 2898 neque
1612 2829 1709 2882 iterum
1726 2829 1752 2881 iu
1769 2828 1888 2899 sculptili

236 2934 357 2988 inclinati
382 2953 473 2988 surnus
496 2944 524 2988 et
547 2935 723 3005 Beelphegor
745 2936 897 2988 cormccrati
921 2953 1012 2988 sumus
1035 2953 1124 3005 neque
1148 2933 1221 2988 filios
1247 2944 1352 2988 nostros
1376 2945 1423 2987 aut
1446 2933 1517 2987 filias
1540 2934 1689 3005 aliquando
1711 2935 1890 2989 daemonibus

236 3041 443 3095 immolavimus.
490 3037 574 3095 Non⁵
597 3051 658 3095 sunt
681 3041 751 3094 haee
774 3041 863 3110 nohis,
885 3059 940 3095 non
964 3049 1035 3111 suut,
1057 3041 1147 3095 nullus
1171 3049 1323 3106 accusetur,
1346 3042 1473 3111 quoniam
1497 3041 1574 3106 nihil,
1604 3059 1676 3111 qxrae
1699 3042 1817 3095 existunt
1841 3049 1889 3096 aut

237 3147 312 3200 iaetu
336 3158 405 3208 srmt.
428 3159 539 3218 praeter
560 3167 670 3212 nornen,
696 3150 769 3220 spirari
794 3157 834 3202 est
858 3167 940 3218 super
962 3166 1042 3202 omne
1065 3166 1175 3212 nomeu,
1206 3146 1341 3201 vivificam
1366 3148 1514 3200 trinitatem
1538 3148 1656 3218 populus
1680 3148 1780 3202 (bristi
1803 3166 1889 3219 usque
1907 3159 2057 3214 saeuam.

192 3270 219 3311 te
236 3254 318 3308 hodie
342 3255 451 3308 servivit
475 3263 522 3308 ard
545 3265 691 3308 verteratus
714 3265 770 3322 est,
794 3255 874 3308 absit.
917 3249 968 3308 SiG
992 3255 1063 3308 euim
1086 3255 1146 3326 quis
1171 3254 1281 3308 ludaiee
1305 3263 1393 3307 motus
1416 3254 1451 3308 ad
1475 3254 1706 3318 calumniandum,
1729 3273 1800 3325 quac
1824 3256 1889 3309 olim

238 3361 371 3414 idolorum
395 3362 507 3415 culturis
531 3362 713 3416 acclamantia
737 3362 898 3433 profametur
921 3371 948 3415 et
971 3362 1105 3416 idolorum
1128 3362 1236 3415 cultius
1260 3360 1396 3414 ascribere
1420 3361 1555 3414 ecelesiae
1586 3369 1693 3416 nostrae
1717 3362 1752 3415 de
1776 3379 1888 3417 vessera·

237 3467 338 3521 bilibus
367 3468 530 3538 imaginibus
560 3469 657 3522 divinis
688 3479 715 3522 et
746 3469 915 3523 mirabilibus
945 3469 980 3522 ad
1011 3469 1125 3522 meliora
1155 3468 1276 3536 directis,
1306 3468 1490 3521 existimemus
1519 3467 1585 3521 nihil
1617 3468 1692 3521 aliud
1722 3478 1770 3522 aut
1793 3486 1890 3523 canem

239 3574 384 3628 latrantem
408 3585 435 3628 et
458 3577 513 3629 acsi
539 3577 564 3629 in
587 3577 732 3631 fimdihula
755 3576 850 3646 procul
875 3576 1029 3642 eicientem,
1052 3575 1145 3629 audiat
1169 3576 1238 3629 sicut
1263 3575 1394 3628 Iudaeus:
1420 3575 1530 3630 Utinam
1555 3585 1636 3634 esset,
1660 3583 1687 3628 et
1712 3575 1816 3628 israhel
1839 3593 1890 3645 per

239 3680 394 3746 visibilium,
417 3701 498 3753 quam
522 3684 669 3752 deputatus
693 3691 743 3750 est,
766 3683 866 3736 oil'errc
891 3684 952 3736 lico
975 3683 1162 3735 adorationem
1186 3691 1213 3734 et
1237 3699 1286 3751 per
1309 3681 1437 3751 csernpla
1461 3682 1604 3734 memorari
1628 3682 1760 3736 factorem
1784 3690 1813 3736 et
1834 3701 1889 3736 non

192 3803 220 3844 te
238 3788 350 3841 vitulum
376 3797 469 3842 tenere
494 3799 521 3842 et
545 3809 652 3843 rnuseas
675 3809 757 3860 snper
779 3790 891 3843 tabulas
914 3789 1086 3856 testamenti,
1117 3788 1219 3842 utinam
1251 3797 1372 3841 sauctum
1397 3789 1486 3842 altare
1509 3788 1639 3858 diligeret
1662 3799 1688 3843 et
1712 3808 1765 3842 uon
1789 3789 1889 3842 vitulas

238 3895 387 3950 Samariae.
435 3890 563 3949 Βοιιιιιῐι7
587 3897 626 3949 illi
651 3905 723 3950 esset
746 3896 824 3949 simul
849 3907 876 3950 ct
901 3895 999 3949 iustum
1022 3895 1186 3948 rorissimam
1209 3895 1329 3948 divinam
1353 3903 1458 3964 petram
1483 3896 1651 3964 tunplcctere
1684 3903 1711 3948 et
1733 3915 1786 3950 uon
1812 3895 1889 3951 Beel.

239 4003 349 4057 l'tiuam
373 4011 444 4056 esset
469 4004 507 4057 illi
533 4004 569 4056 ad
591 4004 696 4072 virgam
712 4003 802 4073 Moysi
826 4002 913 4072 inagis
937 4002 1061 4071 aspicere
1085 4011 1113 4054 et
1136 4001 1171 4054 ud
1195 4020 1289 4055 uniam
1315 4019 1425 4056 auream
1450 4011 1477 4054 ct
1501 4019 1593 4054 arcam
1618 4009 1647 4054 ct
1663 4002 1889 4072 propitiatorium,

238 4110 361 4168 laminas.
392 4109 493 4179 ephod,
522 4127 653 4174 nreusam,
682 4109 891 4163 tabernaculum
921 4108 1033 4162 interius
1064 4117 1091 4159 et
1115 4108 1243 4168 exterius,
1272 4126 1344 4178 quae
1374 4108 1464 4161 orrrnia
1494 4082 1535 4161 in0
1550 4108 1638 4178 gloria
1662 4108 1737 4161 faeta
1761 4109 1813 4162 liei
1838 4109 1889 4164 etsi

236 4217 402 4276 rnanufacta.
425 4217 472 4268 sed
497 4217 585 4284 inagis
608 4225 703 4270 saneta
726 4225 881 4269 sarretmmu
904 4215 1074 4274 dicebantur,
1105 4224 1132 4268 ct
1156 4214 1293 4267 t'heruhin
1318 4215 1434 4283 sculpta,
1463 4231 1577 4284 quorum
1601 4215 1760 4268 memoriam
1784 4215 1889 4270 faciens

191 4335 218 4377 te
237 4323 379 4392 apostolus
402 4323 503 4393 iuquit:
537 4320 676 4378 Clrerrrbin
698 4321 809 4397 plurius
836 4319 1024 4377 obnnibrantis
1048 4319 1289 4395 prcmitiatorium,
1320 4321 1419 4390 quihus
1442 4329 1470 4374 et
1492 4322 1583 4374 divina
1608 4323 1722 4390 vegitari
1749 4322 1838 4392 gloria
1861 4329 1889 4375 et
1907 4335 2030 4384 iratast.

345 4606 354 4652 1
375 4605 519 4670 perscripsi
536 4601 564 4652 P.
615 4597 926 4668 2sancta]snpplc:est.
979 4605 1010 4651 14
1029 4596 1154 4664 utjsre.
1205 4603 1237 4650 19
1250 4595 1413 4664 designatio]
1428 4601 1627 4666 designantium
1644 4599 1672 4650 P.
1723 4595 1887 4666 nominatur]

233 4701 290 4757 post
304 4691 349 4742 loc
364 4691 463 4742 omium
478 4691 599 4757 quemdum
616 4692 732 4742 accidisse
747 4692 871 4752 ridentur,
886 4692 1008 4756 ,tortasser
1027 4707 1097 4754 qrras
1114 4691 1194 4739 etiam
1209 4691 1314 4739 Graeca
1332 4707 1375 4739 ars
1389 4689 1508 4752 fingendi
1522 4689 1627 4740 fabulas
1641 4689 1777 4740 simulavit
1797 4685 1823 4746 (d
1842 4683 1887 4736 καὶ

230 4775 371 4842 Ἑλληνικὴ
389 4777 534 4841 μυθοποαά
553 4774 710 4832 ἀνέπλαττε).
779 4783 812 4832 23
838 4774 994 4842 accusetur]
1013 4778 1135 4842 inultiss-
1154 4787 1275 4828 aceusct.
1337 4780 1369 4828 24
1398 4787 1506 4843 practer
1525 4774 1632 4843 nomen]
1651 4778 1772 4844 intells’qe:
1791 4787 1887 4828 contra

234 4869 402 4919 seduntatem
421 4871 547 4928 nominis,
567 4870 639 4934 quod
659 4879 802 4936 estsuper
821 4885 899 4919 omne
920 4885 1027 4928 nornen,
1046 4868 1097 4917 scil.
1118 4867 1178 4917 Dei.
1237 4868 1270 4916 25
1290 4863 1411 4931 servivit]
1430 4868 1551 4932 intellipe:
1570 4868 1714 4917 serviendo
1734 4868 1887 4917 honoravit.

189 4976 218 5015 40
234 4975 305 5023 quas
323 4985 358 4992 -
377 4953 546 5024 profanatur]
566 4959 687 5022 intelb'pe:
714 4975 754 5018 ca,
781 4974 851 5023 quse
878 4965 957 5008 antea
983 4955 1117 5006 idolorum
1144 4954 1294 5005 cultoribus
1313 4958 1460 5021 opprobrio
1480 4956 1621 5014 dabantur,
1648 4957 1681 5006 de
1701 4972 1772 5006 novo
1792 4956 1886 5005 obicit.

235 5051 268 5098 26
288 5055 315 5098 et
333 5048 467 5098 idolorum
485 5074 519 5080 -
537 5043 657 5111 directis]
677 5047 801 5112 intellipe:
821 5055 848 5098 et
867 5046 1002 5097 idolorum
1021 5045 1153 5095 culturam
1171 5042 1304 5094 ccclesiae
1324 5052 1434 5095 nostrae
1454 5045 1545 5103 obicit,
1565 5053 1707 5109 propterca
1726 5045 1798 5108 quod
1819 5045 1886 5109 ipsis

234 5135 434 5186 venerabilibus
454 5138 619 5200 imaginibus
639 5137 673 5186 ad
693 5135 807 5187 meliora
826 5137 985 5187 deducimur
1003 5135 1108 5184 ratione
1122 5133 1238 5198 quadam
1254 5132 1420 5183 monstrandi
1435 5135 1504 5183 viam
1519 5133 1640 5183 divinam
1654 5141 1680 5184 et
1692 5129 1886 5183 admirabilem.

235 5227 267 5276 ut
289 5220 482 5288 existimemus]
501 5227 553 5275 scil.
574 5241 642 5287 eum,
666 5227 711 5290 qui
731 5225 798 5276 talia
816 5226 926 5290 profert,
953 5240 1013 5273 curn
1040 5224 1076 5273 sit
1096 5223 1211 5272 ludaico
1238 5239 1312 5272 more
1339 5222 1486 5272 inclinatus
1512 5221 1546 5271 ad
1573 5220 1736 5272 calumniam
1761 5219 1886 5282 (ludaico

234 5323 322 5364 motus
349 5314 382 5363 ad
409 5313 650 5376 calumniandum).
725 5317 758 5365 28
785 5322 812 5365 et
831 5316 886 5364 acsi
906 5339 941 5347 -
961 5307 1114 5376 eicientem]
1140 5311 1264 5376 intelligis:
1284 5319 1311 5361 et
1331 5312 1408 5375 quasi
1434 5327 1482 5376 per
1507 5310 1651 5360 fundibula
1671 5310 1764 5374 procul
1785 5312 1886 5361 eicien-

188 5419 216 5458 ω
234 5403 307 5453 dum.
377 5405 411 5453 29
430 5419 509 5467 quarn
529 5405 676 5470 deputatus
697 5398 749 5468 est]
774 5401 947 5466 coninnpcndo
964 5409 1024 5451 sunt
1041 5419 1098 5451 cum
1117 5401 1305 5451 adorationem
1331 5409 1354 5450 et
1379 5399 1555 5465 iutelliyendo:
1581 5400 1614 5449 ad
1634 5415 1714 5464 quarn
1733 5399 1885 5449 faciendam

234 5490 350 5557 populus
370 5492 559 5543 israheliticus
578 5499 692 5543 vocatus
712 5499 760 5544 est.
834 5494 867 5540 33
888 5489 1031 5540 lamminae
1052 5487 1082 5539 P.

345 5747 374 5812 l)
398 5746 429 5801 V.
454 5746 538 5816 iufra
556 5767 589 5821 p.
607 5749 664 5804 511
689 5746 797 5819 l.2sq.
912 5742 942 5812 2)
976 5741 1024 5814 Cf.
1049 5742 1132 5814 infra
1151 5763 1183 5817 p.
1201 5746 1263 5801 510
1285 5744 1303 5798 l.
1322 5745 1362 5800 30
1376 5761 1418 5817 sq.
1540 5741 1570 5811 3)
1604 5740 1703 5799 Massi
1725 5741 1810 5812 XIII,
1836 5744 1884 5800 95.

236 5853 265 5916 l)
290 5850 407 5908 [bidem.
478 5853 509 5916 ὃ)
533 5851 607 5908 leid.
633 5850 720 5920 XIII,
738 5853 786 5910 97.
857 5849 888 5918 6)
914 5848 1031 5905 Ibidem.
1101 5850 1131 5920 i)
1156 5848 1273 5906 Ibidem.
