4884 6717
675 526 732 583 dl.
769 526 990 583 CONCILIUM
1012 525 1241 583 anslansa
1265 527 1302 582 Α.
1323 525 1399 583 825.
1798 521 1863 584 485

207 724 367 779 huiusmodi
389 724 470 779 velut
492 742 593 779 munus
615 725 789 779 ridebantur
811 723 924 790 offerre,
955 742 1018 778 cum
1048 724 1194 779 videamus
1226 724 1311 778 etiam
1342 741 1417 777 nunc
1448 733 1477 778 et
1502 723 1691 794 apostolorum
1715 724 1793 780 Petri
1816 725 1863 781 vel

208 831 290 886 Pauli
315 838 344 886 et
368 831 456 902 ipsius
479 830 626 886 salvatoris
649 831 785 902 imagines
809 831 952 903 designari
975 831 1137 901 tabulisque
1161 830 1295 902 depingi:
1320 831 1372 884 sed
1394 838 1423 884 et
1440 831 1572 902 antiquas
1587 832 1710 903 ipsorum
1726 833 1863 903 imagines

208 957 226 993 a
249 939 416 1009 quibusdam
447 946 627 993 conservatas
656 955 708 992 nos
737 939 867 992 vidimus.
915 936 999 1001 Quod
1021 938 1088 992 mihi
1115 938 1230 992 videtur
1253 955 1289 992 ex
1311 936 1412 1008 gentili
1436 939 1642 992 consuetudine
1666 938 1864 993 indifferenter

208 1045 399 1112 observatum,
430 1046 506 1116 quod
536 1046 576 1100 ita
604 1045 714 1101 soleant
744 1044 881 1100 honorare
906 1063 976 1116 quos
998 1043 1103 1099 honore
1128 1045 1229 1116 dignos
1252 1045 1410 1111 duxerunt3
1443 1045 1563 1115 insignia
1592 1045 1699 1099 etenim
1731 1053 1860 1101 veterum

176 1152 348 1206 orescrvari
371 1153 408 1206 ad
430 1159 608 1223 posterorum
631 1153 792 1207 memoriam
815 1151 924 1206 illorum
947 1151 1070 1219 honoris,
1093 1150 1191 1206 horum
1214 1169 1283 1206 sero
1306 1152 1407 1205 amoris
1429 1151 1562 1206 indicium
1587 1161 1640 1206 est.

316 1283 358 1348 ΙΙ.
394 1283 432 1347 In
456 1282 583 1348 actibus
600 1283 749 1350 Silvestri
772 1306 877 1371 papae
902 1283 1054 1370 leguntur
1069 1283 1282 1370 apparuisse¹
1306 1291 1494 1348 Constantino
1518 1295 1680 1365 imperatori
1705 1295 1733 1349 in
1755 1294 1862 1350 visione

208 1401 329 1472 apostoli
358 1400 450 1454 sancti
473 1400 577 1454 Petrus
608 1407 636 1455 et
661 1400 765 1455 Paulus
796 1401 880 1471 eique
906 1401 947 1454 ita
968 1400 1089 1454 dixisse:
1122 1397 1261 1464 Quoniam
1284 1399 1397 1472 flagitiis
1427 1401 1484 1454 tuis
1515 1401 1632 1472 posuisti
1656 1402 1805 1456 terminum
1829 1407 1860 1456 et

209 1507 374 1563 effusionem
397 1508 579 1562 innocentum
602 1507 745 1578 sanguinis
768 1507 911 1572 horruisti,
935 1507 1009 1561 missi
1033 1525 1128 1561 sumus
1151 1526 1169 1562 a
1192 1505 1305 1562 Christo
1328 1505 1395 1562 lesu
1418 1508 1529 1562 domino
1560 1508 1628 1562 dare
1658 1509 1709 1562 tibi
1733 1509 1862 1563 sanitatis

207 1615 420 1686 recuperandae
451 1614 606 1669 consilium.
655 1613 730 1668 nudi
760 1631 828 1685 ergo
859 1615 964 1669 monita
986 1621 1083 1669 nostra
1113 1623 1143 1668 et
1175 1614 1219 1669 fae
1250 1615 1353 1681 omnia,
1385 1632 1582 1686 quaecumque
1613 1614 1768 1669 indicamus
1798 1615 1861 1669 tibi.

164 1736 189 1775 ro
208 1720 347 1776 Silvester
370 1722 519 1793 opiscopus
543 1721 665 1776 civitatis
688 1720 831 1775 Romanae
855 1722 891 1775 ad
915 1728 1038 1776 montem
1058 1717 1195 1792 Syrapti²
1217 1721 1433 1791 persecutiones
1457 1731 1520 1776 tuas
1543 1722 1657 1790 fugiens
1681 1730 1711 1776 et
1734 1723 1862 1776 cavernis

207 1837 352 1900 petrarum
376 1846 439 1883 eum
462 1829 520 1881 suis
543 1828 654 1882 clericis
677 1827 816 1882 latebram
839 1826 929 1882 fovet.
965 1827 1049 1881 Hunc
1066 1846 1129 1881 eum
1145 1828 1181 1881 ad
1206 1836 1236 1882 te
1260 1827 1422 1894 adduxeris,
1448 1829 1502 1882 iste
1526 1828 1578 1882 tibi
1595 1829 1711 1900 pictatis
1727 1829 1861 1900 piscinam

206 1935 352 2000 ostendet,
385 1935 413 1989 in
437 1953 503 2005 qua,
536 1934 601 1988 dum
631 1941 660 1988 te
692 1935 778 1990 tertio
808 1936 949 2002 merserit,
980 1935 1070 1990 omnis
1100 1941 1130 1988 te
1154 1933 1291 1989 valetudo
1315 1935 1369 1989 ista
1392 1935 1508 1989 deseret
1531 1934 1640 2006 leprae.
1689 1935 1772 1998 Quod
1796 1936 1862 1990 dum

206 2042 312 2096 lactum
347 2042 448 2109 luerit,
485 2041 557 2095 bane
591 2041 812 2096 vicissitudinem
847 2051 897 2097 tuo
924 2042 1056 2096 salvatori
1091 2059 1250 2112 conpensa,
1287 2051 1318 2096 ut
1353 2061 1451 2098 omnes
1487 2044 1563 2097 iussu
1598 2051 1649 2097 tuo
1683 2061 1736 2114 per
1770 2049 1861 2096 totum

207 2148 304 2203 orbem
328 2148 482 2203 &manum
513 2148 652 2204 ecelesiae
682 2155 890 2216 restaurentur,
920 2157 953 2203 tu
983 2159 1079 2204 autem
1108 2149 1137 2203 in
1161 2149 1213 2203 bac
1240 2157 1322 2219 parte
1346 2149 1465 2221 purifica
1494 2159 1534 2217 te,
1566 2161 1597 2203 ut
1631 2150 1732 2204 relicta
1761 2166 1861 2221 super·

164 2272 189 2312 sn
207 2256 322 2311 stitione
354 2254 490 2310 idolorum
513 2256 607 2310 Deum
636 2273 733 2322 nuum,
764 2256 812 2326 qui
843 2274 926 2311 verus
958 2267 988 2310 et
1019 2257 1094 2311 solus
1125 2265 1180 2324 est,
1212 2257 1314 2311 adores
1345 2264 1375 2311 et
1406 2258 1518 2311 excolas
1549 2265 1578 2310 ot
1610 2257 1646 2311 ad
1678 2257 1739 2311 eins
1763 2254 1860 2311 volun·

207 2370 298 2417 tatem
321 2363 454 2434 attingas.
501 2363 664 2432 Exsurgens
695 2363 792 2433 itaque
816 2381 834 2418 a
856 2381 951 2418 somno
981 2364 1077 2417 statim
1105 2371 1242 2418 convocat
1274 2381 1332 2432 eos,
1365 2365 1412 2434 qui
1440 2364 1629 2418 observabant
1653 2363 1799 2434 palatium,
1832 2370 1861 2416 et

207 2472 362 2526 secundum
397 2477 523 2524 tenorem
559 2469 658 2524 somnii
692 2469 735 2523 aui
770 2468 844 2524 misit
876 2471 912 2524 ad
947 2478 1070 2525 montem
1103 2468 1229 2542 Syrapti,
1264 2471 1313 2524 ubi
1348 2477 1462 2524 sanetus
1490 2468 1629 2524 Silvester
1659 2470 1686 2523 in
1716 2470 1860 2524 cuiusdam

208 2576 360 2631 Christiani
390 2595 488 2648 agrum
517 2576 723 2647 persecutionis
754 2594 839 2631 causa
868 2595 930 2630 euin
961 2577 1018 2631 suis
1049 2577 1159 2632 clericis
1188 2585 1324 2647 receptus
1353 2578 1523 2632 lectionibus
1554 2587 1584 2632 et
1614 2577 1788 2632 orationibus
1817 2578 1860 2631 iu·

207 2685 338 2738 sistebat.
385 2684 426 2737 At
456 2683 504 2737 ubi
528 2701 545 2737 a
567 2682 701 2737 militibus
725 2701 756 2738 se
780 2691 950 2737 conventum
974 2684 1056 2750 vidit,
1084 2684 1206 2738 eredidit
1233 2702 1264 2738 se
1292 2684 1329 2738 ad
1352 2685 1478 2756 martyrii
1501 2703 1630 2738 coronam
1655 2685 1776 2738 evocari.
1823 2684 1861 2737 Et

162 2805 190 2845 ao
208 2808 358 2846 conversus
382 2792 417 2846 ad
446 2790 562 2856 clerum,
594 2791 642 2861 qui
673 2808 737 2844 eum
769 2807 803 2844 eo
834 2799 906 2855 erat,
938 2790 1023 2844 dixit:
1052 2789 1127 2844 Eece
1156 2809 1232 2845 stane
1262 2798 1368 2864 tempus
1396 2788 1575 2864 acceptabile,
1607 2809 1669 2846 ecce
1698 2810 1773 2846 nunc
1803 2790 1862 2847 (lies
1879 2803 2011 2853 aconas.

206 2896 314 2953 salatia.
361 2897 511 2953 Proiectus
539 2898 648 2968 itaque,
679 2905 710 2951 ut
740 2897 847 2952 dictum
879 2905 933 2964 est,
965 2897 1096 2967 pervenit
1120 2897 1156 2951 ad
1187 2915 1295 2967 regem,
1326 2898 1371 2951 cui
1401 2897 1549 2952 nuntiatus
1573 2917 1635 2951 cum
1665 2899 1756 2952 tribus
1779 2915 1858 2969 pres-

205 3005 303 3060 biteris
339 3015 367 3060 et
402 3006 512 3060 duobus
546 3006 710 3061 diaconibus
745 3005 888 3076 ingressus
923 3004 1009 3059 dixit:
1051 3004 1108 3058 Pax
1144 3005 1194 3058 tibi
1231 3013 1261 3058 et
1296 3005 1430 3059 victoriae
1466 3004 1503 3058 dc
1539 3005 1620 3059 caelo
1654 3005 1858 3059 ministrentur.

207 3109 300 3175 Quem
323 3130 386 3166 oum
408 3129 459 3166 rex
482 3113 567 3167 alacri
591 3112 682 3167 anhno
707 3121 736 3166 et
760 3111 841 3166 vultu
864 3110 1053 3183 placidissimo
1075 3112 1260 3182 suscepisset,
1284 3112 1386 3178 omnia,
1411 3129 1484 3183 quae
1509 3110 1549 3165 illi
1574 3111 1660 3178 facta,
1686 3129 1760 3182 quae
1784 3112 1861 3167 dicta

206 3227 283 3285 sunt,
314 3237 387 3289 quae
418 3219 504 3273 etiam
534 3223 634 3286 relata,
666 3219 821 3273 secundum
852 3226 959 3273 textum
989 3217 1120 3289 superius
1150 3218 1375 3289 conprehensum
1407 3219 1545 3289 exposuit.
1594 3219 1661 3272 Post
1685 3217 1769 3272 linem
1793 3236 1860 3274 vcro

161 3337 188 3377 so
206 3326 372 3381 narrationis
403 3344 470 3380 suae
501 3325 732 3396 percontabatur,
764 3326 813 3396 qui
842 3325 888 3379 isti
919 3333 1017 3379 essent
1047 3326 1085 3379 dii
1109 3325 1213 3380 Petrus
1238 3333 1268 3380 et
1292 3324 1407 3392 Paulus,
1440 3325 1488 3396 qui
1520 3325 1597 3380 illum
1627 3325 1791 3393 visitarent3
1822 3326 1859 3381 ob

207 3449 290 3503 quam
319 3451 432 3487 eausam
462 3432 561 3486 salutis
592 3449 660 3487 suae
692 3433 753 3486 eius
784 3432 921 3486 latebram
951 3433 1139 3487 detexissent.
1187 3430 1326 3487 Silvester
1355 3431 1518 3503 respondit:
1552 3431 1610 3486 Hos
1639 3433 1753 3504 quidem
1780 3433 1860 3486 Deus

206 3547 304 3595 noster
326 3540 378 3594 sibi
402 3540 519 3594 idoneos
541 3556 637 3594 servos
661 3537 765 3593 Christi
790 3546 819 3592 et
843 3538 986 3610 apostolos
1010 3539 1098 3609 elegit
1122 3540 1158 3593 ab
1183 3557 1217 3594 eo
1246 3539 1343 3593 missos
1366 3539 1402 3593 ad
1433 3540 1627 3594 invitationem
1658 3539 1797 3610 gentium,
1828 3547 1859 3592 ut

206 3648 359 3702 credentes
382 3645 500 3701 salutem
525 3652 745 3716 consequantur.
793 3645 921 3716 Cumque
946 3645 1017 3699 haec
1042 3653 1071 3699 et
1095 3645 1137 3699 his
1160 3646 1262 3700 similia
1284 3655 1406 3716 angusto
1430 3645 1540 3700 diceret
1567 3665 1652 3717 papa,
1685 3647 1858 3716 interrogare

206 3753 301 3824 coepit
323 3761 471 3824 augustus,
495 3759 653 3808 utrumnam
677 3753 747 3806 istos
770 3752 891 3807 haberet
914 3751 1010 3824 aliqua
1033 3753 1124 3822 imago
1148 3771 1305 3824 expressos,
1331 3761 1361 3806 ut
1387 3772 1420 3808 ex
1444 3754 1556 3824 pictura
1572 3753 1698 3806 disceret
1715 3752 1765 3808 bos
1782 3772 1856 3820 esse,

160 3875 188 3917 ao
206 3878 277 3931 quos
305 3858 442 3914 revelatio
473 3859 625 3914 docuisset.
671 3859 753 3914 Tunc
783 3866 898 3913 sauctus
922 3856 1061 3914 Silvester
1090 3859 1173 3913 misso
1201 3860 1319 3914 diacone
1344 3859 1493 3930 imaginem
1518 3859 1706 3930 apostolorum
1731 3860 1857 3916 exhiberi

206 3968 370 4040 praecepit,
406 3985 489 4038 quam
519 3968 672 4038 imperator
701 3967 841 4038 aspiciens
871 3967 980 4038 ingenti
1015 3967 1136 4020 clamore
1166 3966 1262 4037 eoepit
1293 3966 1388 4021 dicere
1419 3967 1494 4037 ipsos
1528 3985 1601 4028 csse,
1638 3984 1707 4038 quos
1738 3968 1859 4034 viderat,

205 4094 259 4130 nee
293 4075 401 4130 debere
437 4074 491 4128 iam
526 4073 640 4128 differre
676 4074 839 4145 episcopum
873 4074 1064 4128 ostensionem
1099 4073 1236 4144 piscinae,
1272 4091 1355 4143 <luam
1391 4074 1458 4128 istos
1493 4073 1651 4145 promisisse
1679 4092 1746 4128 suae
1775 4074 1858 4129 saluti

204 4181 387 4238 memorabat.

313 4313 372 4379 III.
408 4312 570 4378 Iohannes
594 4312 845 4400 (lbrysostomus
868 4314 902 4377 in
926 4311 1043 4377 omelia
1066 4311 1107 4374 de
1131 4313 1405 4399 superscriptione
1436 4312 1551 4399 psalmi
1577 4314 1856 4400 quinquagesimi:

159 4444 187 4485 ao
205 4426 355 4487 Pictores³
378 4431 523 4484 imitantur
553 4439 614 4484 arte
644 4437 772 4484 naturam
800 4437 830 4484 et
853 4429 962 4485 colores
986 4429 1124 4484 coloribus
1149 4429 1355 4499 penniseentes
1380 4430 1504 4483 visibiles
1528 4448 1675 4502 corporum
1698 4433 1858 4503 depingunt

204 4539 341 4608 imagines
365 4546 394 4592 et
419 4536 528 4592 saciant
549 4536 675 4591 homines
700 4543 730 4590 st
753 4535 883 4592 animalia
907 4544 938 4591 et
968 4535 1083 4590 arbores
1115 4543 1143 4588 et
1169 4553 1253 4606 reges
1282 4544 1311 4590 et
1336 4537 1453 4590 rusticos
1478 4545 1507 4592 et
1533 4538 1666 4592 barbaros
1691 4547 1721 4592 et
1746 4557 1858 4610 pugnas

205 4653 234 4700 et
259 4645 332 4699 rixas
362 4651 504 4698 torrentes
535 4644 701 4714 sanguinum
733 4649 763 4696 et
793 4642 908 4697 lanceas
939 4651 969 4696 et
997 4642 1097 4697 loricas
1121 4651 1151 4696 et
1174 4651 1256 4696 scuta
1280 4651 1310 4696 ct
1334 4644 1430 4698 sedem
1455 4644 1580 4714 regalem
1604 4653 1633 4698 et
1659 4646 1857 4716 imperatorem

204 4752 353 4806 sedentem
385 4758 416 4805 et
447 4751 596 4804 barbarum
626 4749 770 4804 subditum
801 4759 830 4804 et
860 4748 985 4821 gladium
1016 4757 1129 4804 acutum
1161 4759 1191 4803 et
1221 4749 1320 4804 fluvios
1353 4750 1539 4806 decurrentes
1570 4759 1599 4805 et
1631 4771 1743 4824 campos
1775 4753 1857 4806 variis

204 4857 320 4914 floribus
342 4858 494 4913 adornatos
518 4864 547 4910 ct
571 4856 672 4922 omnia,
703 4874 776 4927 qnae
808 4857 951 4922 videntur,
982 4875 1036 4928 por
1065 4865 1154 4910 artem
1179 4857 1323 4911 imitantes
1348 4857 1502 4912 mirabilem
1527 4858 1671 4914 historiam
1695 4859 1857 4913 videntibus

158 4978 187 5017 to
203 4971 362 5036 praestant.

312 5209 348 5259 ΙΙ.
377 5204 455 5271 alal
476 5207 606 5260 Silvester
623 5208 651 5259 in
669 5226 749 5274 marg.
769 5208 799 5258 P.
875 5210 907 5259 12
925 5203 989 5273 qua]
1008 5224 1089 5274 qnam
1109 5207 1140 5262 P.

311 5298 364 5347 ΙΙΙ.
393 5299 427 5347 35
446 5294 578 5361 Pictorss]
597 5297 740 5349 lohannes
759 5297 968 5363 chrysostomus
987 5297 1014 5347 in
1032 5315 1111 5362 marg.
1131 5297 1162 5348 P.

315 5550 343 5618 1)
368 5548 417 5622 G's.
435 5549 586 5607 Hadriani
600 5549 690 5625 epist,
715 5550 816 5608 Mane
830 5549 899 5620 ΧΠ,
917 5552 1006 5610 1057.
1044 5552 1077 5610 V.
1094 5550 1172 5608 Liar.
1191 5550 1318 5609 throtm.
1337 5551 1372 5607 ll
1382 5573 1405 5607 c.
1425 5555 1469 5610 13.
1540 5551 1571 5621 2>
1595 5551 1644 5624 Cs.
1662 5551 1696 5610 P.
1714 5553 1857 5627 &deffer-

204 5657 364 5728 Boiclsorst,
389 5655 586 5715 ‘Gamsmelsc
602 5657 760 5730 Schmflen’
785 5657 805 5714 1
824 5653 967 5732 (Berolini
981 5653 1081 5734 1903),
1101 5678 1133 5733 p.
1151 5661 1188 5717 19
1211 5677 1281 5714 aaa.
1299 5660 1347 5717 75.
1418 5659 1448 5728 3)
1472 5658 1615 5716 Iohannes
1634 5659 1856 5734 Chrysostomns,

157 5776 185 5816 an
203 5764 331 5822 Hornilia
351 5763 453 5840 apuria
476 5762 505 5821 in
528 5764 633 5820 titiam
652 5764 761 5839 psalmi
781 5764 1005 5840 quinquagesimi
1025 5761 1100 5840 §15
1125 5767 1198 5839 Opp.
1216 5765 1260 5821 ed.
1280 5764 1469 5836 Mcnrtsaaeon
1490 5765 1608 5834 V,572.
1652 5766 1683 5824 V.
1708 5766 1859 5824 Hadriani

203 5870 294 5947 epist,
319 5869 392 5928 Mo.
418 5869 496 5946 Fpp.
521 5871 552 5941 V,
567 5872 617 5930 48.
