4884 6717
720 556 774 613 50.
810 556 1030 614 CONCILIUM
1053 556 1283 613 PARISIENSE
1306 559 1343 613 A.
1364 556 1438 613 829.
1844 550 1908 613 609

221 813 223 818 ,
251 742 324 806 liter
354 741 395 807 de
427 742 524 829 paulo
559 744 708 830 superius
743 744 931 831 praemissis
962 745 1069 807 causis
1099 744 1192 807 iuxta
1221 742 1476 809 admonitionem
1511 743 1688 810 eorundem
1723 745 1909 832 principum

249 851 412 935 egerimus
442 849 494 913 vel
518 850 768 914 tractaverimus
800 860 897 937 atque
929 829 1147 931 statuerimus,
1178 851 1212 914 in
1240 848 1515 937 subsequentibus
1540 848 1683 915 breviter
1706 852 1908 938 capitulatim

249 955 405 1020 adnotare
431 957 627 1038 curavimus,
658 979 724 1020 non
755 979 836 1021 ausu
866 957 1040 1022 temerario
1072 970 1257 1022 sanctorum
1286 968 1415 1044 patrum
1440 957 1594 1022 terminos
1618 957 1906 1044 transgredientes,

249 1061 307 1127 sed
330 1064 448 1150 potius,
480 1062 530 1127 his
561 1062 734 1149 diligenter
763 1065 933 1149 perpensis
964 1075 1062 1150 atque
1092 1064 1285 1150 perspectis,
1316 1087 1375 1150 per
1405 1086 1461 1127 eos
1490 1075 1634 1127 nostram
1659 1075 1906 1152 ceterorumque

217 1168 392 1238 ofidelium
428 1172 529 1234 vitam
565 1172 729 1256 corrigere
765 1181 798 1234 et
827 1172 861 1234 in
891 1170 1006 1234 melius
1037 1170 1212 1235 informare
1244 1171 1423 1258 cupientes.
1477 1169 1604 1235 Eadem
1634 1193 1731 1257 porro
1763 1172 1907 1258 capitula

248 1299 456 1364 nequaquam
479 1275 609 1364 prolixa
631 1287 687 1341 aut
710 1276 876 1364 superflua
898 1276 1076 1342 iudicanda
1098 1288 1183 1341 sunt.
1218 1277 1347 1342 Idcirco
1372 1278 1458 1342 enim
1482 1276 1653 1364 prolixitas
1677 1299 1789 1341 eorum
1812 1290 1904 1343 tanta

249 1395 307 1462 est,
332 1384 497 1470 quoniam,
522 1406 563 1447 ne
588 1406 630 1447 ex
654 1395 764 1448 nostro
789 1383 887 1448 corda
910 1383 988 1448 ficta
1011 1406 1083 1448 esse
1107 1384 1307 1466 viderentur,
1331 1384 1514 1450 divinorum
1539 1384 1740 1472 eloquiorum
1765 1384 1905 1450 oraculis

249 1501 280 1553 et
304 1502 490 1554 sanctorum
514 1502 643 1577 patrum
667 1490 763 1555 dictis
788 1513 827 1554 ea
850 1492 977 1555 munire
1001 1513 1066 1554 non
1090 1489 1131 1555 ab
1156 1514 1191 1555 re
1215 1491 1442 1555 iudicavimus.

355 1631 450 1719 Cap.
481 1632 507 1699 Ι.
551 1631 673 1714 Quid
707 1635 905 1720 proprie
941 1633 994 1697 ad
1029 1633 1320 1719 religionem
1357 1632 1642 1699 Christianam
1678 1636 1904 1721 pertineat.

205 1769 230 1806 ιο
249 1737 376 1804 Causae
412 1739 454 1804 ad
477 1739 668 1825 religionem
700 1739 918 1805 Christianam
949 1742 1149 1826 pertinentes
1174 1751 1265 1805 sunt:
1297 1740 1431 1805 credere
1462 1742 1495 1804 in
1526 1751 1653 1827 patrem
1683 1751 1715 1805 et
1742 1741 1844 1806 filium
1873 1752 1906 1806 et

248 1846 403 1933 Spiritum
428 1859 587 1930 sanctum,
612 1847 754 1912 Domino
779 1850 811 1912 in
836 1847 1007 1933 evangelio
1023 1848 1178 1913 Iohannis
1202 1847 1349 1911 dicente:
1374 1848 1464 1913 Haec
1487 1862 1532 1913 est
1553 1863 1653 1913 autern
1679 1853 1744 1914 rita
1767 1865 1905 1930 aeterna,
1924 1874 2037 1926 roratas.

249 1970 280 2016 nt
309 1969 495 2042 cognoscunt
524 1970 561 2036 te,
592 1980 697 2019 rerurn
734 1955 844 2035 Deurn,
874 1971 902 2019 et
931 1981 1019 2042 quern
1052 1959 1172 2020 inssisti
1191 1955 1296 2019 Iesurn
1325 1954 1493 2020 Christum.
1541 1954 1622 2018 Item
1648 1954 1816 2041 discipulis
1840 1958 1903 2021 ait:

248 2061 366 2125 Euntes
391 2065 423 2125 in
447 2062 598 2125 mundum
622 2065 802 2126 uniuersum
821 2063 1009 2149 praedicate
1039 2063 1234 2149 euangelium
1263 2066 1352 2127 omni
1372 2078 1543 2127 creaturae.
1594 2061 1660 2140 Qui
1681 2063 1854 2128 crediderit
1877 2079 1906 2129 et
1923 2070 2034 2120 ¹⁸¹⁰·¹⁰2

248 2170 421 2255 bnptr'zatus
443 2170 553 2256 fuerit
582 2170 690 2232 sulcus
720 2171 788 2233 erit.
843 2169 887 2232 Et
916 2170 950 2233 in
979 2167 1151 2254 evangelio
1175 2168 1316 2231 blathei:
1348 2169 1435 2233 Date
1466 2183 1519 2248 est,
1550 2169 1666 2255 inquit,
1697 2170 1781 2234 mihi
1802 2174 1905 2236 omnis
1923 2124 2046 2228 llllllist·

205 2302 228 2340 rs
241 2291 380 2363 prrtestrrs
403 2279 437 2339 in
461 2276 547 2339 caelo
571 2291 598 2340 et
620 2278 655 2340 in
679 2291 773 2340 terre.
821 2277 868 2340 Ite
891 2301 974 2364 erpo,
1002 2277 1104 2341 docete
1135 2300 1240 2340 orienes
1266 2290 1381 2362 pentes,
1412 2277 1604 2362 baptisantes
1635 2301 1685 2340 eos
1716 2280 1749 2341 in
1780 2281 1904 2343 nomine
1937 2231 2023 2271 Ml

244 2386 349 2469 patris
373 2398 401 2446 et
417 2383 493 2468 filii
513 2398 541 2447 et
565 2381 708 2469 Spiritus
730 2386 841 2462 sancti,
873 2383 1015 2448 docentes
1045 2408 1095 2447 eos
1124 2407 1252 2447 serrare
1276 2385 1392 2463 ornnia,
1417 2407 1606 2468 quecumque
1630 2384 1786 2448 mandari
1807 2386 1902 2449 robis.

247 2488 384 2553 Paulus:
417 2488 494 2554 Sine
517 2490 588 2576 fide
620 2492 713 2569 enim,
745 2489 860 2575 inquit,
889 2492 1077 2576 inpossibile
1107 2504 1152 2554 ert
1177 2490 1306 2575 placere
1330 2490 1407 2554 Deo.
1456 2488 1620 2576 Itemque:
1658 2489 1792 2556 Credere
1823 2495 1906 2556 enr‘rn
1925 2497 2062 2590 {gfff-¹¹&

247 2610 365 2683 opertet
394 2621 455 2660 non
486 2596 690 2675 accedentem,
723 2599 799 2682 quic
831 2611 875 2661 est
904 2611 932 2661 et
965 2597 1196 2682 inquirentibus
1224 2621 1256 2661 se
1286 2610 1502 2661 remunerator
1531 2599 1581 2661 sit.
1629 2596 1754 2661 Extant
1785 2608 1817 2661 et
1840 2596 1905 2661 alia
1949 2580 1955 2593 ’

247 2702 340 2767 huius
364 2703 411 2766 rei
435 2703 606 2766 innumera
629 2700 834 2783 documenta,
866 2700 984 2789 quibus
1012 2701 1217 2789 perdocetur,
1251 2701 1390 2788 qualiter
1419 2701 1500 2766 fides
1524 2701 1645 2766 Christi
1675 2705 1815 2790 primurn
1846 2727 1902 2768 ex·

201 2837 228 2876 ro
246 2808 389 2895 petenda
413 2809 464 2888 sit,
495 2808 614 2874 deinde
646 2831 745 2895 opera
775 2809 853 2873 fidei
882 2809 1078 2890 exercenda,
1102 2810 1257 2896 quoniam
1280 2808 1373 2890 fides,
1404 2809 1468 2873 nisi
1491 2831 1591 2896 opera
1616 2808 1744 2892 habeat,
1775 2822 1903 2876 mortua

247 2929 296 2980 est
319 2916 353 2980 in
377 2916 562 3001 semetipsa,
588 2914 734 3002 apostolo
756 2914 878 2980 Iacobo
901 2926 1056 2980 testante:
1083 2916 1173 2981 Sicut
1195 2919 1288 2997 enirn,
1312 2916 1427 3003 inquit,
1452 2941 1566 3003 corpus
1589 2920 1657 2982 sine
1680 2921 1797 3003 spiritu
1820 2943 1903 2982 rnor-
1922 2940 2037 2990 naara.

246 3038 342 3104 nrum,
368 3026 411 3088 itc
436 3038 464 3088 et
478 3023 565 3110 fides
587 3026 655 3088 sine
679 3025 826 3110 operibus
848 3039 971 3088 mortua
995 3038 1047 3088 est.

353 3129 449 3194 Licet
472 3129 582 3216 itaque
607 3131 662 3210 ita,
686 3139 722 3193 ut
744 3131 921 3194 auctoritas
945 3128 1058 3193 dirina
1082 3129 1187 3211 docet,
1212 3129 1327 3193 cadem
1352 3130 1552 3216 percipiatur
1573 3128 1666 3210 tides,
1695 3151 1714 3193 a
1737 3128 1902 3217 plerisque

247 3247 366 3318 tamen,
391 3238 469 3323 quia
493 3234 647 3323 operibns
670 3258 735 3300 non
760 3235 966 3322 adimpletur,
991 3236 1097 3300 eidem
1118 3237 1303 3302 auctoritati
1319 3235 1461 3316 divinae,
1486 3237 1584 3300 immo
1601 3234 1788 3322 apostolicis
1804 3237 1902 3302 docu-

202 3367 229 3408 ro
247 3345 364 3407 mentis
389 3342 609 3430 superbiendo
633 3344 791 3425 renititur,
824 3365 961 3430 quorum
992 3342 1145 3430 exempla
1174 3344 1208 3406 in
1233 3353 1384 3430 promptu
1409 3344 1487 3407 satis
1511 3341 1707 3430 abundeque
1732 3341 1902 3409 habentur.

248 3449 462 3530 Quorundam
494 3451 591 3514 etiam
623 3451 868 3537 perversissime
900 3449 1152 3514 consuetudines
1183 3450 1402 3536 propriaeque
1425 3449 1602 3514 voluntatis
1633 3449 1823 3515 multimoda
1847 3451 1903 3516 ad·

247 3557 392 3620 inventio
417 3557 662 3636 contumaciter,
693 3555 781 3643 quod
808 3554 903 3620 valde
927 3555 1145 3643 periculosum
1170 3568 1229 3638 est,
1255 3555 1411 3637 efficiunt,
1435 3568 1471 3620 ut
1494 3579 1595 3643 opera
1617 3556 1695 3621 fidei
1718 3579 1838 3644 magna
1861 3581 1904 3622 ex

247 3675 339 3750 parte
363 3661 589 3749 neglegantur.
637 3662 703 3744 Qui
734 3662 810 3728 duur
842 3662 923 3748 legis
948 3661 1078 3727 divinae
1102 3673 1360 3749 transgressores
1391 3664 1545 3744 existunt,
1576 3663 1708 3729 easdem
1732 3677 1903 3729 consuetu·

248 3770 341 3834 dines
365 3769 428 3835 sibi
452 3770 558 3857 legem
583 3771 706 3835 faciunt
730 3783 762 3835 et
785 3769 963 3834 secundum
988 3793 1043 3835 eas
1068 3792 1103 3835 se
1127 3771 1240 3834 vivere
1264 3768 1388 3856 absque
1412 3771 1462 3834 sui
1485 3769 1673 3835 discrimine
1697 3782 1730 3835 et
1752 3793 1847 3858 posse
1871 3783 1904 3835 et

203 3876 369 3942 redebere
395 3877 604 3959 contendunt,
629 3900 687 3942 sua
711 3889 895 3965 querentes,
919 3900 984 3941 non
1008 3899 1092 3963 quae
1116 3877 1192 3942 Iesu
1216 3875 1348 3941 Christi.
1392 3876 1488 3958 Quod
1513 3887 1669 3964 quantum
1693 3877 1804 3942 divine
1827 3901 1903 3942 auc·
1921 3899 2081 3950 carruae.

249 3985 369 4049 toritati
395 3986 593 4049 contrarium
617 3985 668 4064 sit,
693 3996 836 4049 autnon
860 3983 1036 4049 advertunt
1060 3995 1116 4048 aut
1139 3995 1227 4047 certe
1244 3982 1505 4049 animadvertere
1523 3983 1721 4067 detrectant3
1747 3996 1902 4071 quantum

249 4092 345 4155 etiam
371 4090 413 4156 ob
444 4092 505 4156 hoc
536 4091 649 4177 religio
675 4090 862 4156 Christiana
892 4092 925 4155 in
957 4093 1004 4155 eis
1033 4090 1244 4177 periclitetur,
1275 4090 1370 4155 facile
1402 4091 1459 4177 qui
1489 4113 1604 4155 sanum
1635 4093 1721 4178 sapit
1750 4092 1902 4156 advertit.

250 4197 459 4285 Quapropter
481 4199 705 4285 unusquisque
728 4197 845 4279 fidelis,
870 4200 897 4262 si
922 4197 1033 4262 salvus
1058 4219 1130 4262 esse
1153 4196 1234 4276 vult,
1266 4208 1403 4284 oportet,
1427 4208 1463 4261 ut
1485 4198 1616 4261 remotis
1640 4198 1803 4284 perversis
1827 4221 1903 4263 con·

249 4303 485 4385 suetudinibus,
510 4327 593 4391 qnae
618 4304 797 4391 periculum
822 4305 1002 4369 animarum
1027 4314 1195 4391 generant,
1218 4303 1318 4369 fidem
1342 4303 1474 4384 Christi,
1500 4325 1597 4390 quarn
1621 4306 1777 4391 percepit,
1808 4303 1903 4369 bonis

206 4435 232 4474 n
249 4410 403 4498 operibus
427 4433 587 4475 exornare
611 4433 675 4475 non
699 4410 862 4497 neglegat.
909 4409 1046 4476 Constat
1069 4434 1159 4497 ergo,
1191 4410 1279 4498 quod
1307 4410 1576 4475 fundamentum¹
1601 4410 1806 4476 Christianae
1830 4411 1902 4477 reli-

249 4518 355 4604 gionis
377 4517 459 4582 fides
483 4517 526 4581 sit
555 4517 726 4598 catholica,
757 4516 818 4582 hoc
850 4529 899 4582 est
929 4518 1064 4582 credere
1095 4520 1128 4582 in
1159 4530 1285 4605 patrem
1316 4517 1472 4582 attilium
1504 4529 1537 4582 et
1560 4517 1715 4604 Spiritum
1744 4530 1901 4600 sanctum,

248 4648 348 4689 unum
373 4635 406 4688 et
429 4646 542 4689 verum
559 4624 679 4704 Deum,
703 4625 822 4689 trinum
838 4626 871 4688 in
892 4626 1040 4711 personis
1064 4637 1096 4689 et
1119 4648 1218 4689 unum
1243 4625 1277 4689 in
1301 4623 1498 4706 substantia3
1523 4624 1658 4689 credere
1682 4626 1790 4706 etiarn,
1815 4624 1903 4712 quod

249 4731 318 4796 sola
340 4753 482 4818 persona
504 4730 562 4795 filii
587 4754 646 4817 pro
662 4730 773 4795 ‘salute
798 4745 909 4796 nostra
932 4753 1065 4797 carnem
1089 4731 1317 4818 adsumpserit,
1342 4733 1374 4795 in
1399 4753 1464 4818 qua
1488 4743 1520 4796 et
1543 4755 1658 4819 passus
1682 4743 1732 4796 est
1750 4743 1783 4797 et
1797 4754 1903 4797 resur·

248 4839 333 4902 rexit
356 4851 388 4902 et
412 4839 446 4902 in
470 4837 578 4902 caelos
602 4837 759 4919 ascendit,
784 4860 859 4903 cum
883 4861 949 4925 qua
972 4841 1070 4904 etiam
1094 4837 1136 4903 ad
1159 4837 1316 4903 iudicium
1332 4850 1489 4903 venturus
1509 4851 1573 4920 est;
1598 4849 1631 4902 et
1647 4838 1791 4917 credere,
1816 4837 1903 4924 quod

203 4970 231 5009 ro
248 4967 307 5032 per
329 4944 489 5031 Spiritum
513 4955 661 5008 sanctum
684 4946 832 5010 remissio
856 4957 1066 5032 peccatorum
1089 4947 1123 5009 in
1146 4944 1341 5033 baptismate
1365 4945 1552 5010 conferatur
1581 4957 1614 5009 et
1641 4943 1729 5031 quod
1752 4942 1902 5009 lidelibus

248 5054 281 5115 in
304 5051 444 5117 ecclesia
469 5049 600 5132 Christi,
631 5052 777 5117 eiusdem
801 5055 906 5117 sancti
931 5051 1071 5140 Spiritus
1101 5051 1197 5133 dono,
1231 5075 1291 5139 per
1321 5052 1532 5116 ministerium
1563 5050 1765 5116 sacerdotale
1789 5063 1821 5115 et
1844 5073 1904 5138 per

247 5160 460 5245 penitentiam
484 5159 632 5223 remissio
656 5171 865 5245 peccatorum
888 5157 1112 5225 indubitanter
1134 5157 1355 5240 adtribuatur3
1387 5169 1419 5223 et
1449 5157 1537 5245 quod
1568 5157 1730 5244 generalis
1759 5158 1902 5223 omnium

248 5265 282 5329 in
304 5287 383 5330 vera
407 5287 505 5329 carne
529 5266 563 5328 in
587 5264 730 5330 adventu
754 5263 875 5330 Christi
898 5267 1094 5331 resurrectio
1117 5266 1227 5331 futura
1250 5266 1308 5349 sit;
1340 5277 1372 5330 et
1401 5264 1488 5352 quod
1518 5288 1614 5330 nosse
1638 5286 1902 5352 unumquemque

355 5515 544 5588 bprolixitas]
565 5519 785 5586 prolix...rrrs.
805 5520 836 5572 P.
910 5521 1044 5571 emuniri
1065 5519 1093 5568 1⁷.
1112 5519 1143 5570 P.
1173 5527 1176 5534 ’

203 5617 232 5658 st
356 5610 378 5660 1.
408 5612 440 5661 16
460 5604 517 5674 sos]
536 5625 583 5660 aas
603 5609 633 5660 P.
698 5611 732 5661 25
751 5604 878 5675 qnorum]
899 5624 1013 5675 quarum
1033 5609 1060 5659 V.
1081 5608 1111 5659 P.
1175 5603 1214 5674 in]
1234 5609 1270 5658 im
1290 5608 1321 5660 P.
1386 5609 1420 5659 32
1439 5602 1483 5673 ob]
1502 5610 1537 5659 ab
1557 5608 1585 5660 V.
1652 5609 1686 5659 35
1704 5606 1852 5674 neglegant
1871 5607 1902 5659 P.

249 5699 283 5748 42
302 5698 375 5763 quod
392 5699 459 5751 dmt
478 5699 505 5751 V.

357 5915 388 5984 1)
411 5914 482 5974 Inde
504 5915 541 5974 ab
564 5916 615 5973 soc
636 5915 720 5974 verbo
742 5933 830 5991 usque
844 5916 887 5973 ad
899 5916 989 5994 finem
1007 5914 1108 5991 eapitis
1124 5916 1233 5991 pendet
1246 5914 1347 5972 relatio
1362 5914 1555 5991 episcopm
1579 5935 1603 5972 c.
1621 5918 1654 5984 1,·
1678 5916 1696 5971 l.
1713 5916 1732 5971 l.
1748 5914 1789 5985 ΙΙ,
1805 5919 1901 5990 28η.

303 6031 347 6074 ur.
360 6030 460 6072 mnam
473 6033 504 6075 rr
1654 6037 1687 6087 tt
