4884 6717
544 531 610 594 802
969 541 1021 596 or.
1057 539 1278 600 coacturus
1300 529 1622 599 meannsluausa
1645 543 1683 598 s.
1703 540 1779 598 sto.

544 747 623 813 ergo
653 736 809 812 peccator
838 739 1045 813 peccatorem
1074 727 1163 793 licite
1193 727 1372 811 damnabit,
1404 729 1432 792 si
1460 751 1523 794 nec
1545 729 1666 795 iustum
1693 729 1764 794 sinc
1787 726 2013 794 misericordia
2036 729 2201 815 corripere

366 858 526 910 erasurum.
544 832 647 897 sinit?
694 832 897 898 Semivivum
928 856 1058 921 quoquc
1088 858 1109 898 a
1138 834 1328 917 latronibus,
1359 834 1396 900 id
1424 847 1475 901 est
1504 857 1524 900 a
1553 835 1643 901 vitiis
1672 834 1863 901 mortalibus
1893 845 2100 923 prostratum,
2135 857 2201 900 non

545 938 776 1022 damnandum,
801 938 860 1004 sed
883 940 1101 1027 reparandum
1124 940 1249 1028 ligandi
1272 941 1486 1029 solvendique
1510 952 1705 1030 potestatem
1734 941 1932 1008 habentibus
1959 941 2073 1007 divina
2095 942 2200 1029 pietas

545 1046 665 1111 sanctis
696 1046 937 1112 commendavit
967 1045 1162 1130 stabulariis,
1197 1047 1317 1135 quibus
1350 1071 1416 1113 non
1447 1059 1574 1114 tantum
1604 1048 1646 1113 de
1676 1050 1782 1135 pretio
1812 1048 1950 1114 duorum
1981 1048 2201 1130 denariorum,

545 1175 659 1218 verum
682 1154 780 1218 etiam
805 1152 846 1218 de
869 1155 1003 1240 propria
1026 1153 1186 1240 largitatis
1208 1155 1332 1242 pietate
1355 1177 1590 1242 supererogare
1607 1155 1802 1221 condolendi
1819 1178 1859 1221 ac
1875 1154 2052 1243 reparandi
2071 1156 2232 1241 copiams

391 1286 527 1336 auersas.
545 1261 656 1342 suasit,
687 1283 761 1326 cum
786 1261 885 1326 dixit:
913 1261 1134 1348 Quodcumque
1157 1265 1433 1351 uspereropavers'e
1456 1286 1520 1349 ego,
1544 1287 1613 1327 cum
1637 1263 1773 1344 rediero,
1796 1263 1931 1329 reddant
1954 1264 2031 1345 ts’bt‘3
2060 1263 2146 1327 sicut
2168 1270 2201 1327 et

544 1368 578 1430 in
602 1367 772 1454 discipulis
794 1389 861 1432 non
884 1368 1019 1432 minima
1042 1366 1198 1432 divinitus
1221 1368 1430 1433 manifestata
1446 1378 1495 1433 est
1510 1367 1745 1456 recuperabilis
1761 1369 1947 1452 auctoritas,
1972 1391 2047 1434 cum
2070 1369 2104 1433 iu
2127 1391 2200 1456 pas·

332 1481 525 1576 atfflffigstlgt
545 1475 636 1538 sione
660 1473 824 1539 dominica
846 1475 1017 1560 promissa,
1040 1496 1117 1538 mox
1141 1486 1251 1539 tamen
1267 1476 1402 1539 mentita
1418 1485 1468 1539 est
1482 1474 1716 1561 perseverandi
1732 1477 1924 1559 constantia,
1948 1485 2023 1562 post
2037 1496 2201 1540 resurrec-

312 1563 524 1640 ²⁸2³⁸1sa⁶⁹isa
544 1582 666 1646 donam
697 1592 805 1645 autern
836 1582 1003 1667 increpata
1032 1579 1244 1645 incredulitas
1275 1593 1307 1645 et
1336 1580 1435 1646 stulta
1464 1581 1572 1646 cordis
1602 1581 1733 1646 darida,
1779 1581 1920 1669 Negatio
1951 1603 2081 1669 quoque
2111 1581 2201 1645 Petri

545 1689 644 1751 anxia
666 1710 732 1752 non
755 1688 982 1776 perditionem,
1006 1687 1065 1752 sed
1088 1689 1314 1752 remissionem
1338 1689 1465 1752 meruit.
1500 1687 1539 1751 In
1559 1687 1677 1775 quibus
1700 1687 1851 1755 omnibus
1875 1688 1980 1775 culpis
2003 1688 2200 1775 compuncti,
2220 1713 2247 1753 ro

545 1796 605 1858 etsi
629 1795 781 1881 correpti,
805 1817 1012 1881 nequaquam
1036 1805 1145 1859 tamen
1169 1792 1299 1877 abiecti,
1324 1793 1384 1859 sed
1406 1796 1513 1880 potius
1536 1796 1681 1882 pristinis
1705 1794 1919 1882 dignitatibus
1943 1796 2092 1877 restituti,
2123 1796 2200 1859 viri-

545 1900 618 1964 liter
640 1913 756 1987 postea
778 1900 820 1965 ad
843 1913 981 1966 mortem
1005 1923 1108 1986 usque
1133 1911 1342 1965 certaverunt
1364 1901 1519 1966 mandata
1542 1923 1674 1966 servare
1696 1903 1856 1988 magistri.

652 2024 787 2090 Talibus
819 2025 950 2112 quidem
982 2024 1102 2089 divinis
1133 2026 1295 2090 animatus
1325 2023 1505 2107 beneficiis,
1537 2037 1749 2112 compunctus
1779 2027 1814 2090 in
1844 2026 2040 2113 supradictis
2072 2025 2201 2092 delictis

545 2134 636 2214 meis,
661 2133 688 2195 si
712 2133 745 2196 in
769 2133 933 2219 prosperis
956 2131 1064 2218 legem
1080 2132 1215 2195 Domini
1239 2130 1381 2217 neglexi,
1406 2130 1448 2196 ad
1472 2133 1576 2219 ipsam
1599 2132 1634 2195 in
1657 2131 1804 2197 adversis
1828 2132 2014 2220 compulsus
2037 2133 2131 2214 redii,
2155 2134 2202 2198 ita

545 2250 589 2320 ut,
615 2240 642 2301 si
666 2261 762 2325 quem
786 2237 909 2303 inlicite
932 2239 1023 2321 laesi,
1054 2238 1238 2302 laedentem
1268 2239 1381 2324 utique
1412 2239 1445 2301 in
1476 2237 1623 2303 adversis
1653 2239 1738 2303 ferre
1770 2238 1913 2321 decrevi,
1944 2240 1973 2304 si
2000 2238 2078 2326 quid
2102 2239 2199 2305 alicui
2220 2261 2245 2302 rs

409 2362 526 2405 sinna.
545 2347 664 2410 iniuste
688 2345 818 2427 abstuli,
851 2345 1012 2409 auferenti
1042 2345 1151 2409 omnia
1181 2366 1389 2431 nequaquam
1413 2345 1527 2426 restiti,
1552 2344 1610 2409 sed
1633 2345 1741 2433 potius
1764 2344 1893 2410 sublata
1914 2347 2027 2410 tunica
2050 2347 2201 2410 etiamst
2222 2375 2225 2381 ¹

437 2417 499 2464 Μ’
544 2452 679 2539 pallium
703 2451 830 2538 reliqui,
862 2454 890 2515 si
921 2451 1079 2539 quosdam
1104 2453 1226 2515 amicos
1249 2451 1392 2537 neglexi,
1424 2452 1590 2516 enimvero
1614 2452 1763 2515 inimicos
1787 2451 1934 2538 diligere,
1965 2475 2024 2539 pro
2048 2475 2200 2539 persecu-

545 2557 669 2623 toribus
700 2581 792 2623 orare
823 2582 889 2623 non
916 2560 1020 2624 renui.
1068 2558 1188 2645 Sicque
1220 2558 1442 2622 satisfactione
1474 2556 1613 2645 supplici
1645 2557 1771 2622 furores
1802 2560 2018 2623 saevientium
2049 2560 2199 2645 mitigare

546 2668 649 2751 magis
681 2689 778 2754 quam
811 2666 854 2730 ad
884 2667 997 2754 peiora
1019 2687 1201 2752 provocare
1226 2664 1363 2729 docente
1387 2664 1529 2729 Domino
1553 2663 1679 2746 studui3
1711 2675 1745 2729 et
1775 2666 1860 2729 sicut
1881 2675 1959 2730 tunc
1982 2666 2016 2729 in
2039 2667 2199 2752 pressuris

546 2773 680 2838 consilio
711 2772 918 2838 sacerdotum
941 2771 1044 2837 tribus
1069 2795 1143 2837 cum
1166 2769 1405 2836 familiaribus¹
1435 2781 1563 2836 secreta
1593 2770 1817 2836 conlocutione
1848 2773 1986 2858 primum
2017 2772 2200 2837 dominicae
2218 2793 2247 2834 so

369 2905 526 2954 uersuum.
547 2880 799 2967 praedicationis
818 2878 905 2944 illam
921 2879 1143 2943 fidelissimam
1159 2879 1284 2964 arripui
1299 2879 1494 2942 sententiam
1511 2877 1690 2942 dicentem:
1715 2877 1942 2944 Paenitentiam
1966 2882 2059 2967 cpite,
2083 2905 2199 2968 appro-

542 2990 715 3074 pinquabit
744 2991 827 3053 euim
856 3012 983 3075 regnunt
1016 2988 1184 3066 caelorum,
1218 2987 1264 3050 ita
1294 2996 1327 3050 et
1356 3007 1453 3066 nune,
1489 2984 1621 3070 expleto
1651 2986 1802 3071 septenni
1836 2987 1952 3071 spatio,
1988 3009 2052 3073 quo
2083 2989 2200 3051 ceteris

547 3091 788 3180 poenitentibus
815 3093 1017 3178 gravissimis
1048 3091 1089 3156 de
1120 3091 1310 3156 criminibus
1341 3092 1375 3155 in
1404 3102 1517 3156 sancta
1552 3090 1693 3156 ecclesia
1727 3091 1809 3156 solet
1837 3091 1997 3158 celebrari
2020 3094 2167 3157 remissio
2178 3099 2199 3176 ²,

547 3199 684 3264 candem
709 3201 942 3264 conscientiam
966 3221 1073 3263 meam
1096 3199 1175 3262 viris
1199 3197 1265 3262 Dei
1288 3196 1438 3263 fidelibus
1462 3196 1581 3285 pando,
1613 3220 1694 3284 quos
1725 3210 1757 3262 et
1785 3198 1827 3263 ad
1851 3210 2019 3264 aeternum
2043 3200 2199 3264 auxilium

547 3308 734 3371 meritorum
758 3329 893 3369 suorum
912 3304 1076 3392 praesidio
1100 3305 1216 3390 suplex
1239 3304 1320 3368 mihi
1343 3302 1483 3369 libenter
1505 3304 1663 3387 adscisco,
1689 3306 1841 3390 quatinus
1865 3306 1993 3371 initium
2017 3306 2199 3372 devotionis
2218 3326 2245 3366 ss

387 3438 528 3482 crissen.
546 3436 651 3494 meac,
674 3436 716 3477 ne
740 3411 833 3477 labor
855 3423 966 3477 noster
988 3413 1030 3475 sit
1053 3412 1169 3492 inanis,
1193 3412 1226 3475 in
1242 3411 1385 3475 Domino
1402 3411 1637 3498 perfectionem
1653 3411 1737 3477 iuste
1754 3423 1786 3476 et
1801 3413 1855 3499 pie
1871 3412 2014 3478 vivendo
2037 3426 2201 3480 mereatur

433 3493 481 3540 Μ’
547 3520 661 3585 saltern
693 3522 727 3583 in
758 3519 811 3583 die
841 3518 965 3599 ultimo,
995 3519 1043 3582 ita
1072 3528 1108 3582 ut
1138 3518 1315 3604 praeterita
1345 3516 1443 3603 digne
1474 3516 1595 3582 deflere
1626 3539 1754 3582 merear
1783 3529 1816 3583 et
1844 3519 1885 3584 de
1909 3519 2137 3607 praesentibus
2160 3543 2199 3585 ac

406 3652 528 3701 rursu.
546 3627 663 3691 futuris
688 3626 889 3708 excessibus,
923 3623 1052 3689 Christo
1076 3624 1227 3710 propitio,
1257 3625 1383 3688 cautior
1411 3646 1481 3689 esse
1510 3623 1648 3688 valeam.
1695 3625 1854 3691 Dominus
1876 3641 1989 3709 auum,
2019 3652 2077 3692 rex
2098 3642 2200 3693 noster

547 3750 617 3799 ante
646 3736 783 3814 saecula,
815 3736 874 3819 qui
901 3747 930 3797 et
959 3746 1105 3819 operatus
1129 3745 1173 3795 est
1194 3732 1326 3795 saltuem
1350 3734 1385 3795 in
1408 3732 1511 3797 medio
1535 3746 1647 3812 terrae,
1678 3732 1834 3818 gaudium
1857 3755 1929 3797 esse
1953 3733 2143 3820 angelorum
2165 3735 2200 3798 in

369 3865 528 3916 cunerono.
547 3840 638 3905 caelo
669 3838 850 3927 publicavit
877 3861 976 3924 super
1004 3860 1069 3901 uno
1100 3847 1274 3923 peccatore
1304 3838 1536 3923 poeniteutiam
1568 3849 1696 3924 agente.
1744 3838 1952 3926 Quapropter
1981 3841 2199 3927 periculosum
2218 3867 2247 3907 sc

548 3958 597 4011 est
620 3945 809 4011 mortalibus
833 3945 1003 4032 despicere
1027 3945 1061 4007 in
1083 3945 1189 4026 terris,
1214 3943 1255 4007 de
1273 3942 1391 4030 quibus
1407 3954 1489 4008 teste
1505 3954 1596 4009 tanta
1611 3947 1748 4010 veritate
1765 3946 1899 4032 angelos
1916 3958 2042 4012 constat
2056 3948 2199 4033 gaudere

547 4056 581 4119 in
605 4053 715 4119 caelis.
758 4051 884 4134 Quodsi
899 4053 963 4115 mei
981 4050 1065 4115 ultra
1081 4073 1145 4114 non
1170 4050 1291 4115 fuerint
1314 4050 1471 4115 dominati
1495 4073 1601 4116 mores
1624 4054 1725 4135 noxii,
1750 4053 1859 4135 credo,
1883 4053 1971 4140 quod
1993 4054 2082 4119 fonte
2106 4055 2199 4119 lacri-

410 4187 529 4235 mnss.
548 4183 673 4226 marum
698 4158 826 4225 ablutus
850 4158 1047 4246 quandoque
1072 4168 1200 4222 etcum
1226 4158 1343 4222 ceteris
1368 4157 1658 4244 ingemiscentibus
1689 4162 1857 4226 observabo
1886 4186 1934 4225 nse
1963 4163 2003 4226 ab
2035 4164 2200 4248 iniquitute

430 4241 505 4290 Μ’
548 4295 616 4334 ntea
639 4284 668 4334 et
689 4268 882 4334 emundabor
902 4294 922 4331 c
940 4267 1052 4331 delicto
1075 4268 1223 4329 mammo.
1260 4264 1334 4329 Non
1351 4287 1429 4350 ergo
1445 4264 1530 4347 ficta,
1555 4263 1614 4328 sed
1630 4264 1841 4331 devotissima
1856 4267 2046 4350 intentione,
2069 4269 2199 4332 nemine

547 4375 723 4456 iudicante,
748 4372 806 4437 sed
829 4395 936 4459 neque
960 4371 1187 4452 interdicente,
1215 4371 1274 4434 sed
1296 4372 1450 4435 universo
1474 4370 1616 4456 benigno
1640 4371 1841 4438 adsentiente
1866 4385 2039 4456 conventu,
2065 4373 2198 4439 iubente
2218 4401 2245 4441 rs

547 4483 690 4547 Domino
721 4503 780 4567 pro
811 4478 988 4544 concordia
1018 4489 1050 4542 ct
1079 4477 1344 4542 reconciliatione
1375 4478 1521 4543 fraterna
1551 4477 1719 4566 hucusque
1746 4479 1862 4566 reliqui
1886 4504 2003 4545 munus
2027 4479 2198 4546 oblationis

411 4613 528 4655 unus.
547 4612 639 4655 meae
670 4598 746 4653 ante
778 4586 879 4651 altare
911 4584 1063 4672 adeptam
1093 4606 1197 4671 usque
1225 4584 1432 4650 concordiam
1458 4583 1714 4650 ecelesiasticam
1743 4596 1776 4651 et
1798 4597 1885 4669 tunc,
1909 4587 2021 4652 divino
2044 4589 2199 4654 instinctu

436 4667 500 4716 ψ’
546 4696 641 4776 fidus,
672 4697 807 4759 veniens
839 4694 943 4778 sategi
967 4692 1083 4757 offerre
1111 4714 1228 4755 munus
1258 4714 1376 4772 meum,
1408 4691 1449 4755 de
1480 4692 1621 4778 propriis
1652 4692 1813 4778 siquidem
1841 4695 1971 4780 scriptis
2001 4695 2082 4759 meis
2106 4695 2198 4782 quasi

548 4802 688 4890 quadam
712 4799 926 4865 inrevocabili
950 4799 1028 4864 mihi
1053 4799 1238 4885 conscripta
1261 4799 1432 4863 sententia.
1480 4797 1515 4863 Si
1546 4821 1643 4884 quem
1673 4798 1783 4886 aliqua
1806 4800 2006 4866 scandalizet
2029 4800 2198 4884 dubitatio,

548 4933 625 4974 ecce
649 4908 702 4973 hic
726 4907 876 4995 adposita
899 4918 948 4971 est
966 4905 1081 4970 eadem
1105 4907 1275 4970 immutata
1291 4905 1540 4991 conscriptionis
1555 4904 1670 4989 forms,
1696 4927 1853 4993 expressa
1867 4929 1927 4993 per
1943 4907 2072 4994 singula
2086 4906 2198 4990 verba,
2218 4933 2247 4973 so

548 5027 583 5081 ut
606 5014 842 5080 scandalizanti
865 5014 956 5078 fratri
980 5012 1130 5095 sufficiat,
1162 5010 1249 5099 quod
1276 5011 1358 5076 haec
1382 5011 1424 5076 de
1449 5022 1537 5076 certo
1562 5012 1697 5076 crimine
1721 5035 1918 5100 quemquam
1939 5013 2123 5081 nullatcnus
2146 5037 2199 5079 ac·

549 5136 641 5188 cusat
663 5122 793 5187 dicens:

656 5352 818 5421 tricorum]
838 5357 991 5409 divinorum
1012 5355 1039 5407 S.
1096 5357 1130 5407 32
1150 5354 1330 5421 lacrymarum
1350 5355 1378 5406 S.
1435 5357 1469 5406 38
1487 5355 1577 5422 sategi
1595 5354 1656 5406 cdd.
1674 5372 1687 5407 e
1704 5356 1768 5407 coni.
1828 5359 1862 5408 39
1881 5352 2048 5425 conscripta]
2068 5359 2201 5424 quaedam

548 5450 609 5501 cdd.
628 5448 658 5500 S.
730 5451 764 5498 40
783 5443 837 5511 hic]
858 5448 898 5497 sic
918 5445 946 5498 S.

659 5684 689 5755 1)
713 5683 835 5741 Drsbiurn
855 5690 903 5751 est,
926 5689 1019 5738 utrum
1038 5681 1184 5736 aHudatur
1202 5680 1246 5735 ad
1261 5687 1317 5736 tres
1335 5678 1479 5754 episcopos
1497 5678 1582 5752 infra
1601 5673 1723 5755 (1280ss
1741 5675 1862 5757 Νη.)
1885 5681 2044 5739 norninatos
2066 5701 2105 5740 au
2128 5680 2200 5752 illos
2219 5695 2249 5737 aa

550 5811 668 5868 quorum
690 5791 805 5849 nomina
829 5796 943 5846 erstunt
964 5788 1046 5863 apud
1068 5786 1263 5843 Ftodoardcm
1288 5778 1328 5860 (u.
1352 5805 1442 5862 supra
1461 5806 1494 5862 p.
1513 5789 1573 5845 699
1596 5787 1615 5842 l.
1634 5781 1772 5865 34sqq.).
1872 5787 1903 5857 2)
1930 5785 1978 5859 Os.
2005 5785 2079 5846 ΜΟ.
2105 5785 2200 5864 Capit.

551 5897 592 5967 ΙΙ,
610 5901 672 5956 680
693 5919 716 5954 s.
741 5918 765 5954 u.
784 5894 969 5972 poenitentia.
