4884 6717
691 543 745 599 44.
781 544 998 602 CONCILIUM
1022 546 1251 604 PARISIENSE
1275 547 1311 603 A.
1333 547 1409 604 825.
1813 544 1878 607 507

222 729 264 794 ob
289 729 349 795 boc
373 738 506 815 propter
528 729 653 795 licitum
677 732 795 796 mentis
819 731 972 796 affectum
997 734 1103 818 pictas
1119 734 1172 798 vel
1188 733 1281 798 fictas
1298 734 1527 799 similitudines
1543 748 1729 802 sanctorum
1745 735 1878 818 videris,

219 848 255 900 ut
277 835 349 900 illas
373 846 429 900 aut
452 835 600 901 destruas
624 847 679 901 aut
702 837 874 902 inridendo
898 838 1100 904 subsannare
1125 839 1257 904 debeas.

327 941 548 1023 Quamobrem
571 955 708 1030 uterque
730 945 911 1009 monendus
928 958 987 1024 est,
1012 957 1048 1010 nt
1063 958 1178 1011 neuter
1193 960 1338 1012 vestrum
1356 950 1440 1014 sicut
1456 948 1620 1035 qnondam
1636 949 1845 1015 Bardesanus
1857 955 1878 1031 ¹,

219 1071 379 1114 novarum
402 1048 671 1115 adinventionum
695 1051 940 1137 superstitiosus
966 1062 1101 1134 amator,
1133 1052 1192 1118 sed
1221 1055 1307 1119 sicut
1335 1077 1413 1119 rere
1438 1056 1617 1122 catholicus
1641 1055 1877 1122 studiosissime

184 1188 198 1228 a
220 1167 357 1221 matrem
377 1157 542 1236 virtutum,
568 1155 796 1221 discretionem
821 1159 854 1220 in
879 1157 1030 1223 omnibns
1056 1181 1191 1223 servans
1215 1160 1386 1247 zelumque
1403 1162 1467 1226 Dei
1491 1185 1556 1227 non
1580 1162 1759 1228 secundum
1782 1163 1877 1228 fatui·

220 1273 319 1327 tatem
343 1263 575 1348 insipientium,
600 1261 658 1326 sed
682 1263 860 1328 secundum
885 1265 1038 1329 virtutem
1063 1267 1260 1352 sapientium
1276 1269 1308 1331 in
1326 1267 1469 1333 Domino
1485 1267 1620 1350 habens,
1644 1291 1706 1333 nec
1728 1268 1782 1333 ille
1806 1269 1877 1334 dili·

220 1368 327 1454 gendo
351 1391 412 1432 nec
435 1370 496 1432 iste
521 1370 791 1455 contempnendo,
823 1369 909 1435 ultra
939 1394 1036 1457 quam
1070 1385 1218 1458 oporteat
1242 1373 1359 1438 dextra
1381 1374 1520 1462 levaque
1543 1375 1766 1457 transiliendo,
1789 1378 1877 1441 viam

220 1475 423 1540 rectitudinis
443 1477 578 1540 amittat.
615 1474 680 1541 Sed
705 1477 782 1563 qnia
805 1478 850 1540 itu
873 1476 1022 1564 plerique
1047 1480 1231 1564 pertinaces
1255 1492 1339 1560 sunt,
1364 1493 1399 1545 ut
1417 1483 1543 1547 ratione
1566 1481 1654 1547 flecti
1669 1505 1876 1570 nequaquam

222 1583 355 1668 possint,
381 1582 413 1646 hi
430 1584 545 1664 merito
561 1593 675 1647 sancta
691 1585 884 1648 anctoritate
901 1585 1080 1671 quassandi
1096 1597 1181 1666 sunt,
1206 1598 1242 1651 ut
1258 1586 1362 1651 saltim
1379 1588 1473 1652 fracti
1491 1588 1685 1653 medicinam
1706 1601 1875 1676 quaerant.

177 1740 203 1778 ιο
328 1707 475 1794 Epistola
494 1707 582 1772 beati
600 1706 751 1793 Gregorii
767 1731 883 1795 papae.
920 1707 1100 1793 Gregorius
1121 1709 1246 1774 Sereno
1270 1712 1423 1797 episeopo
1443 1711 1656 1777 Massiliensi:
1681 1720 1877 1779 Littersmm²

220 1833 330 1879 tuarum
354 1825 506 1896 primordia
528 1826 569 1880 itu
592 1826 798 1880 sacerdotalem
823 1826 850 1878 in
875 1832 904 1880 te
930 1843 992 1881 esse
1009 1826 1231 1881 benivolentiam
1256 1828 1499 1895 demonstrabant,
1523 1836 1555 1883 ut
1578 1831 1665 1884 maior
1687 1830 1769 1885 nobis
1791 1830 1876 1886 fieret

221 1932 257 1985 de
281 1930 461 1987 fraternitate
485 1942 535 1987 tua
558 1932 684 1998 laetitia3
717 1932 767 1986 sed
798 1939 909 1986 tautum
941 1949 1035 1986 earnm
1065 1931 1129 1986 finis
1153 1951 1171 1988 a
1194 1934 1251 1987 suis
1275 1935 1410 1989 dissensit
1433 1936 1530 2003 initiis,
1561 1945 1594 1990 ut
1622 1954 1676 1991 non
1701 1938 1793 2001 unius,
1823 1939 1875 1993 sed

221 2039 393 2093 diversarum
418 2056 480 2094 esse
504 2040 641 2094 mentium
665 2038 729 2093 talis
754 2040 921 2093 crederetur
945 2038 1075 2109 epistola.

327 2136 370 2200 Et
393 2150 466 2222 post
489 2158 595 2222 pauca
619 2137 651 2199 ln
676 2135 790 2199 eadem
815 2134 967 2199 scribitur
990 2135 1143 2222 epistola:
1176 2143 1344 2202 Perlatnm³
1365 2148 1505 2219 siquidem
1529 2149 1565 2203 ad
1589 2168 1639 2204 nos
1662 2150 1768 2216 fuerat,
1798 2151 1875 2222 qnod

177 2271 203 2311 ts
221 2251 429 2308 inconsiderato
452 2252 513 2307 zelo
537 2269 689 2307 succensus
712 2260 871 2306 sanctomm
894 2253 1031 2323 imagines
1055 2253 1107 2306 snb
1131 2252 1182 2307 hae
1203 2255 1283 2324 quasi
1300 2255 1492 2323 excusatione,
1516 2274 1553 2310 ne
1570 2258 1680 2312 adorari
1696 2258 1874 2325 debuissent,

221 2358 425 2430 confringeres.
460 2359 498 2412 Et
522 2359 647 2429 quidem,
671 2359 738 2429 quia
762 2376 810 2413 eas
833 2359 945 2413 adorari
967 2360 1118 2424 vetuisses,
1142 2361 1254 2414 omnino
1277 2359 1461 2428 laudavimus,
1487 2362 1606 2434 fregisse
1627 2381 1693 2419 vero
1717 2363 1873 2435 repreben-

221 2466 322 2520 dimus.
369 2465 434 2532 Dic,
458 2465 557 2532 frater,
581 2485 599 2520 a
622 2484 677 2536 qno
700 2466 807 2519 factum
830 2467 980 2520 sacerdote
1004 2465 1157 2536 aliquando
1181 2467 1309 2521 auditum
1334 2475 1378 2522 est
1402 2470 1478 2539 quod
1502 2468 1617 2524 fecisti?
1664 2469 1693 2525 si
1717 2488 1773 2525 non
1796 2471 1873 2525 aliud

220 2572 266 2628 vel
296 2573 366 2628 illud
397 2581 427 2626 te
459 2589 513 2626 non
544 2551 644 2626 debuit
674 2572 830 2627 revocare?
876 2572 1022 2643 Dispertis
1052 2572 1114 2627 aliis
1143 2572 1278 2628 fratribus
1308 2575 1395 2628 solum
1426 2585 1455 2630 te
1479 2585 1607 2631 sanctum
1639 2587 1669 2632 et
1693 2595 1756 2633 esse
1780 2578 1873 2633 credis

220 2681 400 2751 sapientem?
446 2679 534 2733 Aliud
558 2687 602 2734 est
634 2679 708 2732 enirn
738 2679 877 2749 picturam
900 2680 1029 2744 adorare,
1061 2678 1137 2733 aliud
1167 2681 1297 2751 picturae
1327 2681 1443 2736 historia
1472 2683 1540 2753 quid
1565 2683 1601 2737 sit
1625 2685 1797 2739 adorandum
1820 2685 1871 2739 sd·

175 2804 202 2844 to
221 2787 341 2841 discere.
389 2787 460 2840 Nam
484 2787 559 2857 quod
582 2785 746 2856 legentibus
769 2786 919 2856 scripturn,
944 2787 996 2841 boc
1019 2786 1114 2841 idiotis
1137 2794 1266 2857 praestat
1290 2788 1402 2858 pictura
1431 2791 1624 2854 cernentibus,
1657 2792 1722 2861 quia
1753 2792 1780 2845 in
1811 2792 1873 2863 ipsa

220 2895 382 2965 ignorantes
412 2893 511 2948 rident
542 2893 617 2963 qnod
640 2892 723 2963 sequi
747 2893 883 2958 debeant,
915 2893 943 2946 in
974 2893 1035 2964 ipsa
1064 2892 1165 2965 legunt
1196 2894 1245 2965 qui
1275 2894 1387 2950 litteras
1417 2896 1558 2950 nesciunt.
1606 2896 1690 2952 Unde
1718 2899 1871 2970 praecipue

219 3002 353 3072 gentibus
376 3000 573 3072 proiectione
597 3000 708 3071 pictura
732 3011 787 3065 est,
810 3000 887 3069 quod
911 3018 1081 3070 magnopere
1106 3018 1123 3054 a
1146 3009 1187 3068 te,
1219 3002 1267 3071 qui
1298 3002 1373 3056 inter
1395 3010 1498 3072 gentes
1521 3002 1642 3068 habitas,
1673 3005 1792 3059 adtendi
1820 3006 1871 3060 de-

220 3116 329 3174 cuerat,
359 3126 408 3176 ne,
438 3107 504 3160 dmn
527 3115 606 3162 recto
629 3105 690 3161 zelo
714 3107 828 3160 incaute
853 3107 1044 3172 succenderis,
1075 3106 1218 3162 ferocibus
1247 3108 1346 3162 animis
1369 3109 1532 3164 scandalum
1555 3128 1720 3182 generares.
1767 3112 1871 3184 Frangi

221 3232 288 3286 ergo
310 3232 366 3269 nou
389 3214 490 3268 debuit
514 3215 589 3284 quod
620 3231 674 3268 uon
702 3213 738 3267 ad
762 3214 934 3268 adorandum
959 3214 986 3268 in
1011 3213 1149 3280 ccelesiis,
1179 3215 1232 3269 sed
1263 3215 1443 3270 instruendas
1473 3216 1645 3271 solummodo
1675 3224 1786 3274 mentes
1816 3218 1872 3273 fuit

174 3337 201 3377 aa
220 3321 405 3376 nescientium
425 3320 607 3386 collocatnm3
632 3327 663 3375 et
686 3320 753 3391 qnia
775 3320 803 3374 in
827 3320 896 3374 loeis
911 3321 1122 3376 venerabilibus
1145 3329 1305 3376 sanctorum
1321 3323 1436 3393 depingi
1454 3323 1597 3379 historiam
1612 3343 1667 3378 non
1683 3325 1745 3378 sine
1762 3327 1870 3380 ratione

219 3435 348 3482 vetustas
371 3428 493 3483 admisit.

325 3525 369 3589 Et
391 3537 464 3612 post
488 3547 594 3611 pauca
617 3525 779 3610 sequitur:
811 3531 1013 3589 Convocandi⁴
1038 3535 1111 3589 enim
1135 3544 1199 3589 sunt
1225 3536 1328 3590 diversi
1354 3536 1492 3592 eeclesiae
1516 3536 1565 3591 rilii
1590 3539 1689 3609 eisque
1713 3540 1869 3609 scripturae

219 3661 314 3697 sacrae
340 3651 383 3696 est
408 3642 575 3696 testimoniis
598 3641 818 3708 ostendendum,
842 3641 917 3711 quod
940 3659 1022 3696 omne
1039 3659 1122 3696 mauu
1139 3641 1244 3696 factum
1261 3644 1378 3698 adorare
1395 3662 1451 3698 nou
1468 3644 1563 3710 liceat,
1589 3644 1718 3715 quoniam
1735 3646 1870 3716 scriptum

220 3757 278 3803 est:
312 3747 462 3804 Dorrrinum
487 3747 579 3804 Deum
609 3755 682 3804 tunna
714 3746 849 3803 amastis
872 3754 898 3803 et
925 3745 966 3803 illi
993 3746 1046 3803 soli
1074 3747 1188 3816 servies,
1218 3767 1251 3803 ac
1275 3750 1380 3804 deinde
1404 3751 1641 3822 subiungendum,
1673 3752 1721 3822 qui
1744 3752 1870 3823 picturas
1889 3762 2037 3814 litmaro.

173 3877 201 3916 aa
219 3855 379 3926 brraginum,
405 3874 477 3926 qnae
496 3856 532 3910 ad
552 3854 778 3910 aedificationem
796 3855 919 3926 imperiti
938 3855 1036 3926 populi
1060 3856 1153 3911 factae
1173 3856 1298 3922 fueraut,
1323 3865 1355 3910 ut
1371 3857 1530 3911 nescientes
1547 3857 1658 3912 litteras
1676 3857 1765 3929 ipsam
1781 3858 1875 3956 li⁸²⁰2

218 3961 286 4016 mant
310 3963 494 4018 intendentes
518 3962 585 4033 quid
609 3970 703 4016 actum
727 3961 764 4016 sit
787 3962 941 4017 discerent.

324 4058 367 4122 Et
390 4060 484 4123 item:
509 4064 561 4123 Si⁵
584 4069 620 4122 ad
644 4069 714 4123 hanc
733 4068 957 4134 instructionem,
983 4069 1018 4122 ad
1037 4087 1109 4139 quae
1127 4069 1262 4140 imagines
1279 4069 1435 4140 antiquitus
1451 4068 1544 4125 factae
1560 4079 1637 4137 sunt,
1661 4070 1767 4125 habere
1785 4071 1870 4126 sultis

218 4176 246 4230 in
271 4175 408 4240 ecclesiis,
439 4193 486 4230 ess
510 4176 598 4230 modis
622 4175 749 4230 omnibus
774 4183 803 4228 et
827 4175 921 4231 offerri
946 4183 975 4229 et
999 4175 1105 4229 trabere
1129 4176 1278 4246 permittas
1308 4185 1396 4247 atquc
1421 4177 1523 4242 indica,
1555 4178 1629 4247 quod
1654 4195 1709 4232 uon
1734 4177 1785 4232 tibi
1809 4179 1870 4250 ipsa

217 4282 286 4337 risio
309 4282 453 4348 historiae,
478 4301 551 4353 (quae
575 4283 687 4353 pictura
710 4289 786 4336 teste
811 4282 1001 4353 pandebatur.
1025 4282 1213 4352 displicuerit,
1238 4285 1289 4336 scd
1314 4283 1362 4337 illa
1385 4284 1522 4349 adoratio,
1547 4302 1620 4355 quae
1640 4285 1758 4355 picturis
1775 4285 1869 4340 fuerat

173 4408 200 4450 aa
217 4390 437 4461 inconpetenter
460 4390 596 4456 exhibita,
620 4399 707 4460 atque
733 4389 760 4442 in
784 4389 826 4444 his
850 4389 944 4442 verbis
969 4406 1064 4442 eaerum
1088 4396 1199 4442 ruentes
1224 4389 1388 4444 demulcens
1412 4390 1448 4444 ad
1472 4391 1647 4445 concordiam
1667 4402 1743 4445 tuam
1760 4409 1871 4447 revoca.

218 4497 300 4550 Etsi
325 4497 387 4567 quis
410 4497 546 4568 imagines
569 4496 664 4551 facere
688 4495 820 4560 soluerit,
851 4496 962 4550 minime
987 4495 1149 4566 prohibeas,
1180 4496 1298 4550 adorare
1323 4515 1389 4550 vcro
1413 4497 1548 4568 imagines
1576 4498 1739 4551 omnimodis
1763 4499 1870 4553 devita.

217 4601 276 4657 Sed
299 4603 351 4657 hoc
374 4603 494 4658 sollicite
519 4603 683 4659 fraternitas
707 4611 757 4657 tua
780 4611 948 4664 ammoneat,
980 4610 1010 4656 ut
1036 4620 1070 4656 er
1094 4603 1199 4658 visione
1224 4604 1265 4657 rei
1289 4611 1391 4674 gestae
1414 4605 1543 4658 ardorem
1567 4606 1779 4675 conpunctionis
1804 4625 1869 4676 per-

218 4710 324 4781 cipiant
349 4721 378 4766 et
402 4711 430 4765 in
454 4711 646 4766 adorationem
669 4710 756 4764 solius
779 4709 980 4780 omnipotentis
1004 4719 1120 4763 sanctae
1145 4709 1281 4764 trinitatis
1306 4709 1449 4764 humiliter
1472 4719 1696 4782 prosternantur.

325 4825 407 4890 Item
432 4824 583 4910 Gregorii
607 4848 722 4912 papae.
771 4823 950 4911 Gregorius
975 4822 1162 4889 Secundino
1186 4847 1282 4888 servo
1307 4824 1371 4888 Dei
1395 4824 1558 4890 inclausa:
1590 4831 1779 4890 Dilectionis⁴²
1802 4844 1869 4890 tuae

171 4941 329 5004 relitteres
351 4943 475 5013 suscepi,
500 4960 572 5013 qnae
596 4943 625 4996 in
648 4961 710 4998 meo
734 4960 820 4996 sensu
843 4941 943 4996 amoris
966 4940 1050 4994 melle
1074 4929 1215 4996 conditae*
1232 4949 1398 5012 sapuerunt,
1423 4941 1455 4994 et
1478 4945 1596 4996 cetera.

324 5189 340 5236 9
360 5181 502 5252 quaerant]
521 5186 548 5236 ia
568 5186 594 5235 P
604 5185 654 5251 fol.
668 5192 711 5237 51.
724 5181 767 5236 51⁴
785 5195 923 5251 sequuntur
936 5184 1082 5250 frequenta
1102 5185 1174 5235 larici
1194 5186 1335 5236 lirmsmni.
1393 5189 1425 5236 10
1443 5184 1596 5236 blasiliensi
1621 5185 1646 5235 l'.
1705 5187 1736 5236 lt
1757 5180 1872 5252 factum]

217 5275 291 5326 facto
312 5274 342 5324 P.
416 5276 449 5326 22
469 5293 485 5326 a
503 5275 569 5326 deest
588 5274 619 5325 P.
691 5275 854 5326 recondita
874 5272 904 5324 Ρ.

328 5475 357 5540 1)
381 5474 428 5530 De
448 5474 621 5531 Bardesano
644 5475 688 5531 uel
708 5473 881 5530 Burdesuue
904 5473 944 5543 cf.
966 5475 999 5528 f).
1017 5473 1242 5543 Bardealrewer,
1267 5473 1440 5550 ‘Patroloyie
1463 5469 1617 5548 (Freiburg
1641 5473 1659 5529 i.
1680 5473 1746 5531 Br.y
1768 5474 1871 5551 1894),

215 5601 245 5657 p.
270 5584 341 5640 357.
435 5581 465 5650 2)
491 5581 649 5658 Gregoritu
670 5582 722 5650 M,
749 5580 879 5655 Epistola
902 5581 945 5636 ad
966 5581 1101 5636 Smennm
1126 5579 1284 5655 episcopum
1310 5581 1531 5648 Massiliensem
1558 5580 1630 5636 ΜΗ.
1654 5581 1872 5656 2199912269

171 5709 200 5749 st
217 5682 380 5764 (leffe-E.
402 5682 551 5762 91800).
617 5688 647 5756 3)
667 5687 759 5755 Idid.,·
778 5688 794 5743 l.
814 5686 978 5756 t.11,270.
1014 5687 1046 5741 t'.
1061 5705 1152 5762 supra
1165 5706 1196 5761 p.
1210 5691 1275 5745 488
1293 5688 1311 5742 I.
1332 5691 1418 5762 lsqq.
1435 5691 1548 5763 2tlsqq.
1566 5692 1606 5745 25
1619 5708 1679 5763 sqq.
1747 5690 1776 5748 4>
1794 5687 1868 5744 Gre-

214 5795 313 5873 gorius
333 5795 386 5864 M,
409 5793 502 5870 Epist.
522 5795 618 5862 laud.,·
641 5795 694 5851 tl.
713 5793 839 5862 [1,271.
919 5793 949 5860 5)
975 5793 1091 5848 ididam.
1162 5793 1193 5860 6)
1219 5791 1377 5870 Gregorius
1398 5793 1451 5861 M,
1474 5793 1604 5868 Epistola
1623 5795 1665 5850 ud
1683 5794 1870 5850 Secntrdiuum

216 5900 405 5977 interpolato,
435 5903 454 5956 l.
479 5902 497 5957 l.
522 5900 562 5971 II,
588 5905 648 5960 142
671 5895 832 5976 (Just-E.
858 5921 885 5956 n.
905 5897 1006 5972 1673).

1606 6015 1657 6071 64*
