4884 6717
582 455 649 520 494
1052 460 1104 517 44.
1140 460 1360 518 CONCILIUM
1382 461 1610 518 PARISIENSE
1635 461 1671 517 A.
1692 460 1769 518 825.

581 666 689 731 potest,
720 665 750 714 et
773 665 868 714 tamen
890 658 1011 714 animam
1035 660 1134 730 ipsam,
1167 659 1294 730 quamvis
1317 658 1409 714 anima
1431 676 1501 714 vera
1522 659 1570 726 sit,
1593 677 1657 713 eum
1679 658 1753 714 falsa
1774 660 1954 731 imaginatur,
1985 659 2079 715 colere
2103 677 2161 715 non
2185 660 2240 714 de·

581 766 692 822 bemus.
731 765 833 821 Melior
856 772 902 820 est
924 784 993 821 vera
1015 766 1121 837 stipula
1144 783 1228 837 quam
1251 770 1298 819 lux
1320 766 1397 820 inani
1420 765 1592 837 cogitatione
1615 783 1667 836 pro
1690 766 1859 836 suspicantis
1882 770 2028 821 voluntate
2051 766 2185 832 formata,
2210 772 2241 820 et

581 879 677 928 umen
700 872 844 943 stipulam,
868 890 954 944 quam
976 872 1112 928 sentimus
1136 879 1167 928 et
1189 873 1341 944 tangimus,
1366 872 1507 928 dementis
1530 879 1576 929 est
1598 873 1717 929 credere
1741 872 1900 928 colendam.

688 986 869 1052 XXXVII.
904 986 989 1051 Item
1012 986 1100 1051 idem
1122 988 1156 1051 in
1179 985 1262 1051 libro
1286 987 1329 1050 X.
1354 985 1395 1051 de
1419 987 1552 1051 civitate
1575 986 1659 1051 Dei:
1688 993 1802 1052 Multal
1825 998 1951 1068 deniqne
1975 998 2012 1052 de
2036 996 2115 1052 cultu
2143 998 2239 1052 divino

580 1111 717 1175 usurpata
739 1111 817 1170 sunt,
849 1121 922 1175 quae
946 1103 1099 1159 honoribus
1122 1103 1305 1159 deferrentur
1327 1102 1464 1170 humanis,
1494 1104 1553 1158 sive
1584 1103 1742 1159 humilitate
1765 1104 1852 1159 nimia
1874 1105 1934 1159 sive
1958 1105 2122 1160 adulatione
2146 1106 2272 1176 pesti-a

580 1211 652 1278 fera,
676 1212 718 1266 ita
740 1221 837 1266 tamen
860 1217 893 1265 ut
916 1210 1021 1281 quihus
1044 1228 1080 1265 ea
1102 1210 1285 1266 deferrentur
1307 1210 1433 1265 homines
1456 1210 1642 1278 haberentur,
1666 1212 1713 1282 qui
1737 1212 1871 1266 dicuntur
1893 1211 2006 1267 colendi
2025 1218 2055 1266 et
2069 1212 2238 1280 venerandi,

580 1319 603 1374 si
626 1326 723 1374 autem
745 1316 865 1372 multum
890 1317 931 1372 cis
954 1317 1081 1383 additur,
1111 1316 1258 1371 adorandi.
1305 1315 1375 1380 Quis
1405 1334 1473 1372 vero
1503 1315 1715 1372 sacrificandum
1746 1318 1859 1372 censuit
1881 1318 1934 1372 nisi
1966 1318 2003 1385 ei,
2034 1335 2121 1390 quem
2144 1319 2239 1373 Deum

579 1435 629 1480 aut
652 1424 735 1480 scivit
757 1431 808 1479 aut
830 1424 944 1495 putavit
967 1431 1017 1478 aut
1040 1422 1142 1478 linxit?

686 1539 884 1604 XXXVIII.
920 1538 1004 1602 Item
1027 1538 1232 1624 Augustinus
1262 1538 1295 1601 in
1323 1536 1406 1602 libro
1431 1540 1658 1625 quaestionum
1681 1538 1911 1603 LXXXIIIL:
1943 1545 2122 1603 Minoribus²
2151 1550 2237 1604 rebus

579 1658 693 1712 intenta
715 1658 819 1723 anima,
850 1673 921 1727 quas
943 1673 997 1727 per
1020 1672 1122 1726 corpus
1145 1654 1330 1726 corporaliter
1352 1654 1431 1722 lacit,
1462 1656 1553 1709 minus
1583 1655 1715 1709 inhaeret
1744 1655 1799 1725 ipsi
1828 1673 1952 1710 summae
1981 1656 2157 1727 sapientiae,
2188 1656 2235 1727 qui
2259 1671 2287 1709 ιο

580 1782 648 1819 vero
671 1763 741 1818 talia
763 1780 852 1834 opera
874 1763 972 1817 colunt
996 1767 1132 1833 quantum
1156 1762 1334 1816 deviaverint
1357 1779 1374 1815 a
1396 1761 1530 1827 veritate,
1553 1761 1618 1816 hinc
1633 1762 1755 1833 intelligi
1770 1769 1878 1832 potest,
1904 1764 1980 1833 quia,
2005 1763 2029 1816 si
2051 1763 2115 1834 ipsa
2130 1764 2236 1817 anima·

579 1871 648 1926 lium
671 1888 790 1942 corpora
812 1870 952 1935 colerent,
982 1886 1057 1940 qnae
1087 1868 1177 1924 multo
1207 1868 1395 1924 excellentius
1424 1867 1565 1922 fabricata
1593 1876 1660 1922 sunt
1690 1875 1720 1923 st
1748 1886 1867 1940 quorum
1890 1875 1956 1923 sunt
1979 1869 2029 1925 ills
2050 1869 2236 1930 imitamenta,

580 1980 649 2051 quid
673 1979 715 2034 eia
737 1976 879 2032 infelicius
901 1975 1081 2032 diceremus?

688 2110 764 2190 Qua
785 2110 912 2173 ratione
943 2130 1050 2194 quave
1082 2107 1275 2172 auctoritate
1303 2107 1462 2193 imagines
1493 2105 1685 2193 angelorum
1708 2106 1764 2171 vel
1788 2107 1926 2173 aliorum
1950 2119 2136 2174 sanctorum
2160 2109 2236 2174 ado-

581 2215 703 2281 randae
732 2217 797 2279 sint
824 2217 949 2302 eisque,
980 2225 1016 2279 ut
1038 2215 1150 2294 fertur,
1181 2214 1351 2277 insensum
1375 2212 1573 2300 ponendum,
1605 2237 1679 2279 cum
1702 2215 1767 2301 ipsi
1792 2215 1898 2279 saneti
1922 2215 2031 2300 angeli
2054 2216 2108 2280 vel
2131 2217 2286 2280 sanctiss

581 2324 729 2388 homines
752 2324 846 2387 vivos
870 2344 906 2386 se
930 2320 1062 2386 adorari
1084 2319 1255 2385 noluerint.

688 2447 902 2512 XXXVIIII.
939 2445 1034 2512 Unde
1067 2444 1184 2509 beatus
1212 2444 1417 2530 Augustinus
1447 2447 1481 2509 in
1509 2444 1592 2510 libro
1616 2446 1660 2510 X.
1690 2445 1732 2510 de
1763 2447 1895 2510 civitate
1920 2446 1986 2511 Dei
2017 2448 2104 2511 inter
2126 2458 2238 2511 cetera

580 2557 628 2620 sic
659 2556 720 2619 aii:
753 2558 953 2619 Putaverunt³
973 2563 1088 2634 quidam
1119 2561 1308 2617 deferendum
1338 2562 1447 2633 angelis
1475 2562 1609 2618 honorem
1639 2567 1686 2617 vel
1710 2563 1855 2618 adorando
1883 2564 1931 2618 vel
1961 2563 2156 2632 sacrificando,
2188 2565 2238 2635 qui

580 2673 705 2728 dehetur
726 2672 800 2738 Deo,
833 2678 863 2726 et
894 2688 990 2726 eorum
1019 2676 1085 2724 sunt
1116 2669 1315 2724 ammonitione
1343 2668 1477 2740 prohibiti
1507 2669 1632 2740 iussique
1663 2668 1715 2724 hoc
1739 2670 1767 2724 ei
1790 2669 1916 2736 deleme,
1947 2672 1992 2725 cui
2023 2672 2072 2725 uni
2101 2671 2145 2725 ias
2173 2689 2237 2726 esse

579 2787 731 2834 noverunt.
773 2778 879 2833 Imitati
909 2784 976 2831 sunt
999 2777 1116 2848 angelos
1140 2782 1253 2831 sanctos
1278 2775 1363 2830 etiam
1386 2775 1478 2830 saneti
1499 2774 1625 2831 homines
1648 2776 1715 2831 Dei.
1761 2777 1834 2831 Nam
1856 2777 1962 2832 Paulus
1986 2785 2017 2832 et
2040 2777 2185 2833 Barnabas
2208 2779 2237 2833 in
2259 2791 2289 2829 ao

426 2891 560 2994 ⁶²1³ssqu
580 2886 714 2941 licaonia
748 2885 824 2940 laeto
859 2885 981 2956 quodam
1012 2883 1148 2938 miraculo
1178 2882 1310 2937 sanitatis
1340 2882 1434 2953 putati
1464 2889 1530 2936 sunt
1561 2883 1610 2948 dii,
1646 2884 1745 2954 eisque
1778 2883 1902 2939 Licaonii
1932 2884 2060 2940 victimas
2093 2885 2238 2940 immolare

580 2993 741 3058 voluerunt,
766 2993 841 3063 quod
865 3012 883 3046 a
906 3010 937 3047 se
961 2990 1057 3045 humili
1080 2991 1193 3062 pietate
1217 2996 1399 3045 removentes
1424 2989 1476 3056 sis,
1508 2989 1537 3043 in
1567 3007 1652 3060 quem
1675 2990 1838 3057 crederent,
1868 2992 2109 3046 adnuntiaverunt
2132 2993 2237 3049 Deum.

685 3090 729 3153 Et
752 3103 825 3175 post
848 3111 971 3176 pauca:
996 3093 1224 3168 Quaecumque*
1248 3097 1335 3168 igitur
1357 3095 1521 3151 immortalis
1544 3103 1684 3167 potestas,
1716 3097 1896 3168 quantalibet
1919 3099 2025 3154 virtute
2048 3099 2190 3170 praedita,
2213 3100 2239 3153 si

580 3224 631 3261 nos
654 3206 747 3277 diligit
770 3206 843 3260 sicut
867 3224 899 3260 se
923 3205 1024 3277 ipsam,
1049 3205 1076 3259 ei
1099 3202 1162 3258 vult
1186 3220 1249 3259 esse
1273 3204 1413 3268 subditos,
1443 3209 1476 3256 ut
1499 3202 1577 3257 beati
1600 3204 1696 3270 simus,
1728 3204 1772 3258 cui
1797 3211 1827 3259 et
1850 3205 1912 3275 ipsa
1934 3205 2050 3260 subdita
2070 3206 2158 3261 beata
2181 3212 2238 3261 est.

580 3311 608 3367 Si
633 3330 701 3384 ergo
724 3329 780 3366 uon
804 3311 870 3366 colit
893 3312 998 3376 Deum,
1023 3311 1126 3365 misera
1149 3316 1205 3376 est,
1230 3311 1296 3381 quia
1319 3310 1446 3381 privatur
1469 3309 1543 3364 Deo.
1579 3308 1608 3364 Si
1632 3318 1729 3366 autem
1752 3310 1819 3365 colit
1834 3312 1938 3378 Deum,
1962 3330 2019 3367 non
2042 3312 2104 3366 vult
2127 3330 2158 3368 se
2182 3313 2237 3367 coli
2257 3323 2289 3363 aa

580 3437 632 3491 pro
663 3420 737 3474 Deo.
790 3417 835 3472 Illi
872 3418 946 3472 euim
980 3418 1076 3489 potius
1107 3416 1218 3472 divinae
1254 3417 1414 3472 sententiae
1449 3414 1620 3488 suffragatur
1650 3425 1681 3472 et
1715 3417 1875 3472 dilectionis
1910 3419 2015 3473 viribus
2049 3419 2143 3487 favet,
2180 3438 2238 3491 qua

402 3546 560 3598 sandrato,
580 3526 715 3597 scripturn
739 3533 799 3579 ast:
834 3523 1013 3601 Sacrificans
1040 3521 1094 3578 diis
1124 3521 1316 3579 eradicabitis
1344 3521 1401 3578 nisi
1421 3521 1544 3578 Domino
1566 3522 1627 3579 soli.
1674 3524 1756 3591 Nam,
1784 3532 1816 3578 nt
1839 3525 1896 3580 alia
1917 3544 1993 3580 nunc
2016 3533 2138 3593 taceam,
2162 3544 2236 3597 quae

580 3634 726 3705 pertinent
757 3632 793 3686 ad
817 3631 962 3703 religionis
984 3630 1163 3701 obsequium,
1194 3647 1251 3700 quo
1274 3630 1375 3684 colitur
1397 3630 1487 3696 Dens,
1517 3629 1684 3686 sacrificium
1714 3638 1794 3686 certe
1825 3631 1919 3686 nullus
1946 3631 2087 3687 hominnm
2111 3640 2156 3688 est
2187 3633 2237 3704 qni

580 3742 686 3796 sudent
709 3741 805 3794 dicere
830 3738 930 3793 deberi
953 3737 1007 3792 nisi
1030 3737 1103 3792 Deo.

687 3855 759 3918 XL.
795 3855 877 3918 Item
901 3852 988 3917 idem
1011 3854 1045 3916 in
1069 3850 1194 3939 psalmo
1219 3849 1341 3916 XCVI.
1365 3852 1450 3915 inter
1473 3863 1599 3916 cetera:
1631 3858 1790 3917 Homines⁵
1813 3870 1909 3919 autem
1938 3871 2051 3919 sanctos
2079 3866 2234 3932 attendite,
2254 3880 2286 3920 sn

580 3973 628 4044 qui
651 3979 717 4026 sunt
739 3970 845 4026 similes
868 3969 987 4042 angelis.
1024 3967 1095 4023 Cum
1118 3968 1261 4022 inveneris
1284 3967 1424 4024 hominem
1447 3968 1569 4039 aliquem
1592 3977 1721 4024 sanctum
1743 3987 1855 4025 servum
1871 3971 1938 4037 Dei,
1962 3972 1987 4025 si
2009 3971 2131 4026 volueris
2154 3973 2234 4026 illum

579 4079 673 4134 colere
699 4086 729 4132 et
752 4079 870 4133 adorare
894 4095 944 4149 pro
968 4077 1042 4144 Deo,
1066 4075 1198 4147 prohibet
1222 4083 1263 4140 te,
1287 4093 1343 4129 non
1366 4074 1428 4129 vult
1450 4075 1504 4130 sibi
1527 4093 1657 4147 arrogare
1681 4075 1815 4132 honorem
1838 4078 1904 4144 Dei,
1929 4096 1985 4133 non
2008 4083 2069 4132 vult
2091 4078 2145 4133 tihi
2168 4096 2232 4133 esse

579 4204 630 4257 pm
653 4186 727 4251 Deo,
752 4185 803 4239 sed
828 4191 921 4238 tecum
946 4200 1009 4238 esse
1033 4183 1086 4236 sub
1110 4182 1183 4237 Dee.

687 4299 730 4363 Et
753 4311 826 4385 post
849 4321 969 4385 pauca:
1002 4301 1070 4362 Sic⁶
1095 4315 1124 4362 et
1154 4307 1243 4362 sancti
1275 4305 1369 4378 angeli
1399 4305 1473 4360 illius
1503 4308 1619 4378 gloriam
1642 4317 1794 4379 quaerunt,
1825 4327 1910 4379 quem
1940 4309 2071 4381 diligunt,
2103 4311 2139 4364 ad
2172 4312 2233 4364 eius

579 4417 697 4483 cultum,
721 4417 757 4472 ad
782 4415 843 4470 eius
866 4415 1032 4478 orationem,
1057 4413 1093 4468 nd
1118 4413 1178 4470 cius
1202 4412 1469 4484 contemplationem
1492 4431 1599 4482 omnes,
1629 4432 1701 4486 quos
1724 4416 1855 4488 diligrmt,
1880 4435 1981 4488 rapere
2007 4426 2036 4471 et
2060 4416 2231 4473 inflammare
2250 4431 2282 4471 aa

578 4527 708 4590 student,
740 4523 831 4595 ipsum
856 4521 911 4576 illis
934 4521 1115 4588 adnuntiant,
1147 4537 1201 4576 non
1226 4539 1267 4586 se,
1293 4520 1423 4590 quoniam
1447 4521 1541 4594 angeli
1564 4529 1641 4588 sunt,
1666 4534 1707 4584 et,
1731 4523 1798 4594 quia
1820 4522 1924 4578 milites
1947 4531 2025 4590 sunt,
2049 4541 2105 4578 non
2129 4532 2231 4578 norunt

577 4633 693 4706 glorium
717 4647 857 4702 quaerero
882 4628 933 4683 nisi
958 4626 1134 4699 imperatoris
1158 4627 1210 4681 sui.

685 4730 766 4793 Item
791 4737 864 4813 μοι)
888 4747 1009 4813 putica:
1037 4727 1147 4789 Nemo²
1170 4733 1264 4789 dicat:
1289 4732 1398 4802 Tiisvco,
1421 4753 1458 4790 ne
1482 4736 1619 4790 irascatur
1641 4736 1707 4790 mihi
1731 4736 1861 4808 angelus,
1885 4738 1908 4791 si
1924 4755 1980 4792 non
1996 4737 2072 4792 illum
2095 4737 2157 4792 colo
2180 4756 2231 4809 pro

684 4911 824 4962 xxxvll.
853 4909 915 4960 sin
935 4908 1000 4960 deest
1022 4907 1050 4959 P.
1123 4903 1218 4972 Mults]
1241 4908 1309 4972 hug.
1329 4907 1356 4957 in
1374 4925 1452 4974 meg.
1473 4907 1502 4958 P.

684 5000 841 5050 xxxvm.
870 4989 1332 5062 uulnorltsusllugdsmnrq.1'.
1391 4999 1421 5047 14
1442 4991 1511 5062 Qus]
1528 4997 1619 5065 Caput
1632 4998 1663 5048 V.
1679 4999 1848 5066 praeminum
1860 5000 1917 5050 edd.
1981 5002 2012 5050 15
2025 4995 2088 5064 sint]
2106 5000 2230 5066 intellige:
2248 5019 2283 5058 ω

578 5107 649 5141 uisne
670 5091 823 5156 exqionitur.
899 5089 931 5138 ld
950 5087 1065 5138 adorare
1087 5085 1114 5137 l’.

683 5177 853 5228 xxxvnll.
885 5173 978 5240 1111.)
1000 5177 1036 5226 xl
1061 5175 1089 5227 1‘.
1175 5177 1206 5226 lit
1228 5169 1402 5240 l'utavsrunt]
1422 5177 1490 5242 Aug.
1509 5176 1537 5228 in
1556 5195 1634 5244 marg.
1654 5177 1686 5229 P.
1767 5179 1876 5244 quidem
1896 5179 1927 5229 P.
2005 5181 2038 5229 23
2057 5174 2231 5243 immortalis]

577 5268 699 5319 mortalis
720 5267 749 5318 Ρ.
823 5269 856 5318 ad
875 5267 941 5332 quis
963 5265 990 5316 Ρ.

685 5358 740 5407 xl.
770 5359 804 5406 30
825 5349 966 5420 llomlnes]
988 5355 1055 5418 Aug.
1075 5353 1103 5404 in
1122 5371 1199 5418 nsuqq.
1224 5351 1251 5404 I'.

688 5503 717 5560 1)
743 5501 921 5578 Augustinus,
954 5501 999 5558 Ile
1022 5501 1132 5558 civitate
1156 5497 1212 5556 Ilei
1237 5499 1268 5556 X
1288 5519 1310 5554 ν.
1328 5501 1363 5564 l.-
1395 5503 1468 5578 (ψῃ.
1495 5501 1555 5572 VII,
1572 5507 1641 5562 241.
1741 5503 1772 5572 2)
1797 5504 1863 5561 Non
1885 5504 1988 5561 inversi.
2080 5503 2111 5574 3)
2135 5504 2234 5582 Anqu-
2251 5528 2287 5568 ω

578 5611 676 5672 marrae,
703 5609 747 5665 Dr
762 5609 871 5665 civitate
888 5609 944 5666 Ilei
960 5609 993 5666 Χ
1004 5629 1026 5665 e.
1047 5611 1099 5678 lil,·
1124 5611 1198 5684 ilpp.
1226 5605 1286 5672 Vll,
1304 5611 1372 5666 sot.
1459 5609 1488 5678 4)
1515 5609 1620 5666 Ibidem
1647 5611 1679 5668 X
1698 5613 1757 5670 eil
1779 5605 1804 5688 ἕ
1817 5616 1839 5671 2
1855 5613 1933 5682 (·soli
1952 5613 1970 5668 1.
1987 5609 2050 5681 27),
2074 5612 2151 5680 c.4,·
2174 5614 2195 5668 l.
2212 5615 2232 5671 l.

585 5715 821 5776 1112111241.
914 5717 944 5776 oi
970 5715 1150 5792 Augustinus,
1179 5711 1339 5772 linurrutio
1363 5715 1390 5772 in
1409 5717 1511 5792 paulin.
1529 5721 1567 5776 96
1589 5709 1685 5794 §M
1710 5717 1784 5795 (lpp.
1803 5719 1856 5788 IV,
1874 5721 1962 5780 1048.
2054 5717 2085 5787 6)
2108 5717 2233 5778 Ibidan.

580 5823 596 5878 7
636 5822 761 5884 Ibidem:
785 5823 803 5878 Ι.
828 5823 844 5878 Ι.
871 5821 924 5886 IV,
952 5825 1035 5882 1049.

1925 6395 2366 6677 La
