4884 6717
533 509 598 571 810
955 517 1007 572 61.
1044 516 1261 573 CONCILIUM
1284 516 1605 574 INGELHEIMENSE
1628 518 1666 572 A.
1687 515 1761 573 840.

526 711 632 782 frater
654 719 716 768 tuen
739 709 822 768 labet
843 710 955 786 adquid
974 713 1123 769 adommim
1147 721 1181 781 te,
1205 711 1333 788 relinque
1355 706 1406 769 ibi
1426 731 1525 769 munus
1548 720 1622 768 nsum
1645 714 1679 767 et
1695 713 1814 767 cetera.
1850 712 2004 783 Postquam
2020 727 2088 766 vero
2103 711 2184 767 Deus

534 817 674 873 ecclesiae
704 836 773 873 suae
803 819 999 890 tranquilliora
1028 829 1158 890 tempora
1185 820 1323 886 reddidit,
1353 821 1461 891 placuit
1487 820 1660 891 principibus
1684 827 1714 875 et
1740 819 1881 890 magistris
1911 817 2121 885 ecclesiasticis,
2152 827 2185 871 ut

532 925 623 979 isdem
645 932 744 996 pastor
766 926 802 979 ad
826 926 953 980 debitum
984 925 1058 981 ovile
1081 933 1277 982 reverteretur
1300 935 1330 983 et
1356 944 1435 994 oves,
1467 944 1536 997 quas
1566 925 1724 997 compulsus
1747 925 1915 996 reliquerat,
1938 925 2059 980 tuendas
2082 924 2184 979 iterum

532 1032 686 1102 reciperet.
740 1029 849 1094 Quibus
884 1033 916 1086 et
951 1031 1152 1088 ecclesiasticis
1187 1034 1293 1088 debitis
1327 1033 1452 1105 negociis
1483 1049 1536 1104 ego
1566 1031 1760 1088 Theodericus
1791 1029 2003 1087 Cameracensis
2033 1031 2183 1101 episcopus

532 1154 675 1194 assensum
705 1139 838 1193 canonice
869 1139 1022 1209 praebens,
1054 1139 1126 1193 sicut
1156 1140 1233 1210 prius
1264 1141 1300 1195 de
1331 1140 1404 1194 illius
1433 1140 1560 1195 discessu
1583 1139 1781 1209 compatiendo
1804 1138 1890 1204 dole,
1920 1138 1963 1192 ita
1985 1144 2016 1193 et
2038 1138 2121 1192 modo
2145 1138 2215 1193 dee

531 1243 619 1314 ipsios
642 1245 802 1299 reversione
835 1246 1016 1317 congaudens
1046 1246 1263 1301 constitutiones
1292 1247 1343 1301 has
1369 1246 1509 1300 seniorum
1532 1244 1578 1300 vel
1601 1245 1717 1300 iratrmn
1739 1245 1896 1299 roborando
1922 1244 2085 1315 subscripsi,
2116 1244 2184 1315 quis

533 1350 602 1405 talia
624 1369 694 1421 sepe
719 1352 870 1422 contigisse
895 1358 925 1406 et
948 1352 976 1405 in
1000 1350 1062 1405 aliis
1085 1354 1174 1424 gestis
1198 1352 1398 1408 ecclesiasticis
1421 1352 1477 1423 legi
1486 1343 1511 1406 *.

639 1466 701 1529 His
725 1467 771 1529 ita
794 1467 945 1551 peractis,
969 1467 1086 1530 iterum
1103 1465 1313 1531 reboantibus
1330 1468 1431 1551 signis
1448 1475 1481 1530 et
1495 1465 1696 1531 vociferante
1713 1465 1801 1529 omni
1817 1464 1974 1529 ecclesia:
1999 1464 2058 1529 ‘Te
2075 1465 2184 1529 Deum

532 1570 723 1652 laudamus’,
754 1572 873 1635 ductus
902 1582 951 1635 est
977 1574 1042 1636 iam
1067 1595 1164 1657 saepe
1189 1572 1295 1637 dictus
1318 1572 1414 1638 Ebbo
1438 1574 1610 1658 episcopus
1634 1574 1667 1635 in
1691 1572 1880 1635 vestiarium
1904 1582 1938 1634 et
1960 1571 2092 1635 indutus
2117 1572 2183 1657 epi-

534 1677 720 1764 scopalibus
743 1680 956 1759 vestimentis,
981 1679 1129 1743 similiter
1152 1680 1249 1743 ctiam
1274 1679 1329 1743 alii
1353 1681 1510 1766 episcopi,
1535 1687 1567 1742 et
1589 1686 1819 1764 processerunt
1835 1700 1909 1741 cum
1926 1699 1965 1742 eo
1980 1677 2023 1741 ad
2039 1676 2183 1742 celebra·
2205 1702 2230 1740 ro

532 1785 654 1849 tionem
677 1787 806 1849 missae.
854 1785 939 1849 Nam
962 1786 1129 1850 Rothadus
1153 1787 1359 1871 episcopus1‚
1385 1785 1501 1849 dextra
1522 1808 1621 1849 manu
1645 1808 1718 1848 eum
1743 1794 1936 1864 sustentans,
1968 1782 2083 1848 babuit
2105 1806 2183 1849 suae

532 1893 634 1978 partis
653 1892 783 1978 Lupum
801 1891 1051 1956 Catalauncnsis
1075 1893 1235 1956 ecclesiae
1261 1893 1449 1977 episcopum
1473 1903 1505 1955 et
1527 1889 1785 1955 Hirminfredum
1807 1889 2045 1977 presbyterum,
2069 1902 2185 1976 postca

532 2021 611 2062 vcro
635 1998 845 2063 Belvaccnsis
873 1998 1032 2062 ecclcsiae
1064 2001 1293 2085 episcopum23
1324 1999 1455 2062 sinistra
1484 2009 1592 2062 autem
1623 2021 1721 2062 manu
1751 1999 1914 2061 sustinens
1944 2019 2018 2060 eum
2050 1995 2183 2061 Simeon

533 2107 705 2192 episcopus
716 2111 737 2186 ³,
763 2105 911 2169 similiter
926 2128 1004 2169 suae
1020 2108 1122 2191 partis
1137 2106 1319 2192 Erpuinum
1336 2108 1546 2191 episcopum⁴
1563 2116 1595 2169 et
1611 2105 1742 2169 Vitaum
1759 2104 2006 2169 Cameracensis
2023 2102 2183 2168 ecclesiae

533 2214 790 2299 corepiscopum.
826 2214 869 2276 Et
884 2214 931 2276 sic
955 2213 998 2277 ad
1021 2223 1168 2277 sanctum
1192 2214 1292 2278 altare
1317 2237 1391 2278 curn
1415 2235 1453 2277 eo
1477 2212 1690 2299 procedentes
1713 2211 1756 2276 ad
1779 2213 1943 2297 propriam
1973 2210 2086 2275 sedem
2109 2233 2184 2274 eum
2205 2232 2229 2272 n

533 2318 740 2383 deduxerunt
763 2331 860 2405 atque
885 2343 958 2383 cum
983 2342 1021 2384 co
1046 2321 1155 2384 cuncti
1179 2320 1330 2384 sedentes
1354 2322 1387 2383 in
1411 2321 1499 2384 omni
1523 2319 1700 2405 pontificali
1724 2319 1832 2383 officio
1855 2320 1929 2404 ipsa
1958 2317 2011 2381 die
2041 2319 2073 2381 ei
2097 2339 2182 2381 com-

531 2426 791 2490 municaverunt.
834 2426 981 2490 Fuerunt
1004 2435 1112 2490 autem
1136 2426 1350 2512 perlongum
1374 2427 1521 2512 spacium
1545 2427 1615 2489 eius
1638 2424 1787 2489 exulatus
1811 2424 1950 2488 ordinati
1974 2423 2120 2510 episcopi
2144 2446 2183 2487 eo

533 2531 667 2596 absente
692 2532 846 2596 Simeon³
869 2534 1051 2619 episcopus,
1081 2533 1218 2619 Lupus5
1241 2535 1423 2619 episcopus,
1454 2533 1643 2619 Erpuinus⁴
1666 2533 1849 2618 episcopus,
1878 2531 1964 2618 quod
1988 2530 2183 2595 omnimodis

532 2641 745 2703 sanctissimis
768 2638 958 2725 prohibetur
981 2638 1160 2704 canonibus
1169 2645 1191 2703 ⁶.
1228 2640 1294 2721 Qui
1310 2640 1471 2726 completa
1487 2663 1560 2705 cum
1577 2640 1665 2703 omni
1680 2639 1800 2724 gaudio
1817 2649 1850 2702 et
1865 2637 1990 2702 laetitia
2013 2659 2183 2702 consecra-

532 2746 619 2810 tione
644 2757 677 2810 et
699 2745 903 2810 solemnitate
934 2746 1086 2810 sacrificii
1116 2758 1287 2832 praesente
1319 2748 1406 2810 omni
1436 2746 1575 2810 ecclesia
1606 2745 1771 2831 deprecati
1800 2755 1875 2809 sunt
1905 2766 1989 2824 eum,
2022 2755 2057 2809 ut
2079 2746 2182 2830 ipsius
2201 2764 2229 2803 ss

532 2853 723 2917 auctoritate
747 2875 858 2916 eorum
883 2861 1077 2916 statueretur
1100 2875 1138 2917 ac
1154 2852 1363 2918 roboraretur
1378 2853 1547 2917 ordinatio.
1587 2852 1652 2932 Qui
1677 2851 1908 2937 benignissime
1932 2873 2044 2915 corum
2066 2872 2182 2937 preces

533 2957 713 3024 obaudiens
741 2958 832 3023 dedit
855 2960 901 3022 eis
925 2957 1056 3045 publice
1087 2981 1196 3024 coram
1228 2970 1435 3024 sacrosancto
1465 2959 1559 3023 altari
1590 2958 1704 3022 anulos
1729 2969 1761 3022 et
1785 2956 1917 3022 baculos
1941 2979 2019 3022 suae
2043 2958 2182 3021 auctori·

532 3067 608 3130 tatis
639 3068 672 3130 in
704 3067 947 3130 confirmatione
979 3089 1091 3130 eorum
1122 3067 1333 3131 ordinationis
1363 3077 1395 3130 et
1425 3065 1584 3130 allocutus
1614 3076 1663 3129 est
1694 3064 1733 3128 de
1758 3066 1805 3129 eis
1829 3066 1916 3128 omni
1946 3063 2115 3144 ecclesiae,
2146 3076 2183 3127 ut

353 3173 654 3250 er.1.10s.s,r.scircnt
677 3173 822 3237 universi
845 3195 881 3237 se
905 3175 939 3237 in
963 3173 1108 3254 caritate,
1140 3195 1224 3260 quae
1249 3195 1290 3237 ex
1315 3174 1388 3238 Deo
1412 3182 1471 3255 est,
1503 3195 1615 3237 eorum
1645 3170 1840 3236 ordinationi
1870 3171 2052 3235 consentire
2084 3181 2181 3256 atque

532 3277 749 3355 subscribere.
2199 3312 2226 3351 ss

639 3405 759 3468 Postea
781 3427 860 3470 vero
885 3405 1050 3490 accipiens
1074 3404 1231 3469 auxilium
1256 3416 1288 3469 et
1310 3405 1506 3490 legationem
1529 3405 1595 3467 iam
1619 3425 1717 3488 saepe
1741 3402 1798 3466 fati
1814 3401 1961 3465 Lotharii
1976 3401 2181 3487 imperatoris

532 3510 575 3575 ad
604 3510 717 3575 limina
747 3510 918 3575 beatorum
948 3513 1095 3597 perrexit
1122 3511 1351 3597 apostolorum,
1382 3534 1446 3576 non
1477 3512 1554 3574 satis
1585 3508 1709 3573 habens
1738 3510 1773 3572 in
1802 3508 2005 3572 restitutione
2029 3530 2088 3573 sua
2110 3508 2180 3572 sine

639 3787 665 3864 ⁸)
696 3801 787 3850 Testes
804 3801 944 3851 documnsti
962 3801 1044 3866 spani
1062 3801 1090 3850 in
1110 3800 1206 3851 Edonis
1224 3802 1372 3867 spolopetiso
1388 3801 1470 3866 pergit
1488 3797 1577 3865 (snpra
1591 3817 1620 3864 p.
1637 3803 1686 3850 798
1705 3796 1878 3860 t.17—24).·
1906 3793 2070 3847 Hrothadus
2093 3791 2179 3848 Sues·

692 3896 804 3949 souicus
822 3895 970 3966 episcopus
986 3895 1055 3950 haec
1072 3896 1113 3949 ita
1128 3895 1257 3950 similiter
1271 3896 1414 3963 roboravi3
1445 3895 1530 3961 (rodes
1549 3897 1598 3960 G):
1622 3894 1826 3949 Hildemaunus
1842 3891 2025 3948 Bclvacensis
2041 3891 2178 3946 similiter.

692 4002 791 4073 Lupus
815 4000 1028 4056 Catalauuensis
1059 4002 1197 4056 similiter.
1244 4002 1420 4074 Ragenerius
1450 4002 1648 4057 Ambianensis
1677 4000 1816 4054 similiter.
1862 3999 2009 4070 Erpwinus
2033 3996 2178 4053 Silvanec·
2198 4013 2226 4053 so

692 4108 780 4163 tensis
804 4109 941 4163 similiter.
977 4108 1126 4163 Folcoiuus
1142 4110 1319 4164 Tarawensis
1335 4109 1470 4164 similiter.
1505 4108 1591 4163 Immo
1607 4107 1834 4162 Noviomacensis
1858 4106 1999 4172 similiter3
2025 4104 2112 4169 (codes
2131 4107 2178 4171 P):

691 4215 897 4271 Hildemaunus
920 4216 1102 4271 Belvacensis
1129 4217 1267 4272 similiter.
1315 4214 1427 4272 Simeon
1451 4215 1648 4270 Lauduncnsis
1678 4214 1816 4268 similiter.
1863 4214 2010 4284 Erpwinus
2033 4208 2179 4267 Silvanec-

690 4323 778 4378 tensis
813 4323 951 4377 similiter.
1008 4322 1196 4394 Raginbarius
1225 4323 1422 4378 ambianensis
1456 4321 1594 4376 similiter.
1647 4322 1745 4376 Emmo
1778 4321 2006 4377 Noviomaceusis
2040 4326 2178 4383 similiter.

690 4421 848 4477 Folcwinus
871 4421 1047 4476 Tarawensis
1070 4422 1206 4476 similiter.
1252 4425 1275 4475 θ
1297 4425 1389 4475 omittit
1414 4424 1552 4476 Sinseoeen
1570 4424 1773 4485 medonensem,
1799 4423 1825 4474 P
1840 4424 1944 4490 Iaspun
1964 4427 2178 4479 aunonensem.

690 4515 840 4565 Documents'
856 4515 938 4565 altero
955 4515 1062 4565 recensio
1080 4516 1115 4574 (s.
1134 4532 1213 4580 supra
1229 4532 1256 4579 p.
1270 4519 1321 4565 805
1340 4513 1479 4580 125199.)
1496 4514 1592 4565 mines
1607 4513 1693 4564 omnia
1709 4531 1795 4565 nmen
1812 4515 1981 4580 episcoporum
1998 4517 2109 4568 nomina.
2198 4534 2225 4576 se

638 4748 650 4797 1
671 4747 709 4797 ibi
728 4747 795 4796 deest
813 4746 888 4810 Apol.
962 4751 988 4794 et
1006 4751 1097 4794 cetera
1114 4744 1205 4794 dannt
1219 4745 1304 4809 Apol,
1322 4743 1365 4794 sed
1382 4744 1416 4810 cf.
1430 4762 1462 4810 p.
1477 4748 1527 4794 798
1546 4744 1562 4794 l.
1576 4747 1618 4795 30.
1692 4745 1913 4811 2trsmquiliors
1933 4746 1963 4797 Ρ.
2035 4750 2177 4816 magistra·

529 4835 602 4885 tibus
615 4836 648 4896 A,
668 4836 835 4899 magistratis
847 4833 879 4883 Ρ.
951 4834 1058 4884 3idsm
1078 4833 1153 4898 Apol.
1226 4828 1335 4897 iterum]
1355 4833 1426 4883 idom
1447 4833 1479 4883 A.
1499 4833 1530 4883 P.
1603 4836 1666 4884 tet
1682 4833 1748 4884 deest
1767 4835 1841 4900 Apol.
1914 4835 2082 4888 Tsudoricus
2101 4838 2178 4903 Apol.

531 4923 736 4974 Cameracensis
763 4924 794 4973 P.
885 4925 901 4973 5
927 4923 1035 4972 dicessu
1056 4921 1086 4972 P.
1177 4929 1205 4973 et
1229 4921 1296 4972 deest
1317 4921 1348 4972 P.
1438 4921 1472 4972 de
1498 4916 1595 4988 ipsius]
1620 4923 1707 4989 ipsius
1733 4923 1766 4974 de
1785 4923 1861 4988 Apol.
1951 4926 1967 4975 6
1993 4926 2127 4976 subscrixi
2146 4925 2177 4976 P.

531 5008 753 5077 Srebosutibus]
772 5013 951 5063 roborantibus
971 5011 1003 5062 Β.
1096 5014 1127 5061 13
1147 5012 1283 5061 sustinens
1304 5006 1373 5074 eum]
1393 5019 1500 5062 sustene
1519 5028 1580 5062 eum
1599 5011 1630 5062 Ρ.
1723 5015 1755 5062 14
1774 5011 1943 5063 similiter-
1958 5009 2177 5081 corepiscopum]

528 5104 617 5167 supple
635 5104 753 5163 babens3
776 5120 799 5152 o.
818 5102 892 5151 l11.
966 5102 998 5152 16
1018 5094 1117 5164 cuncti]
1137 5102 1206 5150 cotti
1227 5100 1257 5149 P.
1331 5102 1363 5151 l'i
1383 5100 1521 5151 exultatus
1542 5100 1572 5151 Ρ.
1646 5103 1678 5151 19
1698 5101 1835 5168 completa
1852 5101 1883 5152 P.
1957 5104 1990 5153 22
2009 5105 2177 5154 sacrosancti
2195 5119 2224 5160 eo

530 5190 625 5243 alteris
644 5191 675 5242 Ρ.
748 5193 782 5242 23
802 5190 920 5242 ecclesia
938 5189 969 5240 P.
1042 5192 1076 5239 24
1095 5195 1174 5254 atque
1193 5184 1376 5253 subscribere]
1396 5190 1497 5255 absque
1516 5190 1664 5242 subsistere
1683 5191 1718 5240 A.

639 5423 667 5506 1)
685 5427 875 5486 Snoesonicus.
945 5419 975 5502 2)
999 5425 1111 5483 Scilicet
1124 5424 1356 5494 lsrldemunneun,
1380 5424 1430 5501 qni
1444 5425 1554 5483 demeto
1570 5424 1762 5501 episcoporum
1776 5424 1940 5502 misnipeit
1957 5419 1996 5503 (o.
2012 5427 2030 5484 l.
2046 5429 2096 5487 29.
2113 5421 2177 5505 32).

530 5527 561 5614 3)
586 5534 793 5593 Loudnnensis.
879 5527 909 5609 4)
934 5531 1150 5590 fflvanecteneie
1173 5531 1314 5590 ecclesiae.
1398 5521 1430 5610 5)
1456 5528 1683 5590 Catelaunensis.
1775 5522 1806 5610 6)
1830 5531 1912 5589 Nilil
1933 5542 2033 5591 eontra
2056 5552 2178 5592 wnones

522 5643 638 5714 factem
661 5660 719 5699 esse
749 5649 840 5699 censet
862 5639 992 5716 Bonqnet
1012 5633 1045 5713 (l.
1069 5640 1088 5696 1.
1118 5639 1182 5708 VH,
1198 5641 1262 5698 279
1284 5658 1354 5696 onn.
1371 5632 1415 5712 d),
1444 5646 1476 5695 nt
1503 5638 1696 5697 ordinationes
1720 5658 1778 5715 per
1807 5638 1865 5697 eins
1894 5639 2047 5698 nemnem
2071 5641 2179 5713 saetae

529 5748 642 5806 validm
659 5748 784 5820 fuerint.
833 5745 882 5818 Cf.
907 5746 988 5804 ets‘enr
1012 5745 1175 5816 Hinsclins,
1200 5744 1430 5802 ‘Kirclsenreclrt'
1455 5744 1538 5815 tel
1561 5764 1630 5803 ann.
1647 5749 1676 5805 1.
2196 5762 2225 5802 ss
