4884 6717
714 546 767 604 50.
804 546 1021 602 CONOELIUM
1045 546 1274 603 PARISIENSE
1299 549 1335 603 A.
1357 545 1431 603 829.
1831 541 1894 603 649

239 749 272 800 et
294 735 348 799 lex
372 735 484 799 divina
507 757 527 798 a
551 736 666 799 castris
689 732 896 814 militaribus,
926 755 968 797 ne
998 735 1092 798 ruina
1122 735 1186 798 sint
1215 733 1336 820 populi,
1372 745 1405 798 et
1435 735 1611 798 auctoritas
1641 735 1822 798 canonica¹
1852 732 1894 798 ab

239 841 452 907 ecclesiarum
477 852 682 928 sequestrant
704 839 881 920 liminibus,
905 839 1004 904 multo
1029 841 1133 925 magis
1157 863 1177 904 a
1200 842 1387 904 memoratis
1416 839 1613 926 peragendis
1644 839 1760 904 officiis
1791 862 1894 926 usque

238 949 280 1013 ad
304 961 432 1035 tempus
456 949 676 1035 paenitentiae
700 959 869 1034 peractum
893 946 1092 1032 dignamque
1115 961 1306 1033 perceptam
1329 946 1629 1011 reconciliationem
1658 945 1894 1027 huiuscemodi,

238 1058 361 1121 utiam
385 1055 508 1120 dictum
533 1067 592 1134 est,
616 1055 731 1118 merito
755 1065 829 1117 sunt
852 1049 1060 1117 excludendi.

205 1205 220 1245 s
431 1178 655 1266 Explicit
684 1177 813 1243 liber
842 1179 1042 1264 primus,
1075 1178 1259 1263 incipit
1289 1175 1417 1242 liber
1447 1177 1698 1241 secundus.

344 1322 514 1386 Hactenus
538 1321 579 1385 de
603 1322 711 1386 causis
735 1319 778 1384 ad
801 1319 992 1406 religionem
1017 1318 1237 1383 Christianam
1262 1342 1438 1406 curamque
1462 1331 1629 1407 pastorum
1657 1318 1893 1406 pertinentibus

238 1428 290 1492 vel
314 1428 354 1493 de
378 1428 439 1508 his,
464 1451 527 1515 que
551 1428 585 1491 in
608 1450 749 1514 persona
772 1449 883 1492 eorum
908 1426 1135 1490 emendatione
1160 1425 1270 1512 digna,
1294 1425 1348 1491 vel
1373 1428 1470 1491 etiam
1494 1425 1535 1490 de
1560 1426 1620 1506 his,
1652 1448 1715 1513 que
1740 1424 1781 1489 ab
1815 1427 1893 1512 ipsis

237 1557 340 1622 usque
361 1558 447 1599 nunc
468 1535 617 1620 neglecta
641 1548 725 1616 sunt,
750 1536 783 1599 in
808 1534 973 1621 praesenti
991 1531 1102 1597 libello
1121 1532 1267 1596 breviter
1285 1533 1565 1619 conpraehensum
1582 1546 1640 1600 est.
1679 1532 1718 1596 ln
1737 1532 1798 1597 hoc
1815 1555 1893 1618 quo-

238 1665 311 1728 que,
336 1643 393 1728 qui
416 1642 571 1728 sequitur,
595 1639 705 1705 libello
729 1639 915 1728 specialiter
927 1661 928 1664 ’
939 1639 979 1703 dc
1003 1638 1137 1724 regibus
1154 1651 1187 1703 et
1204 1638 1408 1726 principibus
1425 1651 1457 1704 et
1473 1639 1670 1725 generaliter
1686 1639 1727 1702 de
1744 1637 1893 1702 omnibus

192 1775 219 1813 ro
237 1747 388 1813 fidelibus
419 1760 451 1812 ct
483 1748 580 1835 quod,
612 1747 668 1812 ubi
698 1748 845 1828 avaritia,
876 1746 1002 1810 invidia
1034 1757 1066 1810 et
1096 1745 1205 1811 odium
1242 1757 1274 1810 et
1309 1757 1419 1810 cetera
1453 1748 1533 1810 vitia
1568 1747 1697 1810 caritati
1731 1746 1894 1809 contraria

237 1867 375 1942 regnant
399 1856 542 1940 -quia
571 1854 685 1918 eadem
710 1856 838 1934 caritas,
870 1876 955 1940 quae
980 1853 1072 1916 Deus
1097 1865 1155 1932 est,
1184 1852 1234 1916 his
1265 1854 1372 1917 inesse
1403 1876 1468 1917 non
1498 1865 1605 1939 potest
1635 1892 1678 1899 -
1709 1864 1810 1916 status
1842 1874 1893 1915 ee·

238 1962 357 2027 clesiae
381 1960 583 2049 periclitetur
607 1973 639 2024 ct
662 1959 750 2046 quod
773 1959 887 2044 religio
906 1959 1092 2024 Christiana
1117 1958 1177 2022 sub
1201 1958 1356 2046 apostolis
1374 1959 1532 2036 devotius
1552 1981 1650 2046 quam
1666 1981 1752 2022 nune
1769 1957 1893 2038 floreat,

237 2068 382 2134 floruerit
406 2082 438 2133 et
461 2083 571 2132 nostro
595 2066 705 2132 seculo
731 2067 818 2130 circa
842 2065 958 2130 multos
983 2077 1174 2146 marcescat,
1199 2077 1300 2129 restat
1323 2066 1595 2152 prosequendum.

344 2196 425 2277 (55).
454 2192 571 2279 Cap?
592 2192 619 2256 Ι.
660 2190 770 2272 Quid
800 2191 854 2253 sit
884 2213 973 2268 rex,
1006 2188 1219 2276 quidesse
1244 2189 1399 2276 quidve
1424 2212 1575 2254 cavere
1601 2188 1763 2254 debeat.
1803 2189 1896 2253 Rex³

193 2326 219 2364 rs
238 2323 258 2362 a
287 2314 375 2364 recte
406 2298 534 2385 agendo
559 2311 703 2363 vocatur.
758 2296 793 2362 si
825 2298 911 2361 enirn
942 2298 995 2383 pie
1027 2308 1059 2361 et
1089 2298 1172 2359 iuste
1208 2308 1240 2360 et
1270 2295 1524 2361 misericorditer
1554 2298 1648 2382 regit,
1684 2297 1799 2361 merito
1835 2319 1894 2359 rex

237 2405 435 2492 appellatur;
467 2408 495 2469 si
518 2406 567 2470 his
592 2406 742 2484 caruerit,
774 2426 838 2468 non
863 2426 932 2482 rex,
957 2403 1015 2468 sed
1039 2416 1197 2490 tyrannus
1222 2410 1301 2467 est⁴.
1348 2403 1509 2489 Antiqui³
1531 2414 1639 2467 autem
1664 2425 1775 2467 omnes
1800 2425 1894 2489 reges

238 2524 393 2598 tyrannos
416 2511 589 2590 vocabant,
614 2511 672 2575 sed
696 2523 809 2597 postea
833 2512 886 2597 pie
911 2523 943 2575 et
966 2511 1049 2575 iuste
1074 2521 1106 2575 et
1129 2509 1385 2574 misericorditer
1408 2520 1557 2596 regentes
1574 2511 1660 2595 regis
1684 2531 1803 2573 nornen
1819 2520 1895 2572 sunt

239 2619 366 2706 adepti,
398 2620 497 2706 impie
521 2641 610 2696 vero,
644 2618 760 2681 iniuste
792 2617 1031 2703 crudeliterque
1066 2615 1326 2704 principantibus
1361 2639 1427 2680 uon
1461 2617 1558 2702 regis,
1594 2616 1652 2680 sed
1687 2616 1894 2701 tyrannicum

239 2737 383 2812 aptatum
408 2737 457 2789 est
481 2746 608 2789 nomen.
657 2724 743 2804 Quia
767 2746 845 2808 ergo
870 2746 972 2788 rexa
1004 2723 1147 2809 regendo
1179 2722 1308 2804 dicitur,
1343 2723 1448 2809 primo
1485 2724 1515 2786 ei
1545 2721 1739 2786 studendum
1770 2733 1829 2803 est,
1860 2735 1895 2785 ut

193 2835 447 2918 sesemetipsum
472 2852 629 2916 suamque
654 2830 784 2895 domum
809 2829 931 2894 Christi
957 2830 1135 2894 adiuvante
1165 2830 1273 2916 gratia
1303 2827 1345 2893 ab
1377 2828 1530 2915 operibus
1561 2851 1702 2915 nequam
1732 2827 1895 2892 emaculet

241 2939 398 3026 bonisque
422 2936 575 3025 operibus
600 2936 782 3001 exuberare
806 2938 916 3016 faciat,
941 2947 975 3001 ut
999 2935 1041 3000 ab
1065 2960 1105 3001 ea
1129 2938 1229 3001 ceteri
1254 2934 1394 3000 subiecti
1417 2933 1538 2999 bonum
1562 2934 1748 3021 exemplum
1765 2958 1895 3021 semper

240 3048 379 3134 capiant.
419 3044 494 3131 lpse
518 3046 617 3109 etiam
641 3043 814 3108 salutiferis
832 3042 954 3108 Christi
978 3044 1163 3129 praeceptis
1186 3042 1326 3108 fideliter
1350 3053 1447 3128 atque
1464 3040 1677 3106 oboedienter
1693 3040 1895 3106 obsecundet

240 3171 272 3216 et
295 3165 382 3216 recte
406 3149 535 3237 agendo
560 3173 625 3232 eus,
650 3149 768 3238 quibus
793 3149 1014 3236 temporaliter
1037 3151 1186 3237 imperat,
1218 3151 1251 3213 in
1274 3171 1355 3236 pace
1381 3161 1413 3212 et
1436 3148 1612 3213 concordia
1636 3161 1733 3234 atque
1758 3150 1893 3212 caritate

241 3270 485 3344 ceterorumque
509 3255 669 3322 bonorum
700 3280 833 3344 operum
865 3255 1077 3334 exhibitione,
1110 3268 1265 3343 quantum
1297 3254 1360 3320 sibi
1392 3255 1547 3320 divinitus
1579 3255 1684 3336 datur,
1716 3256 1893 3319 consistere

194 3391 221 3432 rs
241 3366 339 3430 faciat
362 3377 394 3429 et
416 3364 512 3429 dictis
536 3377 634 3451 atque
659 3362 818 3450 exemplis
842 3362 884 3427 ad
909 3385 990 3450 opus
1021 3364 1152 3450 pietatis
1184 3376 1215 3427 et
1245 3363 1386 3427 iustitiae
1423 3375 1455 3426 et
1490 3361 1712 3426 misericordie
1748 3361 1895 3426 sollerter

242 3474 372 3552 excitet,
403 3470 594 3554 adtendens,
626 3471 713 3559 quod
745 3493 804 3557 pro
835 3469 884 3534 his
908 3470 982 3534 Deo
1012 3472 1171 3534 rationem
1203 3469 1388 3534 redditurus
1418 3471 1469 3552 sit,
1503 3481 1662 3555 quatenus
1693 3470 1737 3532 ita
1766 3467 1894 3554 agendo

241 3591 424 3644 sanctorum
449 3601 573 3666 regum,
605 3580 660 3664 qui
684 3578 757 3643 Deo
789 3579 914 3641 sincere
945 3577 1118 3641 serviendo
1149 3577 1351 3664 placuerunt,
1382 3589 1455 3662 post
1485 3575 1569 3640 hanc
1599 3576 1894 3661 peregrinationem

242 3709 374 3750 consors
398 3687 566 3751 efficiatur.
614 3686 667 3749 De
691 3707 768 3771 rege
793 3695 911 3764 autem,
937 3683 1042 3770 qualis
1066 3707 1138 3748 esse
1162 3684 1214 3748 vel
1239 3683 1319 3770 quid
1343 3705 1459 3747 cavere
1485 3681 1613 3760 debeat,
1645 3682 1691 3745 ita
1714 3683 1747 3746 in
1772 3682 1893 3746 Deute-

242 3795 384 3857 ronomio
408 3792 543 3878 legitur:
578 3793 655 3858 Cum
682 3796 839 3880 inpressas
855 3793 969 3879 frueris
992 3807 1119 3871 terrum,
1150 3817 1244 3878 quum
1269 3791 1415 3856 dominus
1438 3789 1526 3854 Deus
1550 3805 1620 3854 tuus
1650 3789 1740 3854 dudit
1768 3791 1837 3870 tibi,
1868 3804 1896 3854 et

196 3925 223 3964 ro
238 3900 418 3987 possederis
441 3925 508 3964 earn
532 3901 784 3984 habiturert'sque
810 3902 841 3963 in
868 3899 925 3962 illu
950 3913 978 3962 et
1001 3898 1142 3962 ds'reris:
1169 3901 1363 3963 Constiterant
1384 3922 1480 3984 super
1495 3923 1543 3962 me
1559 3921 1672 3984 repent,
1688 3898 1770 3960 sicut
1784 3896 1896 3960 hubent

242 4031 345 4071 ‹turnes
371 4032 431 4093 per
461 4009 625 4071 es'rcru'turn
662 4008 812 4084 nationes,
847 4031 914 4068 eum
951 4007 1130 4084 constitues,
1166 4029 1255 4091 quern
1293 4005 1438 4069 dominus
1468 4004 1557 4068 Deus
1591 4018 1661 4068 tuus
1696 4003 1823 4090 elegerit
1856 4002 1895 4066 de

242 4139 368 4178 ›surrrero
384 4115 531 4202 fratrum
557 4129 688 4177 tuorum.
743 4111 785 4175 Et
807 4125 881 4197 post
904 4134 1027 4198 pauca:
1052 4112 1124 4176 Xon
1149 4113 1274 4176 habebit
1297 4136 1408 4176 uxores
1434 4112 1606 4197 plurimus,
1637 4135 1717 4196 quae
1747 4111 1896 4174 inliciunt

241 4224 380 4286 urrinuun
405 4223 483 4300 eius,
507 4244 603 4305 neque
626 4222 752 4306 arpenti
772 4233 799 4282 et
822 4222 899 4283 auri
922 4222 1062 4283 t‘runensa
1082 4218 1238 4304 peredere.
1284 4217 1455 4302 Postquam
1478 4233 1580 4282 autem
1603 4217 1721 4281 sederit
1752 4219 1785 4280 ia
1813 4216 1895 4280 solio

241 4332 334 4414 requi
352 4330 414 4404 sui,
439 4327 596 4391 describat
617 4327 684 4390 sibi
704 4325 980 4390 Deuteronorniurn
1005 4327 1083 4412 lepris
1106 4325 1200 4389 dirius
1232 4326 1264 4388 r'n
1297 4325 1461 4403 uolumine,
1491 4327 1653 4410 accipiens
1683 4324 1844 4409 enerrrplur
1874 4348 1894 4386 α

196 4459 223 4497 ss
241 4434 454 4498 sacerdotibus
479 4433 639 4497 beriticus
662 4434 773 4512 tribus,
797 4446 825 4496 et
847 4433 971 4496 habebit
992 4456 1092 4495 secans
1119 4432 1255 4517 legetque
1279 4430 1364 4494 illud
1385 4431 1528 4494 omnibus
1559 4431 1668 4494 diebus
1701 4433 1780 4494 ritae
1807 4454 1895 4508 suae,

244 4555 274 4603 ut
297 4541 399 4605 discat
426 4543 533 4605 timere
564 4539 724 4603 ‹loneinuru
753 4538 851 4601 Deum
875 4563 965 4600 sursus
990 4552 1018 4601 et
1046 4538 1203 4602 custodire
1235 4539 1327 4600 cerba
1357 4551 1386 4600 et
1414 4539 1605 4601 cerimonias
1636 4538 1713 4614 eius,
1742 4562 1799 4622 que
1831 4538 1895 4620 lepe

236 4661 407 4733 praecepta
430 4663 509 4711 sunt.
558 4645 624 4710 Nec
648 4645 810 4709 extolletur
834 4668 887 4708 eor
910 4646 978 4708 eius
1001 4647 1033 4708 in
1058 4647 1240 4730 superbiam
1262 4669 1357 4730 super
1373 4647 1502 4731 fratres
1531 4667 1605 4708 suos
1634 4668 1731 4728 aeque
1762 4643 1896 4706 declinet

349 4830 443 4880 LIIII.
472 4829 692 4892 Spoeniteutiae
714 4827 740 4877 V.
795 4820 1257 4892 blibereecuuduslllcogratias.
1277 4827 1362 4876 Amen
1381 4825 1442 4875 add.
1463 4826 1489 4886 Γ,
1509 4825 1640 4891 prologus
1656 4823 1717 4874 libri
1730 4825 1843 4874 secundi
1864 4824 1894 4874 P.

348 4918 436 4984 Praes.
465 4912 545 4981 bad]
565 4933 581 4967 a
601 4918 627 4967 Γ.
686 4920 717 4968 12
738 4915 914 4983 pereclitetur
934 4915 960 4964 V.
1016 4917 1049 4965 13
1064 4910 1292 4980 prosequendum]
1309 4914 1429 4980 Explicit
1442 4914 1572 4979 prologus
1587 4913 1647 4964 libri
1662 4913 1777 4964 secrmdi
1789 4912 1849 4962 add.
1865 4912 1894 4965 P.

195 5029 224 5066 40
350 5008 372 5057 1.
402 5009 434 5056 lt
454 5001 691 5070 Cap.-debeat]
714 5005 775 5056 c.1
798 5007 826 5056 in
845 5023 924 5070 marg.
942 5005 977 5054 cl.
995 5013 1136 5054 atraerento
1155 5004 1185 5055 P.
1279 5006 1443 5054 livoratus
1464 5003 1490 5053 V.
1510 5003 1541 5053 P.
1633 5005 1667 5053 22
1687 5003 1848 5052 obedienter
1868 5001 1894 5050 Γ.

243 5099 276 5148 et
296 5090 397 5162 regum]
417 5111 531 5160 regnum
551 5095 578 5144 Γ.
652 5097 685 5146 28
705 5097 743 5147 ita
761 5095 827 5145 deest
845 5091 876 5143 P.
950 5095 983 5144 29
1003 5094 1111 5144 fueritis
1132 5093 1158 5142 Γ.
1231 5095 1265 5143 30
1284 5092 1433 5157 possideris
1452 5094 1483 5144 Ρ.
1556 5094 1590 5142 35
1610 5093 1725 5142 Levitae
1745 5090 1776 5142 Ρ.

352 5259 382 5328 1)
408 5256 458 5330 Cf.
475 5257 639 5330 Hinscbius,
656 5259 885 5316 ‘Kircltenrecltt'
903 5257 958 5328 IV,
976 5260 1045 5316 801.
1065 5259 1133 5324 704,
1157 5265 1186 5312 ut
1202 5263 1294 5312 utunet
1309 5255 1434 5325 Kruuse,
1461 5251 1533 5312 MG.
1554 5253 1647 5330 Capit.
1665 5255 1704 5322 II,
1723 5258 1762 5314 39
1778 5275 1848 5311 unu.
1867 5257 1894 5313 7.

245 5366 276 5436 2>
293 5365 385 5423 Huius
398 5364 464 5422 iibri
474 5365 571 5442 cupita
581 5365 676 5422 ourniu
688 5365 805 5421 reductu
816 5374 881 5421 sunt
891 5385 910 5421 α
923 5364 996 5421 Iona
1008 5361 1137 5436 episcopo
1150 5361 1349 5418 aurelianensi
1359 5356 1565 5435 (825-843),
1579 5360 1628 5436 qui
1639 5360 1754 5418 cortcilio
1767 5361 1898 5432 interfuit

244 5469 282 5546 (u.
291 5493 324 5548 p.
334 5476 395 5532 606
406 5474 425 5528 l.
436 5476 455 5531 6
461 5467 528 5548 sq),
545 5489 659 5528 rnurrerc
670 5479 700 5527 ut
710 5470 819 5527 videtur
830 5470 936 5527 notarii
944 5470 1075 5546 suaqeas
1087 5463 1127 5538 (u.
1136 5487 1169 5542 p.
1178 5470 1240 5525 597
1252 5468 1271 5522 l.
1282 5469 1319 5526 14
1329 5464 1397 5543 sq),
1413 5476 1440 5524 et
1449 5488 1478 5524 a.
1488 5471 1558 5526 834.
1573 5469 1670 5524 codun
1683 5467 1746 5542 ipsu
1760 5468 1855 5543 capita
1867 5467 1896 5523 in

197 5608 227 5647 ω
243 5581 314 5637 libro
329 5580 364 5637 de
375 5578 545 5635 instinctione
560 5577 640 5654 reyia
651 5571 773 5652 (Mipne,
787 5575 959 5633 Faustina
975 5575 1001 5635 C
1007 5576 1053 5646 VJ,
1064 5578 1107 5635 27
1108 5578 1127 5632 9
1133 5570 1207 5650 sqq.)
1221 5574 1363 5650 repetivi&
1382 5574 1424 5646 cs.
1439 5575 1557 5644 Sirusoa,
1571 5576 1590 5630 l.
1605 5576 1624 5629 l.
1637 5573 1662 5636 Ι,
1674 5577 1733 5633 381
1741 5593 1801 5650 sqq.
1816 5575 1897 5630 Anie-

244 5689 320 5763 Iunp,
337 5686 355 5743 Ι.
373 5688 392 5743 l.
404 5707 437 5762 p.
455 5689 563 5761 sssqq.
642 5684 672 5752 3)
697 5683 745 5756 Cf.
762 5682 863 5740 relatio
879 5682 1069 5758 episcoporum
1087 5703 1111 5740 c.
1125 5685 1183 5750 5⁶⁸,-
1203 5683 1221 5738 ἰ.
1236 5683 1253 5738 I.
1267 5681 1309 5753 ΙΙ,
1322 5685 1414 5757 tb'sq.
1450 5681 1537 5738 Ionas
1549 5682 1657 5750 Aurei,
1673 5681 1718 5737 De
1729 5681 1898 5738 institutione

244 5794 324 5870 repis
341 5813 364 5850 c.
379 5796 407 5852 3.
441 5789 546 5849 C'encil.
560 5790 790 5866 Aquispranease
804 5792 867 5849 836
883 5789 959 5845 decr.
974 5808 1037 5864 cup,
1051 5788 1104 5846 ΙΙΙ
1114 5809 1153 5844 rc.
1169 5793 1195 5847 1.
1212 5795 1242 5847 2.
1262 5783 1323 5848 (sil.
1341 5793 1412 5864 42ss
1435 5789 1519 5859 infru
1530 5809 1563 5863 p.
1579 5791 1653 5846 715.
1724 5788 1754 5856 4)
1780 5785 1828 5858 Cf.
1845 5787 1897 5844 Isi·

245 5901 340 5969 dorus,
355 5899 479 5956 Senterrt.
497 5895 554 5966 ΙΙΙ,
566 5891 643 5972 4θὲ
657 5900 686 5964 7,·
704 5895 777 5972 Opp
792 5895 840 5966 Vl,
855 5898 917 5955 338
927 5915 969 5970 sq.
1040 5896 1071 5963 5)
1090 5893 1138 5965 Qt‘.
1153 5894 1289 5962 Isidorus,
1305 5894 1427 5968 Etymol.
1442 5893 1492 5950 IX
1497 5886 1520 5972 ὅ
1530 5899 1579 5955 19.
1592 5899 1649 5962 20;
1667 5893 1740 5970 Opp.
1755 5894 1812 5962 ΙΙΙ,
1824 5896 1897 5953 les.

298 6015 343 6057 Lu.
356 6013 455 6054 Corellia
469 6012 498 6055 11.
1650 6018 1685 6067 52

1915 753 1943 791 ct.
1952 752 2046 795 Denter.

1945 804 1978 854 2⁸,
1988 805 2021 847 10.

1912 1881 2005 1921 et.l.10h
2015 1879 2073 1930 φῦ.

1914 3811 2007 3850 Denter,
2015 3812 2048 3860 Π,

1947 3866 1978 3904 lt.
1987 3864 2019 3905 tt.

1914 4134 2076 4185 minu-ro.
