4884 6717
540 526 605 589 572

584 721 678 802 (Vr).
700 718 743 783 X.
772 717 842 782 Ut1
862 718 901 781 in
922 717 1116 804 eligendis
1138 720 1338 804 episcopis

539 847 739 890 canonum
770 823 917 910 regula
947 836 1204 889 reservetur.
1259 824 1337 910 Epi-

538 954 673 1018 scopum
697 931 784 994 enim
803 932 989 995 consecrari
1004 953 1071 995 non
1087 932 1251 1012 convenit,
1276 932 1338 995 nisi

539 1061 559 1103 a
575 1037 701 1102 clericis
718 1048 750 1102 et
764 1036 885 1123 populo
901 1037 1000 1101 fuerit
1015 1037 1205 1124 postulatus.
1240 1036 1338 1102 Unde

539 1143 722 1209 Celestinus
738 1166 825 1230 papa
841 1142 937 1207 dicit:
962 1143 1100 1208 Nullus³
1123 1145 1234 1209 invitis
1254 1143 1337 1208 ordi-

537 1262 633 1314 netur
663 1251 851 1336 episcopus3
884 1249 989 1336 plebis
1020 1251 1117 1331 enirn,
1146 1250 1337 1316 clericorum

539 1368 572 1422 et
595 1357 718 1421 ordinis
737 1379 931 1421 consensum
949 1368 981 1421 et
997 1357 1195 1422 desiderium
1212 1369 1340 1422 constat

540 1486 612 1529 esse
650 1462 899 1550 requirendum3
940 1474 972 1527 et
1009 1463 1077 1528 Leo
1116 1465 1339 1528 sanctissimus

539 1594 626 1658 papa
650 1572 710 1635 ait:
735 1574 842 1634 Nulla5
860 1580 933 1634 euim
949 1580 1114 1646 redormit,
1138 1587 1168 1634 ut
1184 1581 1261 1634 iuter
1278 1580 1338 1651 epi·

539 1705 639 1759 acopos
662 1687 820 1742 habeantur
844 1687 891 1757 qui
915 1704 968 1741 nec
988 1704 1004 1740 a
1027 1686 1136 1742 clericis
1160 1693 1226 1741 sunt
1254 1686 1339 1741 electi

539 1812 593 1849 nec
617 1812 634 1848 a
656 1793 789 1864 plebibus
820 1793 950 1863 expetiti.
1004 1783 1129 1864 Quodsi
1159 1784 1192 1847 in
1225 1783 1339 1847 cadem

541 1888 661 1954 eclesia
692 1889 808 1975 dignus
838 1911 902 1953 non
927 1890 1121 1969 inveniatur,
1153 1900 1230 1954 tunc
1260 1889 1342 1954 alter

541 1996 582 2060 de
607 1996 709 2060 altera
733 1995 871 2082 eligatur
894 1995 1023 2075 eclesia,
1047 2008 1167 2077 tamen,
1192 1999 1340 2084 quamvis

540 2104 719 2168 necessitas
755 2105 895 2183 eveniat,
931 2103 1091 2168 invidiose
1125 2103 1213 2169 nullo
1245 2103 1340 2168 modo

542 2221 751 2274 consecretur
772 2211 902 2274 invitus.

1023 531 1074 586 46.
1111 530 1331 588 CONCILIUM
1354 530 1555 587 Romanum
1578 532 1615 586 Α.
1636 530 1711 586 826.

1438 717 1686 801 (111111).
1710 717 1753 782 X.
1778 717 1859 781 De2
1880 714 2194 794 sacerdotibus,

1393 825 1461 909 qui
1492 825 1532 888 in
1561 823 1735 888 eclesiis
1759 824 1820 889 rel
1851 827 1889 888 in
1919 823 2194 888 monasteriis

1392 953 1471 994 non
1495 928 1699 995 habitant.
1736 930 1932 995 Sacerdotes
1953 952 2094 1017 namque
2119 952 2195 994 con·

1394 1036 1482 1101 stitui
1516 1059 1581 1101 non
1617 1049 1753 1125 oportet,
1789 1038 1851 1101 nisi
1887 1039 1921 1100 in
1956 1036 2103 1101 ecclesiis
2139 1048 2195 1100 aut

1394 1143 1527 1229 speciali
1552 1145 1747 1208 monasterio
1772 1144 1999 1230 deputenturl,
2024 1165 2066 1207 ne
2082 1160 2227 1208 neces-⁶

1394 1251 1472 1314 sitas
1506 1251 1540 1314 in
1575 1249 1798 1315 saecularibus
1829 1249 1978 1344 domibus
2008 1250 2072 1315 illis
2102 1249 2194 1314 habi-

1393 1356 1485 1421 tandi
1516 1370 1675 1422 occurrat.
1721 1357 1878 1443 Alioquin
1907 1379 1928 1421 a
1957 1357 2096 1443 propriis
2127 1358 2195 1443 epi-

1395 1465 1502 1550 scopis
1526 1475 1583 1549 aut
1605 1465 1640 1527 in
1664 1465 1831 1550 episeopis
1861 1465 1974 1528 autin
1998 1465 2196 1527 monasteria

1394 1569 1565 1635 habitandi
1600 1582 1632 1635 et
1668 1569 1884 1635 conversandi
1919 1593 1977 1656 pro
2009 1569 2194 1634 exercendo

1395 1677 1502 1742 officio
1527 1677 1779 1758 constituantur;
1811 1677 1846 1740 in
1874 1675 1992 1763 quibus
2017 1677 2103 1740 enim
2127 1700 2194 1740 mu·
2215 1692 2241 1730 ¹0

1395 1784 1490 1848 lieres
1530 1785 1718 1847 conversari
1763 1782 1852 1847 nulla
1897 1785 1979 1848 ratio
2026 1784 2193 1869 permittit.

1394 1889 1539 1975 Ideoque
1556 1888 1603 1954 ibi
1616 1912 1671 1954 eos
1685 1891 1872 1954 conversari
1886 1904 1918 1953 et
1929 1890 2044 1954 nutriri
2057 1901 2193 1976 oportet.

1442 2023 1551 2081 Forma
1580 2023 1681 2080 asinar.
1728 2023 1766 2078 X.
1803 2023 1973 2079 Sacerdotes
2003 2041 2059 2078 non
2090 2024 2193 2078 consti·

1502 2138 1618 2185 tuantur
1644 2131 1696 2184 nisi
1720 2131 1748 2185 in
1776 2130 1905 2186 aeclesiis
1938 2140 1987 2185 aut
2014 2132 2194 2197 monasterio,

1502 2238 1550 2291 ubi
1574 2237 1696 2293 feminae
1720 2255 1776 2293 non
1799 2238 1937 2292 habitant.
2215 2242 2240 2281 ¹⁶

648 2406 709 2470 XI.
751 2406 807 2471 Ut
842 2405 1072 2471 sacerdos
1106 2428 1194 2470 non
1229 2405 1392 2493 aliquo
1428 2405 1537 2469 ludo
1573 2406 1861 2470 delectetur.
1917 2404 2077 2470 Sacerdos
2108 2406 2195 2470 enim

542 2512 674 2577 sedulae
706 2512 817 2577 divina
847 2513 945 2578 debet
974 2514 1172 2599 perscrutari
1203 2524 1236 2576 et
1259 2534 1445 2577 ammonere
1469 2512 1609 2599 eloquia,
1640 2523 1676 2576 ut
1699 2513 1885 2575 inveniatur
1907 2510 2033 2593 beatus,
2065 2511 2105 2576 de
2130 2535 2194 2598 quo

459 2619 710 2706 ‚‚,psalmista
744 2620 804 2683 ait:
839 2620 882 2684 Et
911 2624 946 2686 io
977 2622 1041 2708 lepe
1071 2624 1139 2685 eius
1169 2620 1372 2685 meditabitur
1403 2620 1454 2684 die
1484 2646 1522 2684 ac
1551 2634 1646 2684 nocte.
1694 2617 1916 2699 Quamobrem
1945 2618 2039 2683 ludos
2069 2618 2194 2704 aliquos

541 2748 650 2791 coram
682 2748 716 2790 se
747 2726 817 2791 fieri
848 2750 913 2791 non
945 2726 1155 2791 delectetur.
1202 2726 1440 2812 Transgressus
1469 2727 1591 2811 qnippe
1615 2726 1767 2790 inventus
1795 2726 2025 2789 ammonitione
2049 2726 2194 2811 episcopi

541 2832 676 2898 ulterius
700 2855 797 2919 agere
823 2833 966 2916 desinat3
991 2834 1183 2914 sinautem,
1208 2834 1365 2897 canonice
1390 2831 1561 2896 iudicetur.

589 2966 698 3023 Forma
721 2967 822 3022 minor.
869 2966 921 3021 XI.
958 2966 1097 3022 Sacerdos
1120 2966 1198 3022 nullo
1221 2967 1289 3021 ludo
1313 2965 1484 3022 delectetur.

586 3159 619 3208 Χ.
651 3159 717 3209 IX.
737 3154 1001 3223 Ut—reserretur]
1028 3160 1066 3210 Ut
1091 3160 1120 3208 in
1143 3158 1203 3224 lege
1224 3156 1341 3209 latendis
1368 3153 1370 3204 l
1440 3158 1473 3207 Χ.
1501 3161 1513 3207 l
1535 3158 1569 3207 X.
1588 3152 1825 3221 De-ltsbitsnt]
1839 3157 1871 3206 Χ.
1885 3157 1926 3207 De
1939 3157 2193 3208 sacerdotibus...

543 3249 679 3313 episcopis
693 3263 827 3299 canonum
842 3247 938 3313 regula
951 3255 1124 3298 reserrentur
1143 3247 1197 3307 1¹⁹1,
1216 3247 1248 3295 V.
1263 3247 1342 3297 Utin

542 3335 681 3403 elegendis
696 3361 727 3370 -
742 3345 920 3387 conservetur
932 3335 966 3396 F,
978 3336 1016 3386 Ut
1028 3335 1207 3401 neglegendis
1221 3336 1342 3401 episcopi

543 3434 632 3475 canon
658 3424 738 3491 regul
765 3427 944 3476 observentur
970 3425 1002 3486 G,
1030 3425 1061 3473 V.
1091 3425 1129 3475 Ut
1154 3426 1182 3475 in
1209 3423 1342 3488 eligendis

543 3515 678 3579 episcopis
705 3529 839 3564 canonum
866 3512 961 3580 regula
987 3520 1165 3565 conservetur
1192 3510 1223 3566 L,
1249 3513 1282 3561 V.
1310 3511 1342 3562 B.

542 3604 558 3653 2
579 3603 732 3669 Episcopus
752 3602 782 3652 F.
869 3605 884 3652 3
904 3618 1067 3653 consecrare
1086 3601 1119 3652 B.
1202 3595 1342 3664 convenit]

543 3698 652 3758 oportet
670 3692 724 3740 Vr.
815 3687 888 3754 let]
909 3708 925 3741 a
944 3691 1005 3741 add.
1031 3691 1087 3741 Vr.
1179 3684 1341 3756 postulatus]

543 3780 684 3831 ordinatus
704 3780 758 3829 Vr.
831 3782 847 3830 5
868 3774 1050 3844 Caelestinus]
1071 3788 1097 3830 et
1117 3779 1289 3830 Caelestinus
1308 3778 1341 3838 B,

543 3876 569 3920 et
589 3868 703 3919 lestinus
724 3868 755 3919 G.
829 3870 930 3919 inritus
951 3869 1004 3929 Vi,
1030 3870 1146 3919 invictus
1167 3869 1198 3920 G.
1279 3870 1293 3919 1
1315 3875 1342 3918 et

543 3951 657 4023 ordinis]
678 3958 780 4008 ordinis
800 3956 831 4007 F.
888 3974 1024 4008 consensu
1043 3957 1076 4018 F,
1096 3973 1245 4009 consensus
1264 3957 1295 4007 G.
1309 3954 1340 4006 L.

543 4048 759 4097 Ssanctissimus
770 4041 851 4113 papa]
867 4063 939 4113 papa
949 4049 1135 4097 sanctissimus
1151 4046 1202 4095 Vr.
1254 4044 1271 4096 9
1285 4047 1340 4110 epi·

542 4152 642 4202 scopus
662 4134 694 4185 F.
751 4139 784 4185 10
803 4135 938 4185 habeatur
957 4135 989 4186 F.
1045 4134 1127 4185 electi
1140 4130 1200 4199 nec]
1214 4133 1294 4186 electi
1308 4134 1341 4185 F.

544 4228 573 4275 11
597 4226 717 4291 expediti
736 4224 767 4275 F.
860 4227 891 4275 12
912 4223 1031 4275 ecclesia
1049 4223 1082 4274 B.
1103 4222 1134 4273 F.
1155 4220 1186 4273 L.
1273 4223 1342 4274 alter

541 4314 606 4364 deest
627 4315 659 4363 G.
752 4317 783 4364 13
804 4312 923 4364 ccclesia
942 4312 975 4363 B.
995 4312 1027 4362 L.
1111 4306 1213 4375 tamen]
1233 4320 1287 4363 tam
1310 4313 1341 4363 G.

545 4406 575 4452 14
595 4403 723 4453 invitiose
743 4401 797 4452 Vr.
855 4405 886 4452 15
906 4398 1092 4462 consecretur]
1113 4396 1290 4452 conservetur
1311 4400 1341 4452 L.

1396 3247 1424 3295 in
1443 3247 1614 3296 monasteriis
1628 3263 1682 3296 non
1696 3283 1701 3294 .
1716 3283 1742 3295 ..
1764 3245 1795 3300 F.
1815 3246 1848 3296 X.
1868 3247 1910 3296 De
1929 3247 2126 3307 sacerdotibus,
2147 3249 2193 3313 qui

1396 3336 1424 3384 in
1445 3335 1551 3385 eclesiis
1572 3334 1614 3386 rel
1635 3337 1806 3386 monasteriis
1825 3351 1879 3385 non
1898 3336 2023 3386 habitant
2043 3335 2075 3395 G,
2099 3336 2131 3385 Χ.
2151 3337 2193 3387 De

1396 3423 1593 3483 sacerdotibus,
1620 3426 1667 3488 qui
1693 3425 1722 3474 in
1748 3423 1873 3474 ecclesiis
1893 3422 1936 3474 vel
1958 3427 2121 3476 monasteria
2139 3442 2193 3477 non
2212 3438 2239 3479 at

1396 3512 1519 3562 habitant
1540 3512 1569 3573 L,
1589 3513 1622 3562 X.
1642 3512 1675 3563 B.
1757 3515 1773 3564 3
1793 3515 1924 3564 constitui
1943 3508 2008 3577 non]
2028 3529 2079 3564 con
2093 3552 2099 3563 .
2114 3551 2140 3568 ..
2160 3514 2193 3564 F.

1397 3602 1460 3650 lin
1478 3601 1545 3652 deut
1563 3601 1639 3652 ΕΙ..
1696 3601 1816 3652 ecclesia
1835 3600 1867 3663 F,
1888 3601 1990 3653 eclesia
2010 3602 2041 3653 G.
2098 3604 2193 3669 dspe-

1398 3688 1462 3739 ciali
1482 3684 1658 3754 monasterio]
1678 3707 1709 3756 sp
1730 3727 1736 3740 .
1754 3728 1760 3739 .
1780 3728 1785 3739 .
1806 3693 1876 3741 terio
1898 3690 1929 3740 F.
1984 3693 2143 3742 monasterii
2162 3691 2194 3741 L.

1397 3795 1431 3828 ne
1441 3778 1507 3828 deest
1517 3779 1548 3829 F.
1604 3782 1754 3830 necessitas
1766 3805 1798 3813 -
1809 3775 2007 3844 saecularibus]
2017 3797 2099 3831 neces
2110 3821 2116 3834 .
2128 3817 2135 3831 .
2145 3818 2151 3830 .
2163 3780 2194 3832 F.

1397 3869 1413 3918 6
1439 3867 1588 3918 habitando
1611 3867 1641 3918 F.
1663 3869 1694 3918 G.
1769 3870 1783 3919 t
1808 3879 1940 3920 occurrat.
1967 3864 2106 3934 Alioquin]
2134 3907 2139 3919 .
2161 3906 2167 3918 .
2187 3906 2194 3920 .
2213 3883 2240 3922 to

1397 3958 1462 4021 quin
1482 3956 1513 4006 F.
1571 3951 1772 4020 Sunt—aut]
1793 3995 1799 4006 .
1818 3992 1825 4006 .
1846 3996 1851 4006 .
1873 3956 1906 4007 F.
1963 3957 2141 4009 annotandi
2160 3983 2194 3992 -

1397 4042 1587 4111 conversandi]
1608 4047 1684 4097 habit
1697 4085 1703 4096 .
1718 4084 1745 4096 ..
1765 4046 1797 4098 F.
1865 4050 1896 4097 10
1915 4047 2006 4097 officia
2024 4046 2057 4097 L.
2113 4043 2192 4110 enim]

1395 4135 1432 4185 ita
1460 4133 1493 4185 F.
1523 4134 1554 4185 G.
1583 4136 1619 4195 L,
1647 4154 1682 4186 aa
1711 4138 1793 4186 etiam
1821 4135 1951 4201 dependam
1977 4135 2040 4196 esti,
2067 4136 2134 4187 deest
2161 4137 2193 4187 B.

1399 4226 1426 4273 11
1463 4226 1620 4274 conversari
1651 4250 1686 4258 -
1718 4218 1889 4289 permittitur]
1922 4241 2084 4275 conversare
2119 4224 2194 4275 nulla

1397 4313 1502 4362 ratione
1534 4314 1700 4378 permittitur
1728 4312 1761 4374 F,
1792 4312 1869 4364 nulla
1900 4315 2058 4364 conversari
2087 4316 2193 4365 ratione
2213 4331 2240 4370 ss

1396 4402 1530 4465 permittit
1551 4401 1582 4451 G.
1662 4404 1694 4452 12
1723 4402 1899 4467 Ideoque-
1919 4409 2029 4467 oportet
2053 4402 2143 4454 aaut
2163 4403 2194 4453 G.

1395 4514 1431 4524 -
1450 4514 1482 4523 -
1512 4492 1543 4540 13
1566 4485 1740 4555 Sacerdotes]
1766 4490 1842 4540 nullo
1867 4490 1928 4541 odd.
1948 4491 1981 4540 M
1995 4496 2020 4552 4,
2045 4490 2089 4541 sed
2108 4501 2195 4557 postea

1395 4578 1510 4628 deletum.
1588 4582 1619 4629 11
1649 4578 1772 4629 ecclesiis
1801 4578 1864 4628 Va
1894 4578 1925 4629 P.
1953 4579 2022 4640 1²4,
2051 4579 2194 4631 aecclesiis

1403 4667 1458 4727 Vs,
1479 4667 1588 4718 eclesiis
1607 4668 1640 4717 M
1649 4673 1673 4718 3.
1693 4673 1718 4718 1.
1806 4669 1973 4719 monasterio
1991 4686 2055 4720 cerr.
2073 4670 2107 4720 ol.
2126 4687 2194 4720 swa.

1396 4758 1568 4806 monasteriis
1595 4755 1625 4806 Ρ.
1695 4758 1726 4807 15
1746 4758 1846 4808 femine
1873 4757 1965 4812 VM,
1985 4759 2120 4809 faeminas
2140 4759 2194 4810 Vs.
2212 4774 2241 4813 so

1396 4844 1519 4896 habitent
1538 4845 1592 4894 t'a
1613 4844 1643 4904 P,
1663 4845 1788 4895 habitant
1806 4863 1870 4896 corr.
1889 4846 2013 4898 habitent
2032 4847 2087 4899 Va.

648 4952 695 5001 xl.
725 4949 758 5002 le
777 4951 826 5001 xl.
847 4951 929 5001 tit—
943 4944 1103 5012 delectetur]
1124 4950 1161 5000 ito
1180 4950 1235 5000 Vr.
1249 4950 1280 5004 F.
1296 4951 1327 5012 G,
1347 4951 1396 5001 xl.
1415 4952 1451 5002 Ut
1463 4953 1621 5002 sacerdotes
1635 4951 1737 5002 fenoris
1751 4950 1854 5016 aliquid
1868 4955 2031 5004 antrustica
2043 4955 2195 5005 ministeris

541 5057 596 5091 non
616 5046 762 5091 exerceant
779 5038 815 5098 (c.
833 5038 906 5105 infra
924 5039 1049 5089 rubricam
1067 5056 1087 5088 c.
1104 5039 1149 5098 12)
1168 5038 1200 5098 L,
1219 5039 1268 5089 XI.
1288 5039 1321 5090 B.

1402 5041 1566 5091 Sacerdotes
1586 5039 1617 5090 L.
1711 5042 1742 5091 11
1762 5040 1876 5091 sedulae
1894 5059 1957 5092 corr.
1977 5042 2073 5093 sedule
2093 5042 2126 5104 F,
2152 5059 2193 5094 se·

542 5128 606 5180 dule
627 5128 659 5179 B.
680 5128 712 5179 G.
731 5127 763 5178 L.
843 5135 1012 5193 perscnrtare
1033 5128 1056 5175 V
1064 5133 1087 5177 1.
1169 5127 1317 5178 admouere
1337 5127 1368 5178 F.
1390 5129 1421 5178 G.
1442 5126 1474 5177 L.
1557 5131 1651 5179 beatus
1671 5129 1738 5179 deest
1757 5128 1810 5178 111.
1894 5129 1927 5180 18
1946 5133 2121 5183 meditavitur
2140 5131 2195 5182 Vr.

543 5217 607 5269 ludo
627 5219 720 5283 aliquo
741 5218 794 5267 Vr.
814 5216 847 5266 F.
868 5217 900 5276 G,
921 5217 1013 5267 ludum
1034 5215 1140 5281 aliquod
1161 5215 1194 5266 F.
1272 5219 1302 5267 19
1322 5233 1377 5267 non
1394 5217 1460 5268 deest
1479 5217 1511 5267 F.
1585 5217 1757 5269 delectentur
1775 5216 1806 5268 L.
1881 5216 2241 5285 inventus-ulterins14o

542 5309 687 5358 inventura
705 5307 828 5374 episcopi
848 5307 996 5356 monitione
1016 5306 1127 5356 alterius
1148 5305 1201 5355 Vi.
1275 5303 1411 5369 inventus]
1431 5308 1466 5357 ad
1484 5307 1545 5357 add.
1566 5307 1598 5357 G.
1669 5308 1856 5358 admonitione
1876 5307 1907 5368 F,
1927 5309 2140 5361 admonitionem
2161 5309 2192 5370 G,

542 5398 762 5447 ammonitionem
781 5394 814 5445 L.
906 5396 940 5445 20
959 5388 1076 5459 desinat]
1100 5394 1220 5460 disignat
1242 5394 1273 5446 G,
1302 5395 1428 5461 designat
1449 5394 1478 5446 L.
1570 5391 1622 5458 sin]
1650 5398 1673 5446 si
1700 5396 1722 5443 V
1729 5402 1753 5452 1,
1781 5396 1849 5446 deest
1868 5396 1900 5448 0.
1991 5400 2140 5451 canonicae
2161 5398 2193 5449 G.

541 5509 575 5520 -
594 5511 629 5519 -
648 5487 680 5535 21
701 5479 846 5546 Sacerdos]
869 5484 1021 5550 Episcopus
1041 5481 1084 5533 vel
1102 5482 1243 5548 praemittit
1260 5484 1295 5535 al.
1314 5500 1381 5534 arca.
1401 5484 1432 5534 P.
1506 5480 1580 5549 ludo]
1600 5485 1682 5536 modo
1702 5484 1765 5536 Ma.

651 5667 680 5733 l)
706 5687 747 5713 =
771 5684 862 5740 supra
882 5685 913 5740 p.
931 5669 993 5722 569
1017 5666 1105 5722 eol?
1129 5665 1147 5718 1.
1168 5668 1185 5723 1
1201 5684 1262 5739 sqq.
1288 5684 1310 5720 c.
1328 5668 1357 5722 5.
1450 5664 1480 5734 2)
1504 5689 1545 5712 =
1570 5686 1660 5742 supro
1679 5688 1711 5744 p.
1729 5672 1789 5727 571
1814 5670 1864 5725 col.
1890 5674 1907 5729 1
1932 5671 1949 5726 l.
1975 5673 2014 5729 13
2028 5689 2090 5746 sqq.
2115 5689 2139 5727 c.
2164 5672 2192 5729 9.

544 5772 573 5841 3)
597 5771 629 5827 V.
653 5792 743 5847 supra
762 5792 794 5847 p.
812 5775 874 5830 569
897 5791 966 5828 ana.
987 5774 1015 5829 4.

1123 5773 1154 5826 41
1177 5770 1207 5829 V.
1233 5790 1323 5845 supra
1341 5790 1374 5846 p.
1395 5775 1454 5860 Ι571
1478 5792 1547 5829 ano.
1574 5777 1601 5832 6.

543 5879 574 5947 6)
601 5877 649 5950 CJ.
675 5878 771 5934 corrril.
797 5878 973 5934 Laodiceose
996 5897 1018 5934 c.
1036 5881 1095 5944 5i,·
1128 5876 1227 5933 llansi
1249 5876 1289 5943 11,
1306 5881 1379 5936 582.

1710 5776 1740 5842 5)
1766 5774 1796 5830 V.
1821 5795 1911 5851 supra
1929 5796 1962 5852 p.
1984 5780 2046 5836 569
2069 5795 2138 5833 aaa.
2162 5779 2192 5836 5.
2211 5793 2242 5834 to
