4884 6717
675 543 726 598 44.
762 541 982 599 CONCILIUM
1004 541 1232 598 PARISIENSE
1256 544 1293 597 A.
1313 541 1388 598 825.
1794 533 1858 595 515

311 729 395 795 Item
420 730 565 795 eiusdem
589 732 694 794 sarreti
717 729 892 814 Augustini
916 751 1015 815 super
1037 728 1215 793 Iohannem
1245 728 1481 814 evangelistam
1504 727 1546 791 de
1570 726 1684 791 eodem
1709 748 1858 790 sermone

205 835 325 902 omelia
348 838 433 901 inter
456 847 582 902 cetera:
608 843 740 901 Interiml
757 846 848 914 niodo,
870 844 978 910 iratres,
1001 852 1031 898 ut
1046 862 1063 899 a
1078 853 1194 915 peccato
1210 863 1347 906 sanemur,
1369 843 1508 898 Christum
1522 843 1679 898 crucifixum
1695 844 1859 908 intueamur,

205 953 280 1023 quia,
302 951 374 1010 sieut
398 952 511 1026 Moyses
533 952 671 1010 enullavit
698 959 853 1027 serpentem
876 950 906 1007 in
929 950 1049 1012 hermo,
1074 950 1114 1006 itu
1137 950 1264 1007 ecaltari
1284 958 1395 1025 oportet
1408 949 1501 1027 filium
1526 949 1653 1005 hominis.
1701 950 1762 1003 Hoc
1786 950 1859 1002 enirn
1880 959 2037 1010 leuatam.

205 1060 318 1114 interest
340 1060 411 1114 inter
432 1058 548 1131 figuram
571 1061 629 1114 sive
652 1060 800 1131 imaginem
824 1068 851 1113 et
874 1075 932 1112 rem
955 1058 1059 1128 ipsam:
1089 1057 1178 1129 figura
1201 1057 1363 1128 praestabat
1385 1057 1470 1111 ritum
1493 1057 1684 1127 temporalem,
1714 1075 1758 1110 res
1789 1057 1859 1126 ipsa,

173 1166 282 1226 senius
304 1167 354 1220 illa
376 1165 464 1238 figura
488 1176 557 1230 erat,
579 1167 741 1238 praestabat
762 1166 848 1220 vitam
871 1173 1012 1220 aeternam
1035 1166 1068 1219 et
1091 1165 1210 1219 cetera.

312 1263 395 1327 Item
419 1265 524 1328 saneti
547 1264 721 1349 Augustini
746 1262 787 1326 de
810 1260 893 1326 libro
924 1263 1020 1326 tertio
1050 1272 1185 1325 sanetae
1215 1262 1367 1325 trinitatis
1397 1262 1482 1325 inter
1512 1273 1640 1325 cetera:
1671 1266 1766 1324 Νιιιιι2
1788 1270 1859 1323 sicut

204 1380 298 1433 unctio
314 1379 413 1450 lapidis
428 1380 565 1433 Christum
581 1380 608 1433 in
624 1397 716 1450 came,
739 1379 766 1432 in
790 1397 846 1449 qua
870 1385 967 1432 uucnrs
991 1387 1032 1432 cst
1054 1379 1117 1432 oleo
1141 1379 1317 1432 exaltationis
1339 1396 1407 1448 prae
1431 1376 1608 1448 participibus
1631 1377 1695 1442 siris,
1717 1377 1755 1430 ita
1780 1377 1858 1444 virga

205 1486 296 1556 Moysi
319 1503 451 1540 conversa
474 1487 501 1541 in
522 1495 679 1557 serpentem
702 1487 790 1556 ipsum
806 1485 943 1539 Christum
966 1485 1069 1539 iachim
1091 1485 1285 1538 oboedientem
1308 1503 1396 1555 nsque
1419 1486 1455 1538 ad
1478 1493 1593 1538 mortem
1617 1484 1685 1548 cius,
1707 1484 1780 1537 unde
1803 1484 1858 1536 ait:

207 1590 286 1648 Sicut
307 1592 444 1649 exultauit
467 1592 581 1664 Moyses
602 1600 759 1668 serpetrtem
781 1591 811 1648 in
834 1591 954 1648 Amano.
1878 1601 1999 1652 runnu.

162 1717 188 1758 to
312 1689 356 1753 Et
379 1701 452 1776 post
475 1701 601 1755 cetere:
633 1695 684 1754 Si8
707 1700 843 1754 inurentes
873 1699 951 1752 illum
980 1707 1135 1768 sementem
1165 1700 1317 1752 exaltatum
1347 1698 1374 1751 in
1405 1698 1515 1752 heremo
1545 1705 1701 1767 sementum
1725 1697 1859 1750 morsibus

205 1823 260 1860 non
283 1806 422 1877 peribunt,
445 1817 523 1860 votus
547 1807 628 1860 bomo
651 1815 744 1861 noster
766 1804 910 1859 crucifixus
933 1813 974 1859 est
997 1805 1070 1858 cruci
1093 1823 1155 1858 curu
1178 1805 1236 1858 illo.
1284 1805 1339 1858 Per
1361 1813 1517 1875 sementem
1547 1812 1640 1858 autem
1663 1822 1735 1857 mors
1759 1804 1858 1858 intelli·

205 1913 288 1985 gitur,
311 1931 384 1983 quae
407 1913 481 1966 iacta
512 1921 554 1966 est
576 1932 593 1966 a
616 1919 744 1983 serpente
772 1912 799 1965 in
822 1913 970 1982 paradyso,
1000 1912 1081 1965 modo
1112 1912 1257 1965 locutionis
1286 1929 1338 1982 per
1365 1909 1530 1965 efficientem
1560 1911 1598 1971 id,
1628 1911 1702 1980 quod
1733 1909 1859 1978 efficitur,

206 2022 419 2074 demonstrante.
465 2021 539 2091 Ergo
562 2020 640 2088 uirga
664 2020 692 2073 iu
714 2027 851 2089 serpente,
881 2018 1004 2072 Christum
1033 2018 1061 2071 in
1091 2025 1178 2072 morte
1208 2025 1237 2072 et
1260 2035 1373 2087 serpens
1396 2035 1487 2071 nimus
1517 2017 1544 2070 in
1567 2017 1656 2088 virga,
1685 2015 1808 2072 Christus
1831 2018 1857 2071 in

205 2127 412 2196 ressurectione,
435 2135 507 2180 totus
530 2127 557 2180 iu
581 2144 695 2197 corpore
719 2144 777 2190 suo,
800 2126 874 2195 quod
898 2133 939 2176 est
962 2126 1080 2178 ecclesia
1103 2126 1135 2179 et
1158 2127 1278 2178 cetera.

162 2250 188 2290 rs
312 2223 395 2288 Item
426 2221 513 2287 beati
537 2223 711 2308 Augustini
744 2223 776 2285 in
801 2220 884 2285 libro
908 2219 1017 2285 Exodi
1047 2223 1133 2285 inter
1161 2233 1288 2285 cetera:
1319 2227 1429 2284 Facts⁴
1455 2232 1598 2294 creditum,
1628 2232 1859 2301 quemsdnndom

205 2341 280 2395 iacta
314 2341 446 2411 legimus:
482 2349 510 2393 et
543 2349 634 2393 tamen
667 2341 727 2410 ipsa
758 2340 832 2393 laeta
862 2337 987 2391 umbram
1017 2337 1101 2391 fuisse
1136 2338 1287 2391 frimrornm
1322 2338 1474 2407 apostolica
1508 2339 1632 2392 doctrina
1662 2339 1859 2409 cognoscimus.
1878 2351 2037 2400 sternit.

206 2447 338 2501 Putamus
361 2465 427 2518 ergo
451 2446 610 2516 spiritaliter
633 2464 693 2500 esse
718 2446 909 2516 investiganda
933 2462 1006 2515 quae
1030 2444 1104 2497 facta
1127 2453 1204 2510 sm1t3
1229 2445 1303 2498 facta
1327 2453 1419 2498 tamen
1443 2462 1503 2498 esse
1519 2462 1622 2516 negare
1642 2462 1697 2499 non
1716 2463 1859 2515 possumus

206 2556 239 2607 θῑ
262 2555 382 2607 cetera.

312 2649 396 2714 Item
419 2651 489 2736 ipse
506 2650 540 2713 in
555 2648 679 2735 psalmo
696 2650 936 2736 septuagesimo
953 2648 1065 2711 tertio:
1091 2651 1199 2710 hnmo⁵
1214 2658 1269 2710 lam
1285 2658 1312 2710 in
1328 2657 1436 2711 nomine
1453 2657 1553 2711 Christi
1569 2659 1664 2713 venire
1678 2659 1859 2728 gaudeamus,

160 2783 188 2823 so
205 2767 259 2820 iarn
282 2775 409 2820 tenentes
431 2773 568 2836 sceptrum
590 2765 742 2820 subduntur
765 2766 840 2834 ligno
863 2764 960 2829 crucis,
982 2764 1036 2817 iam
1059 2763 1091 2817 lit
1114 2765 1189 2834 quod
1211 2764 1383 2834 praedictum
1407 2773 1463 2816 est:
1491 2763 1660 2820 Adorabunt
1682 2782 1741 2820 aem
1765 2784 1860 2821 omnes
1877 2777 1997 2825 Parum.

205 2892 286 2948 repes
308 2881 413 2938 terrae,
437 2880 649 2948 erumpentes
671 2872 793 2929 senuerit
814 2871 864 2927 illi.
904 2873 962 2926 lam
986 2872 1058 2925 enim
1082 2872 1109 2924 in
1132 2870 1267 2924 frontibus
1290 2889 1386 2941 rogum
1409 2871 1554 2941 pretiosius
1577 2881 1619 2924 est
1642 2872 1748 2943 signam
1771 2873 1859 2925 cmcis

205 2997 289 3051 quiam
311 2997 420 3050 gemma
442 2979 613 3033 diadenmtis.

312 3076 393 3140 Item
419 3077 594 3160 Augustini
626 3075 667 3140 de
699 3074 765 3139 lilio
789 3074 943 3140 Abrahae
975 3074 1072 3139 ducto
1104 3074 1146 3138 ad
1177 3073 1374 3139 sacrificium
1405 3075 1490 3138 inter
1519 3086 1645 3138 cetera:
1676 3080 1858 3139 Nestorius

205 3194 305 3248 tritanu
329 3193 394 3246 rrroti
418 3192 493 3254 estis,
515 3211 576 3245 cum
599 3194 650 3246 hoc
674 3193 808 3246 ilicetum:
832 3191 905 3246 Crux
929 3209 1030 3246 consue
1054 3191 1145 3245 habet.
1191 3189 1237 3245 Sic
1261 3191 1333 3244 enim
1356 3191 1410 3244 dno
1435 3191 1509 3262 ligna
1534 3192 1744 3262 compinguntur
1766 3192 1793 3245 in
1817 3211 1857 3260 se,

161 3316 189 3358 tt
206 3309 236 3354 ut
257 3301 378 3370 speciem
401 3299 489 3353 curicis
512 3300 635 3353 reddunt.
683 3299 759 3353 Sicut
789 3316 856 3370 ergo
885 3299 1004 3371 imagine
1035 3299 1122 3351 crucis
1151 3299 1244 3352 multis
1267 3299 1334 3352 locis
1358 3298 1490 3360 videmus,
1520 3306 1550 3351 ut
1579 3297 1646 3352 liam
1669 3299 1723 3352 du«)
1746 3317 1858 3366 cornua,

206 3406 305 3478 quibus
327 3405 474 3476 inligantur
496 3423 601 3472 uranus,
624 3406 751 3460 censibus
774 3406 933 3460 haerentem
956 3405 1080 3468 arietem,
1102 3404 1259 3459 emcilixum
1284 3405 1440 3464 Dominum,
1463 3406 1544 3458 uideo
1567 3407 1600 3459 et
1623 3408 1742 3459 cetera.

312 3504 394 3568 Item
419 3505 524 3567 saneti
548 3502 719 3567 Severiani
744 3500 940 3567 Gabalensis
963 3500 1005 3565 de
1029 3523 1178 3566 sermone
1202 3515 1334 3566 sanctae
1359 3503 1465 3566 crucis
1490 3503 1574 3565 inter
1597 3514 1721 3566 cetera:
1752 3506 1858 3566 Putasl

205 3639 260 3675 non
284 3630 343 3674 crat
366 3621 465 3674 iustum
488 3620 557 3673 dici:
582 3619 610 3673 Si
633 3620 696 3690 quis
718 3628 839 3673 vestrrun
861 3637 967 3672 urorsus
989 3618 1081 3686 fuerit,
1104 3618 1232 3688 respiciat
1255 3618 1282 3671 in
1305 3619 1413 3672 eaelum
1437 3637 1541 3672 sursum
1564 3619 1599 3672 ed
1618 3619 1706 3672 Deum
1723 3628 1750 3672 et
1766 3620 1856 3672 salva·

205 3727 298 3781 bitur?
344 3728 383 3783 l't
414 3727 484 3780 cuim
516 3737 543 3780 ct
574 3726 680 3781 aneridi
711 3727 790 3780 caelo
820 3726 969 3796 relinquat,
998 3743 1052 3780 uon
1082 3726 1172 3796 potuit
1200 3725 1307 3778 dicere:
1343 3723 1372 3778 Si
1396 3726 1457 3795 quis
1487 3743 1591 3778 morsus
1620 3726 1713 3788 furuit,
1742 3726 1858 3796 aspiciat

161 3849 189 3891 to
206 3835 346 3888 lucernam
370 3834 478 3887 luminis
501 3843 529 3887 ct
551 3833 724 3887 salvabitur?
747 3841 795 3886 aut
818 3833 933 3902 aspiciat
956 3833 992 3885 ad
1007 3850 1128 3885 uicissem
1144 3832 1337 3902 propositionis
1352 3840 1506 3885 sarictorum
1523 3851 1623 3903 panum
1641 3841 1669 3885 et
1685 3833 1857 3886 salvabitur?

206 3949 253 3994 aut
276 3943 312 3995 ad
335 3942 422 3995 altare
446 3947 493 3994 stit
517 3941 552 3994 ad
575 3941 666 3994 volum
691 3949 737 3994 aut
761 3940 788 3994 in
811 3957 904 3993 arcum
927 3947 975 3993 aut
998 3939 1025 3992 iu
1049 3939 1195 4008 iniaginem
1218 3939 1365 3992 Chembim
1389 3947 1437 3993 aut
1467 3938 1494 3991 in
1517 3939 1756 4008 propitiatorium?
1801 3939 1856 3993 Sed

206 4047 272 4101 nibil
302 4047 399 4101 horum
429 4048 465 4100 ad
488 4047 607 4100 medimu
636 4047 750 4100 adduxit
780 4047 924 4116 legislator
952 4063 1077 4116 magnius,
1106 4047 1153 4099 sed
1184 4046 1271 4098 solam
1301 4045 1360 4098 fixit
1383 4046 1470 4099 crucis
1493 4046 1638 4116 imaginem
1663 4053 1690 4100 et
1714 4046 1782 4099 huni·
1807 4064 1857 4116 per

205 4155 380 4208 maledictum
414 4163 578 4223 serpentem.
631 4153 683 4207 Dic
717 4154 783 4207 mihi
817 4162 847 4206 ut
880 4151 969 4206 fidelis
1002 4152 1135 4206 taurulus:
1170 4151 1251 4216 Quod
1282 4152 1420 4206 interdicis
1452 4152 1541 4205 facis?
1575 4153 1650 4222 quod
1680 4152 1857 4205 abrenuntias

205 4259 356 4314 aedificas?
408 4260 461 4324 Qui
492 4259 572 4312 dicis:
603 4256 669 4314 Nou
687 4257 785 4328 socies
806 4258 941 4333 sculptile,
970 4267 998 4312 et
1028 4258 1137 4313 frisilem
1160 4259 1263 4328 sculpis
1286 4263 1461 4329 serpentem?
1507 4259 1562 4312 Sed
1586 4259 1635 4312 illa
1659 4259 1768 4328 qrddem
1794 4260 1856 4325 lege
1876 4267 2012 4363 &W

160 4381 188 4423 te
206 4367 293 4437 posui,
316 4376 345 4421 ut
369 4366 499 4420 materias
522 4365 661 4419 abscidam
685 4365 833 4435 impietatis
856 4373 883 4418 et
907 4366 1038 4435 populum
1062 4365 1132 4417 lurnc
1156 4383 1251 4419 eruam
1275 4366 1346 4418 ouini
1370 4365 1505 4419 idolorum
1528 4366 1647 4426 cultura:
1671 4384 1740 4418 nuric
1764 4375 1857 4418 alitem
1986 4351 1992 4372 ’

205 4473 317 4528 effmrdo
340 4481 505 4543 sequentem,
527 4480 557 4526 ut
579 4472 763 4542 praefigurem
787 4472 934 4540 imaginem
956 4471 1101 4525 salvatoris
1124 4479 1157 4525 et
1180 4473 1299 4525 cetera.

313 4570 397 4634 Item
422 4571 525 4634 sancti
550 4571 724 4656 Augustini
749 4570 791 4634 ad
815 4568 995 4633 Dulcitium
1019 4569 1053 4631 in
1077 4570 1266 4654 quaestione
1298 4580 1391 4632 sexta
1421 4568 1462 4632 de
1486 4567 1669 4634 Samulielis
1696 4570 1855 4653 imagine:

206 4685 325 4742 Solentt
347 4686 420 4740 enim
442 4686 470 4740 in
494 4687 633 4757 scripturis
656 4687 788 4756 imagines
810 4705 903 4740 earum
927 4703 1016 4739 rerum
1040 4685 1192 4739 nominibus
1215 4686 1362 4756 appellari,
1392 4704 1508 4755 quarum
1533 4686 1665 4756 inrugines
1688 4693 1758 4748 sinit,
1789 4687 1857 4739 sicut

313 4932 328 4981 7
349 4930 525 4982 exultationis
545 4929 576 4980 P.
649 4931 683 4979 34
701 4927 783 4979 fusile
804 4927 835 4979 P.

159 5164 188 5203 eo
316 5141 345 5218 1)
369 5145 549 5222 Augustinus,
581 5145 705 5202 Tractat.
730 5145 758 5201 in
784 5165 883 5220 evang.
908 5144 1046 5201 Iohannis
1069 5144 1133 5201 XII
1152 5141 1246 5220 ,tlh-
1272 5145 1345 5219 Opp.
1364 5145 1420 5213 III,
1438 5149 1467 5214 2,
1485 5150 1600 5221 38339.
1648 5146 1695 5217 Cf.
1722 5167 1780 5202 rum
1805 5146 1857 5203 lior

205 5255 265 5312 loco
281 5262 307 5310 et
321 5252 426 5309 modiis
439 5251 662 5327 subsequeretur
677 5251 828 5308 Hadriani
843 5251 932 5326 epist,
951 5251 1024 5308 Md.
1045 5251 1121 5327 Epp.
1146 5252 1176 5320 V,
1197 5255 1249 5310 28,
1321 5247 1351 5324 2)
1375 5253 1555 5328 Aequalitatis,
1572 5252 1617 5308 Ile
1633 5253 1758 5310 trinitate
1774 5254 1792 5308 l.
1811 5253 1862 5310 111

206 5380 230 5417 c.
247 5363 287 5419 10
308 5351 406 5437 §em
430 5356 503 5434 opp.
528 5357 607 5426 VIII,
625 5362 696 5417 804.
767 5351 797 5432 3)
822 5357 939 5415 Ibidem.
1023 5353 1054 5430 4)
1079 5358 1165 5413 Hunc
1179 5358 1268 5414 locum
1286 5377 1340 5414 oon
1357 5358 1459 5418 intrent
1483 5359 1534 5414 scd
1548 5359 1647 5433 lepitur
1663 5358 1691 5414 in
1710 5359 1859 5416 Hadriani

206 5466 296 5543 oprtet,
322 5465 396 5524 ΜΟ.
415 5465 492 5540 I‘Jpp.
516 5464 615 5532 1236.
706 5457 736 5536 5)
760 5464 941 5542 dupttrtinue,
967 5464 1080 5520 Euam.
1105 5464 1133 5520 in
1152 5465 1259 5539 paulus.
1285 5467 1325 5522 73
1346 5456 1423 5542 3³63·
1448 5465 1521 5539 Opp.
1539 5465 1593 5534 IV,
1612 5468 1683 5524 772.
1721 5465 1769 5536 (ff.
1794 5467 1857 5522 Ila·

206 5573 305 5631 driani
327 5573 416 5648 epist,
442 5569 516 5628 Md.
538 5569 616 5647 Epp.
640 5572 672 5642 V,
688 5575 739 5631 27.
820 5563 852 5646 6)
876 5570 962 5627 Hunc
977 5572 1064 5627 lomim
1074 5571 1195 5641 framea
1211 5569 1345 5645 quaesiti,
1369 5571 1421 5626 sed
1441 5571 1541 5646 lepitur
1557 5571 1584 5626 in
1603 5571 1753 5629 Hadriani
1767 5573 1856 5647 epist,

159 5697 188 5737 te
208 5677 281 5737 ΜΘ.
308 5679 385 5754 Ερρ
409 5678 507 5747 ῌὸ.
593 5671 623 5754 ’1)
649 5677 820 5735 Seuerianus
844 5675 1023 5743 Gabalrusis,
1048 5676 1174 5732 Homilr'u
1197 5677 1232 5732 de
1254 5686 1383 5751 seperate
1406 5697 1429 5732 c.
1447 5683 1484 5744 25
1509 5675 1582 5752 Opp.
1602 5678 1791 5750 Chrysosmmi
1813 5680 1856 5735 cd.

208 5785 398 5857 Moatsaucon
421 5784 470 5852 VJ,
487 5787 556 5844 513.
597 5783 647 5855 ΟΥ.
671 5784 822 5840 Hadrr'aui
843 5784 933 5858 epist,
960 5783 1032 5839 Mo&
1059 5781 1136 5857 Epp.
1160 5782 1191 5851 V,
1208 5786 1260 5841 28.
1331 5775 1362 5848 8)
1386 5783 1565 5859 Augustinus,
1591 5784 1636 5840 De
1658 5793 1718 5841 octo
1741 5784 1860 5840 Ilolritii

206 5890 410 5967 quaestionibus
433 5899 540 5966 quidest.
566 5895 586 5948 6
607 5883 683 5968 §3;
708 5891 781 5964 Opus.
806 5890 853 5958 VI,
874 5892 939 5947 131,

1594 6009 1644 6061 ὅδ’
