4884 6717
721 481 773 538 47.
809 480 1030 539 CONCILIUM
1052 480 1310 540 MANTUANUM
1333 483 1369 538 A.
1391 481 1464 539 827.
1853 478 1918 541 585

262 669 313 754 (3)
339 667 528 756 Sychardus
552 668 714 754 palatinus
737 667 911 756 presbyter
934 670 1040 734 31313
1064 667 1252 756 spectabilis
1282 668 1332 756 (4)
1356 668 1514 750 Τ1333131,
1545 692 1565 734 a
1588 670 1743 756 praefatis
1761 669 1918 757 Augustis

262 775 389 857 directi,
407 775 457 862 (5)
474 776 633 840 Petronas
649 798 780 863 quoque
796 776 1020 841 Ravennatis²
1035 777 1317 840 reverentissimus
1334 776 1599 863 archiepiscopus
1616 788 1713 864 atque
1731 776 1781 864 (6)
1797 776 1919 863 Angel-

262 893 373 968 pertus
403 883 627 946 sanctissimus
656 881 936 947 blediolaneusis⁸
964 882 1247 970 archiepiscopus;
1283 884 1466 970 provintiae
1496 882 1657 947 Aemiliae
1687 884 1738 970 (7)
1768 883 1919 948 Andreas

262 988 504 1052 Ferrariensis⁴
528 988 712 1075 episcopus,
736 989 787 1076 (8)
811 989 880 1053 Leo
903 989 1128 1054 Faventinus⁵
1151 991 1335 1077 episcopus,
1367 989 1417 1076 (9)
1437 988 1551 1053 Vitalis
1576 987 1822 1054 Comacleusisl
1849 991 1916 1076 epi·

229 1117 391 1181 ascopus,
422 1094 495 1181 (10)
521 1093 773 1181 Christophorus
796 1095 1035 1160 Bononiensis⁷
1065 1097 1250 1184 episcopus,
1281 1097 1353 1184 (11)
1385 1094 1608 1160 Nordebcrtus
1631 1095 1826 1182 Regiensis⁸
1849 1097 1916 1184 epi·

262 1224 391 1288 scopus,
416 1201 489 1288 (12)
512 1201 711 1288 Lantpertus
734 1202 945 1267 Parmensis⁹
968 1204 1153 1289 episcopus,
1177 1203 1249 1288 (13)
1275 1201 1437 1288 Georgius
1462 1201 1630 1283 diaconus,
1655 1202 1728 1288 (14)
1751 1202 1918 1268 Honestus

263 1307 430 1390 diaconus,
458 1307 531 1392 (15)
556 1307 741 1372 Deusdedit
765 1308 933 1390 diaconus,
965 1309 1037 1396 (16)
1062 1309 1228 1373 Romanus
1253 1309 1420 1388 diaconus,
1451 1308 1533 1373 alius
1564 1308 1637 1396 (17)
1661 1309 1827 1374 Romanus
1850 1310 1918 1374 dia·

262 1436 374 1494 conus,
398 1415 471 1501 (18)
488 1414 682 1479 Dominicus
699 1414 874 1496 diaconus3
899 1415 1064 1502 Lyguriae
1080 1416 1263 1501 provintiae
1287 1415 1359 1502 (19)
1383 1416 1558 1480 Autericus
1574 1414 1832 1480 113333113331310
1851 1418 1917 1504 epi·

262 1543 391 1607 scopus,
416 1519 488 1607 (20)
506 1519 700 1585 Rambertus
716 1521 928 1586 Brixianus¹¹
945 1523 1129 1609 episcopus,
1154 1521 1227 1609 (21)
1251 1523 1455 1608 Erimpertus
1471 1521 1655 1586 Laudensis
1667 1528 1693 1566 ¹²
1716 1523 1788 1609 (22)
1814 1523 1916 1609 Syne-

216 1653 244 1692 33
262 1639 373 1713 333133
397 1625 627 1692 Cremonensis
639 1632 665 1671 11
689 1628 879 1715 episcopus,
911 1627 1072 1693 Venetiae
1096 1629 1280 1715 provintiae
1305 1627 1377 1716 (23)
1402 1627 1574 1692 Rattoldus
1590 1628 1790 1694 Veronensis
1801 1634 1826 1673 11
1851 1631 1917 1717 epi·

262 1756 390 1820 scopus,
415 1733 488 1820 (24)
512 1733 660 1798 Laiulfus
679 1733 926 1799 Mantuanensis
937 1739 973 1815 ¹⁵,
999 1735 1071 1822 (25)
1095 1735 1225 1800 Franco
1241 1735 1482 1818 Vicentiuusffi,
1507 1735 1580 1824 (26)
1605 1735 1797 1801 Dominicus
1821 1737 1917 1801 Pata·

262 1841 371 1905 vensis
382 1844 418 1922 11,
438 1841 511 1928 (27)
527 1839 717 1905 Adeodatus
734 1840 934 1906 Tamisauus
945 1847 981 1922 ¹⁸,
1006 1842 1079 1928 (28)
1095 1842 1212 1907 Emmo
1229 1840 1421 1907 cenetensis
1433 1847 1468 1925 111,
1493 1842 1565 1930 (29)
1583 1841 1792 1908 Othelbertus
1808 1842 1917 1907 Bellu-

260 1948 417 2029 nensis²⁰,
449 1947 522 2034 (30)
551 1946 727 2011 Anselmus
758 1945 1058 2028 Concordiensisfl,
1094 1948 1167 2035 (81)
1197 1949 1341 2015 Auratus
1372 1949 1598 2029 Feltrensisw,
1634 1949 1706 2036 (32)
1729 1949 1918 2015 Arthemius

261 2053 478 2136 Azolensis23,
509 2053 582 2140 (33)
607 2053 758 2118 Andreas
788 2053 1037 2119 archidiaconus
1061 2076 1162 2141 agens
1186 2057 1293 2120 vicem
1308 2054 1494 2126 Heimberti
1518 2055 1701 2120 Tridentini
1711 2061 1738 2100 ²⁴
1762 2058 1917 2144 episcopi.

216 2185 242 2225 n
366 2160 598 2226 Residcntibus
622 2161 722 2246 igitur
745 2162 778 2224 iu
799 2160 860 2226 hac
877 2161 1003 2248 synodo
1019 2163 1289 2226 reverentissimis
1307 2162 1481 2249 episcopis,
1505 2160 1709 2226 adstantibus
1726 2161 1918 2228 diaconibus

260 2277 293 2332 et
308 2278 437 2332 3331333
461 2267 560 2350 31333,
583 2268 720 2332 3331333
743 2268 795 2331 313
819 2268 1042 2333 sanctissimus
1058 2268 1256 2351 Maxentius,
1280 2267 1502 2354 Aquileiensis
1525 2269 1759 2356 patriarcl1a²⁵,
1783 2291 1918 2356 precum

260 2372 386 2439 libellos
410 2396 469 2460 pro
493 2374 695 2462 dispersione
720 2396 799 2438 suae
823 2373 1044 2462 Aquileiensis
1068 2373 1248 2439 aecclesiae
1273 2373 1398 2456 obtulit,
1426 2386 1462 2440 ut
1485 2398 1564 2441 suae
1587 2377 1769 2464 provintiae
1793 2376 1917 2441 aeccle·

261 2483 336 2561 sias,
360 2503 441 2568 quas
464 2479 687 2546 Barbarorum
712 2482 861 2545 incursus
885 2504 906 2545 a
929 2503 989 2545 sua
1011 2483 1145 2546 matrice
1169 2492 1412 2568 segregaverat,
1444 2484 1635 2548 auctoritate
1666 2505 1827 2548 canonum
1850 2484 1917 2548 iam

260 2590 351 2674 pacis
374 2598 520 2674 tempore
544 2589 714 2675 percipere
738 2599 918 2652 inereretur
941 2586 984 2651 ad
1006 2588 1155 2674 propria:
1188 2587 1276 2670 ‘Nos,
1308 2589 1364 2676 331
1393 2590 1532 2654 33311313
1563 2589 1709 2676 33313313
1732 2590 1916 2654 invenimus

214 2719 243 2759 so
261 2719 282 2759 a
305 2693 399 2759 beato
424 2694 627 2781 evangelista
642 2694 766 2775 Marco,
791 2696 846 2781 qui
871 2693 1048 2781 spiritualis
1073 2705 1106 2759 et
1129 2717 1172 2759 ex
1195 2718 1288 2760 sacro
1311 2696 1410 2761 sontis
1434 2707 1525 2760 utero
1549 2718 1588 2761 33
1608 2697 1795 2761 carissimus
1811 2699 1916 2762 sancti

262 2802 351 2867 Petri
375 2801 513 2889 apostoli
540 2801 601 2866 fuit
629 2801 725 2882 filius,
755 2824 884 2866 necnon
907 2800 949 2866 ab
973 2800 1215 2887 elegantissimo
1226 2808 1253 2847 ²⁶
1275 2802 1500 2868 Hermacbora
1523 2803 1767 2890 Aquileiensem
1791 2803 1916 2868 aeccle·

261 2911 342 2973 siam
366 2932 424 2996 pre
449 2908 598 2973 omuibus
614 2908 729 2973 Italiae
753 2910 786 2972 in
804 2907 925 2973 Christi
949 2907 1014 2973 fide
1038 2910 1129 2996 prius
1152 2909 1321 2975 fundatam
1346 2932 1418 2974 esse
1442 2922 1475 2975 et
1498 2910 1695 2998 pastoralem
1718 2909 1764 2975 ibi
1788 2933 1917 2998 semper

262 3038 374 3081 curam
397 3027 561 3080 servatam
585 3026 617 3079 et
634 3025 818 3079 sanctorum
835 3014 1055 3101 apostolorum
1072 3027 1204 3080 3333133
1221 3016 1389 3080 Romanae
1409 3016 1570 3082 aeclesiae
1586 3016 1742 3082 doctrinis
1758 3016 1915 3083 imbutam

261 3133 359 3210 atque
390 3124 494 3210 ipsam
526 3143 656 3208 semper
686 3123 755 3186 eius
785 3121 887 3186 131333
918 3121 1111 3209 discipulam
1142 3133 1175 3186 31
1204 3121 1405 3208 peculiarem
1436 3145 1476 3188 ac
1506 3124 1662 3188 vicariam
1692 3124 1726 3188 iu
1756 3122 1916 3208 omnibus,

215 3252 243 3292 33
262 3228 536 3316 quemadmodum
560 3230 716 3293 insertum
740 3230 774 3292 iu
798 3228 944 3294 eiusdem
969 3227 1190 3315 Aquileiensis
1221 3228 1401 3294 aecclesiae
1425 3231 1643 3317 comperimus
1666 3230 1767 3295 sacris
1791 3228 1915 3295 litteris.

261 3336 411 3400 Relatum
441 3336 541 3422 igitur
564 3358 584 3400 3
606 3334 769 3399 nonnullis
801 3346 849 3399 est
879 3336 913 3399 in
945 3334 1061 3400 eadem
1092 3335 1228 3421 syuodo,
1260 3335 1385 3422 3331111
1415 3359 1454 3401 33
1478 3355 1617 3417 tempore,
1648 3358 1711 3423 quo
1736 3346 1917 3418 Langobardi

261 3452 372 3507 Italiam
395 3453 593 3518 invaserant,
618 3452 772 3507 Romanam
796 3452 964 3507 aecclesiam
987 3452 1030 3505 vir
1045 3452 1236 3506 sanctissimus
1252 3451 1428 3507 Benedictus
1438 3449 1465 3487 ²⁸
1487 3471 1563 3524 3333
1584 3452 1715 3524 regebat,
1738 3452 1918 3524 Aquileiensi

261 3578 372 3632 quoque
404 3560 512 3615 civitati
543 3559 661 3631 eiusque
685 3560 804 3631 populo
828 3560 931 3614 Paulus
941 3555 969 3593 ²⁹
997 3558 1158 3631 patriarcha
1180 3567 1304 3629 preerat,
1332 3559 1391 3630 qui,
1414 3559 1668 3631 Langobardorum
1695 3560 1855 3615 barbariem
1884 3563 1918 3616 et

261 3658 495 3722 immanitatem
527 3673 667 3734 metuens,
703 3682 738 3720 ex
773 3656 905 3720 civitate
935 3655 1140 3743 Aquileiensi
1171 3666 1203 3719 et
1234 3655 1275 3719 de
1303 3656 1437 3742 propria
1467 3656 1544 3720 sede
1574 3667 1611 3719 ad
1642 3664 1753 3722 Gradus
1784 3668 1916 3734 insulam,

216 3784 244 3825 so
262 3762 391 3851 plebem
422 3786 525 3843 suam,
561 3773 787 3844 confugiens
817 3790 1005 3843 omnemque
1028 3772 1191 3827 thesaurum
1221 3773 1254 3827 et
1284 3762 1379 3826 sedes
1414 3773 1601 3827 sanctorum
1631 3762 1736 3828 Marci
1770 3775 1803 3827 et
1832 3764 1915 3828 Her·

262 3871 434 3935 machorae
457 3898 553 3935 secum
577 3869 618 3934 ad
643 3869 792 3934 eamdem
815 3867 954 3933 insulam
978 3868 1093 3934 detulit
1111 3868 1245 3951 idcirco,
1268 3891 1335 3934 non
1350 3880 1385 3934 31
1401 3869 1512 3934 sedem
1528 3880 1585 3934 331
1599 3870 1773 3957 primatum
1789 3871 1914 3936 aeccle·

262 3979 329 4042 siae
354 3999 498 4066 3333333
522 3978 705 4064 provintiae
729 3985 932 4040 construeret
955 3974 1046 4057 inibi,
1078 3975 1137 4040 sed
1168 3987 1204 4040 31
1227 3974 1448 4042 Barbarorum
1477 3975 1602 4040 rabiem
1633 3978 1736 4063 possit
1762 3977 1914 4043 evadere.

263 4085 327 4166 Qui
351 4094 408 4148 XlI
431 4094 512 4149 annis
535 4093 721 4149 sacerdotium
744 4109 848 4164 gerens
878 4091 915 4146 ab
945 4091 998 4147 hac
1028 4093 1090 4147 luce
1118 4092 1276 4147 subtractus
1300 4101 1344 4148 est
1366 4093 1577 4165 regendamque
1601 4094 1770 4149 aecclesiam
1794 4094 1915 4150 Probino

371 4340 402 4389 19
422 4339 478 4388 Nos
497 4333 554 4403 qui]
573 4357 596 4390 3.
609 4338 671 4405 quid
690 4337 762 4404 infra
776 4356 805 4404 p.
819 4341 871 4388 586
890 4338 956 4389 142
967 4355 1001 4404 33.
1020 4337 1203 4388 annotabimus.
1260 4331 1392 4402 perfecta]
1406 4337 1441 4388 ita
1457 4337 1484 4399 Γ,
1498 4337 1564 4404 sort.
1581 4346 1725 4406 perspecta
1742 4338 1916 4405 corripendum

217 4437 244 4477 11
261 4435 305 4477 331.
377 4429 410 4478 82
432 4429 518 4494 333311
536 4445 549 4479 e
567 4437 661 4496 posset
678 4445 742 4478 oorr.
762 4427 788 4475 1<

373 4663 401 4730 1)
427 4661 476 4735 Cf.
501 4661 623 4732 8133333,
647 4663 666 4718 l.
683 4663 702 4718 l.
728 4661 832 4731 1283
854 4681 924 4718 ann.
941 4664 970 4721 4.
1085 4660 1115 4729 2)
1139 4660 1292 4717 Rauenna.
1408 4659 1439 4730 8)
1465 4661 1608 4719 Mariand.
1716 4662 1746 4730 4)
1772 4662 1914 4720 Ferrara.

265 4771 294 4834 5)
320 4770 448 4827 Fumea.
541 4768 572 4837 6)
597 4767 773 4826 Comacclu'o.
867 4767 896 4836 7)
921 4747 1062 4844 11313333.
1166 4767 1196 4836 8)
1221 4766 1339 4844 nequis.
1437 4767 1468 4834 9)
1494 4767 1613 4825 Parma.
1708 4769 1758 4838 10)
1788 4770 1915 4827 l'ercrlli.

267 4877 318 4945 11)
334 4875 464 4933 Bremia.
479 4904 518 4917 -
534 4874 585 4932 Ex
600 4875 693 4933 codice
708 4873 854 4932 Brixiano
871 4873 1026 4950 descriptus
1042 4882 1082 4932 est
1103 4874 1135 4930 V.
1207 4872 1258 4944 12)
1276 4873 1359 4931 Lodi.
1432 4874 1482 4942 13)
1502 4873 1650 4932 Cremona.
1723 4875 1775 4948 14)
1793 4877 1915 4935 Verona.

268 4983 318 5050 15)
344 4982 476 5039 Monam.
563 4981 615 5052 16)
638 4981 769 5038 Vicenza.
852 4980 903 5048 17)
929 4981 1040 5037 Padua.
1129 4979 1179 5049 18)
1210 4979 1334 5038 Treviro.
1420 4981 1471 5051 19)
1498 4979 1621 5039 Uenetia.
1707 4982 1760 5048 20)
1784 4981 1915 5042 Belluno.

219 5103 247 5142 to
266 5088 318 5158 21)
344 5088 513 5146 Concordia.
591 5087 644 5157 22)
671 5088 776 5145 Feltrc.
853 5087 906 5156 23)
930 5087 1023 5145 Aeolo.
1102 5085 1153 5156 24)
1185 5085 1291 5143 Trient.
1361 5086 1413 5157 25)
1438 5092 1496 5147 811
1506 5093 1628 5148 -833,
1698 5088 1751 5154 26)
1777 5088 1826 5161 Cf.
1850 5099 1916 5148 acta

264 5217 286 5251 s.
304 5194 504 5271 Hmnaqoroe
521 5215 545 5252 3.
563 5199 582 5253 3
600 5189 691 5270 (Acta
708 5194 763 5252 88.
781 5195 834 5251 Iul.
851 5194 908 5263 111,
925 5190 1019 5267 252).·
1044 5237 1050 5249 .
1068 5237 1074 5248 .
1092 5237 1097 5248 .
1121 5194 1219 5250 1333133
1239 5186 1311 5266 (scil.
1330 5191 1461 5270 Marcus)
1486 5196 1572 5250 edidit
1594 5198 1708 5267 populo,
1731 5205 1761 5251 ut
1783 5198 1917 5269 eligerent

264 5302 316 5356 sibi
334 5319 416 5373 quem
435 5303 584 5357 voluissent
601 5303 689 5356 virum
704 5301 970 5357 Christiarrissimmn.
1006 5301 1100 5356 Turba
1123 5309 1214 5356 autem
1237 5301 1333 5371 populi
1357 5303 1499 5374 clegerunt
1521 5302 1572 5357 sibi
1592 5303 1748 5374 elegantem
1771 5321 1916 5373 personam

265 5417 293 5462 et
315 5408 490 5481 condignam,
511 5409 620 5464 nomine
637 5410 847 5480 Hermagoran.
916 5407 969 5476 27)
994 5406 1146 5482 Sequentia
1168 5415 1332 5463 aamautur
1353 5407 1503 5464 secundeum
1527 5407 1614 5464 Pauli
1636 5408 1750 5464 diaconi
1772 5408 1916 5466 historiam

266 5512 522 5591 Langobardorum
546 5513 583 5571 II
600 5534 640 5572 cc.
657 5517 705 5574 10.
721 5519 773 5574 25.
797 5514 852 5571 ΙΙΙ
869 5534 909 5571 33.
927 5518 974 5574 14.
991 5519 1043 5574 26.
1062 5513 1083 5570 Ι
1087 5514 1113 5572 V
1127 5534 1151 5570 c.
1169 5516 1209 5572 33
1233 5507 1326 5588 (Mo.
1347 5512 1402 5570 88.
1422 5532 1479 5570 rer.
1501 5513 1629 5591 Langob.
1649 5534 1683 5591 p.
1701 5517 1752 5575 78.
1774 5519 1825 5575 86.
1848 5519 1916 5575 100.

220 5635 247 5675 ss
266 5615 440 5696 105127),
463 5620 554 5679 verbu
571 5621 723 5698 paulisper
746 5621 857 5678 mutatis
880 5623 925 5678 vel
941 5621 1045 5697 paucis
1067 5619 1189 5690 additis,
1212 5639 1286 5696 quae
1309 5639 1370 5676 cum
1386 5621 1473 5691 sonte
1496 5629 1656 5697 congruunt
1677 5622 1751 5697 typis
1766 5621 1918 5679 minoribus

265 5726 390 5802 imprimi
404 5727 539 5799 serimus.
621 5728 673 5798 28)
697 5728 866 5786 Benedictus
889 5727 913 5784 I.
938 5721 1159 5802 (574-578).
1246 5725 1298 5796 29)
1323 5727 1410 5783 Immo
1433 5726 1589 5796 Paulinus,·
1612 5728 1653 5799 cs.
1680 5726 1753 5786 MG.
1779 5729 1833 5786 88.
1859 5748 1917 5786 rer.

268 5832 395 5910 133331.
414 5854 447 5909 p.
467 5837 508 5894 78
531 5855 600 5892 aun.
617 5839 647 5894 5.

321 5948 364 5992 lab.
378 5948 477 5991 03331113
491 5950 521 5993 11.
1671 5958 1704 6007 74
