4884 6717
613 511 678 573 486
1077 516 1131 571 44.
1167 515 1386 573 contuitu
1410 515 1638 571 PARISIENSE
1661 516 1700 571 A.
1720 515 1797 571 825.

718 703 796 768 IIII.
831 703 987 768 Paulinus
1009 704 1043 767 in
1059 700 1144 766 libro
1155 702 1284 767 VIIII:
1310 709 1412 767 Nunc¹
1436 713 1500 766 volo
1522 713 1648 783 picturas
1672 711 1776 766 sumtu
1798 713 1910 783 agmine
1935 713 2019 784 longo

1075 819 1234 874 Porticibus
1257 821 1355 875 videas
1378 819 1522 891 psuloque
1545 819 1648 890 supina
1669 818 1775 890 istiges

1075 925 1167 993 Colla,
1190 926 1329 980 reclinato
1352 928 1418 980 dnm
1441 926 1575 996 perlegss
1597 926 1690 980 omnis
1711 926 1803 979 vultu.

1074 1030 1131 1096 Qui
1153 1033 1234 1087 videt
1258 1033 1329 1087 haec
1353 1033 1448 1087 vacuis
1471 1050 1629 1104 agnoscens
1651 1050 1721 1087 vers
1742 1030 1839 1103 figuris

1074 1139 1138 1194 Nou
1159 1158 1251 1194 vacua
1274 1139 1358 1194 fidam
1381 1141 1435 1194 sibi
1458 1140 1551 1211 pascit
1573 1140 1694 1211 imagine
1718 1147 1852 1194 mentem.

1075 1247 1178 1301 Omnia
1199 1265 1321 1317 namque
1346 1255 1428 1301 tenet
1451 1246 1526 1300 serie
1548 1247 1662 1317 pictura
1684 1245 1775 1312 fideli,

1073 1352 1156 1417 Quae
1180 1354 1275 1407 senior
1297 1354 1408 1424 scripsit
1431 1372 1485 1424 per
1507 1353 1634 1423 quinque
1658 1352 1799 1407 volumina
1821 1352 1926 1418 Moses,

1073 1458 1155 1524 Quae
1178 1460 1268 1532 gessit
1293 1460 1410 1529 Domini⁴
1429 1460 1559 1531 signatus
1582 1460 1693 1514 nomine
1717 1459 1808 1514 lesus.

763 1556 809 1620 Et
831 1569 905 1643 posi
927 1579 1051 1643 pauca:
1075 1564 1185 1621 Fortc²
1207 1568 1380 1637 requiratur,
1405 1584 1527 1637 quanam
1550 1567 1659 1621 ratione
1682 1567 1802 1637 gerendi

1072 1672 1186 1728 Sederit
1211 1673 1283 1727 baec
1306 1674 1386 1728 nobis
1409 1674 1564 1738 sententia,
1587 1674 1707 1744 pingere
1731 1681 1843 1727 sanctas

1073 1780 1149 1834 Raro
1172 1781 1270 1833 domus
1294 1780 1483 1834 animantibus
1506 1779 1697 1834 assimulatis?

1072 1888 1181 1958 Accipe
1207 1896 1236 1941 et
1260 1888 1358 1958 paucis
1382 1886 1531 1957 temptabo
1555 1904 1697 1957 exponere
1721 1904 1829 1940 causas.

1072 1992 1150 2057 Quos
1174 1995 1235 2065 agit
1258 1994 1312 2048 huc
1335 1994 1426 2048 sancti
1450 1993 1554 2048 Felicis
1577 1993 1667 2065 gloria
1690 2001 1800 2058 coetus,

1074 2101 1234 2155 Obscurum
1259 2101 1344 2167 nulli,
1370 2101 1422 2155 sed
1445 2101 1529 2155 turba
1552 2101 1730 2172 frequentior
1752 2100 1794 2154 his
1819 2111 1863 2154 est

1072 2206 1229 2262 Rusticitas
1252 2225 1308 2261 uon
1331 2225 1412 2261 cassa
1433 2206 1492 2261 fide
1515 2225 1611 2278 neque
1635 2208 1721 2261 docte
1743 2207 1870 2278 legendi.

1070 2313 1152 2368 Haec
1176 2322 1292 2369 assueta
1316 2315 1365 2368 diu
1388 2314 1474 2369 saeris
1497 2315 1603 2368 servire
1627 2314 1753 2384 profanis

1071 2421 1181 2476 Ventre
1205 2421 1279 2488 Deo,
1304 2422 1419 2476 tandem
1443 2421 1618 2476 convertitur
1640 2422 1752 2476 advene
1774 2419 1897 2486 Christo,

1072 2528 1146 2581 Dum
1169 2536 1330 2582 sauctorum
1353 2545 1441 2599 opera
1464 2528 1492 2582 in
1516 2527 1629 2582 Christo
1652 2529 1788 2582 mirantur
1810 2535 1922 2598 aperta.

1071 2633 1188 2690 Cernite
1213 2652 1298 2705 quam
1322 2634 1403 2688 multi
1426 2642 1556 2690 comeant
1581 2653 1615 2689 ex
1638 2635 1767 2689 ommbus
1790 2635 1865 2705 egris

1071 2739 1220 2813 Quamque
1245 2742 1291 2813 pie
1316 2742 1434 2795 rudibus
1458 2742 1573 2812 decepti
1596 2742 1739 2796 mentibus
1764 2750 1871 2796 errent.

1071 2848 1256 2920 longinquas
1280 2849 1390 2918 liquere
1414 2848 1520 2914 domos,
1546 2866 1681 2919 sprevere
1705 2848 1810 2914 ruinas,

1069 2956 1133 3010 Non
1156 2955 1244 3027 gelidi
1269 2955 1401 3011 fervente
1425 2954 1499 3021 fide3
1526 2964 1556 3009 et
1578 2974 1652 3009 nnnc
1677 2973 1745 3009 ecee
1768 2955 1935 3025 frequentes

1069 3063 1127 3118 Per
1150 3070 1239 3117 totam
1263 3062 1364 3133 vigiles
1390 3062 1548 3116 extendunt
1572 3063 1676 3133 gaudia
1699 3069 1821 3128 noctem,

1070 3169 1197 3224 Laetitia
1220 3187 1341 3236 somnos,
1367 3169 1502 3224 tenebras
1525 3169 1668 3223 funalibus
1691 3175 1800 3223 arcent.

770 3266 814 3329 Et
837 3264 933 3352 paulo
957 3279 1046 3352 post:
1071 3277 1145 3330 Dum
1155 3273 1168 3306 ³
1191 3276 1266 3330 fallit
1288 3276 1402 3347 pictura
1424 3276 1545 3343 famem,
1570 3284 1741 3347 sanctasque
1764 3274 1881 3346 legendi

1069 3384 1209 3438 Historias
1233 3391 1373 3437 cestorum
1397 3400 1515 3454 operum
1539 3383 1668 3454 subrepit
1691 3382 1825 3437 honestas

1069 3488 1213 3560 Exemplis
1237 3491 1355 3544 inducta
1377 3491 1448 3560 piis,
1473 3497 1590 3560 potatur
1613 3490 1702 3544 hianti

1070 3595 1227 3663 Sobrietas,
1252 3597 1328 3650 nimii
1352 3597 1478 3651 subeunt
1501 3595 1606 3651 oblivia
1628 3597 1695 3650 vini.

1069 3703 1203 3773 Dumque
1227 3704 1302 3758 diem
1326 3704 1434 3758 ducunt
1457 3703 1549 3775 spatio
1572 3703 1676 3757 maiore
1700 3710 1828 3770 tuentes,

1069 3809 1177 3864 Pocula
1200 3818 1358 3878 rarescunt,
1383 3811 1449 3881 quia
1472 3829 1525 3881 per
1547 3810 1682 3865 miracula
1704 3817 1796 3865 tracto

1068 3917 1210 3988 Tempore
1235 3919 1289 3972 iam
1312 3935 1421 3989 paucae
1445 3918 1584 3972 suberunt
1608 3917 1790 3989 epulantibus
1813 3917 1910 3971 borae.

878 4014 921 4078 Et
944 4015 1045 4078 infra:
1070 4019 1138 4078 Dc⁴
1163 4022 1281 4090 Genesi,
1305 4042 1415 4094 precor,
1441 4023 1515 4078 hune
1538 4025 1637 4079 orandi
1660 4024 1762 4094 collige
1786 4043 1910 4090 sensum,

1071 4131 1114 4184 Nc
1138 4149 1266 4184 maneam
1290 4139 1422 4186 terrenus
1445 4131 1548 4196 Adam,
1573 4132 1623 4186 sed
1647 4132 1755 4203 virgine
1780 4140 1857 4185 tcrra

1071 4237 1178 4291 Nascar
1201 4246 1231 4291 et
1254 4239 1383 4308 exposito
1406 4238 1498 4292 veteri
1521 4256 1595 4292 nova
1617 4238 1721 4292 former
1744 4239 1845 4308 imago.

715 4350 754 4414 V.
791 4351 912 4416 Beatus
938 4350 1116 4436 Gregorius
1133 4352 1285 4438 Nysenus
1309 4354 1483 4440 episcopus
1507 4354 1591 4416 inter
1615 4365 1735 4434 cetera,
1759 4351 1816 4416 ubi
1836 4352 1876 4416 de
1893 4352 2060 4417 Abraham
2078 4374 2268 4419 sermonem
2287 4385 2315 4425 ss

606 4456 760 4522 instituit:
786 4468 850 4521 Vidi
862 4463 883 4535 ὅ,
908 4459 1024 4544 inquit,
1053 4469 1203 4540 imaginem
1227 4469 1364 4539 passionis
1389 4475 1418 4523 et
1442 4487 1498 4523 nou
1521 4470 1582 4523 sine
1607 4469 1727 4523 lacrimis
1751 4470 1886 4524 visionem
1910 4470 2055 4540 praeterii,
2080 4486 2168 4540 opere
2192 4472 2268 4525 artis

605 4574 641 4628 ad
666 4573 765 4628 facicm
791 4575 936 4630 deducens
960 4574 1103 4628 historiam
1127 4577 1160 4629 et
1183 4577 1303 4629 cetera.

713 4689 770 4753 vl.
807 4690 888 4753 Item
913 4689 999 4754 idem
1025 4691 1056 4753 in
1081 4690 1348 4776 interpretatione
1373 4692 1492 4754 cantici
1516 4692 1733 4755 canticorum:
1765 4698 1820 4763 Qui
1829 4697 1850 4766 ⁶,
1875 4691 1990 4776 iuquit,
2020 4702 2170 4773 imaginem
2193 4721 2266 4757 con-

605 4807 688 4878 spicit
719 4823 753 4860 cx
784 4808 883 4862 eadem
908 4817 969 4862 erte
993 4825 1047 4878 per
1070 4807 1179 4861 colores
1208 4807 1378 4877 completam
1409 4806 1545 4872 tabulam,
1575 4826 1630 4861 non
1662 4808 1793 4861 tincturis
1823 4807 1950 4877 praefert
1981 4806 2266 4879 contemplationem,

604 4915 655 4968 ced
680 4915 715 4968 ud
740 4915 873 4968 visionem
898 4914 1040 4985 depictam
1065 4914 1202 4984 conspicit
1227 4914 1431 4981 tantummodo,
1456 4932 1540 4984 quam
1563 4932 1616 4984 per
1638 4914 1747 4968 colores
1770 4913 1908 4984 magister
1931 4915 2144 4969 demonstrarit.
2288 4938 2316 4976 to

712 5107 779 5155 llll.
811 5101 934 5168 lNuuc]
954 5105 1087 5155 Paulinus
1107 5105 1232 5170 innterp.
1254 5104 1284 5154 P.
1360 5107 1392 5154 10
1412 5101 1527 5168 Sederit]
1547 5106 1600 5155 s'ed
1620 5107 1655 5154 sit
1674 5104 1705 5156 P.

711 5197 742 5249 V.
772 5199 805 5244 36
824 5191 897 5256 Vidi]
920 5197 1069 5257 Gregorius
1090 5196 1214 5259 Nysenus
1234 5193 1262 5242 in
1280 5211 1359 5258 scorp.
1379 5193 1410 5243 P.

712 5285 758 5333 Vl.
787 5289 820 5333 38
841 5280 903 5349 Qui]
924 5285 1073 5348 Gregorius
1094 5285 1219 5348 Nysenus
1238 5282 1267 5332 in
1284 5301 1364 5347 uturp.
1385 5282 1416 5331 P.

715 5465 743 5532 1)
771 5465 907 5522 Paulinus
932 5465 1071 5535 Nolmum,
1098 5466 1221 5522 tbrurcn
1246 5463 1373 5520 XXVII
1390 5484 1415 5519 r.
1432 5466 1592 5524 511-18:
1618 5463 1691 5538 opp.
1717 5466 1759 5520 ed.
1778 5466 1883 5521 IIartel
1897 5465 1936 5534 II,
1954 5470 2024 5525 285.
2095 5465 2126 5536 2)
2150 5466 2267 5526 Ibidem

606 5591 631 5628 c.
649 5574 823 5640 542-57;
848 5575 865 5628 I.
883 5575 900 5628 l.
927 5573 965 5641 II,
982 5577 1054 5632 286.
1148 5573 1178 5641 3)
1202 5570 1312 5628 Ibidem
1336 5591 1362 5626 v.
1379 5572 1553 5639 589-95;
1577 5573 1595 5626 I.
1612 5573 1630 5627 l.
1655 5570 1696 5640 II,
1712 5575 1785 5629 288.
1882 5573 1912 5636 4)
1936 5572 2045 5629 Ibidem
2068 5593 2093 5630 v.
2110 5576 2267 5646 607—9;
2288 5597 2317 5635 ts

606 5679 624 5733 i.
642 5679 660 5732 l.
679 5678 717 5748 II,
733 5682 803 5737 289.
873 5680 903 5746 ὃ)
929 5680 1014 5736 IImrc
1038 5688 1063 5736 et
1080 5687 1237 5756 sequentem
1261 5680 1350 5734 locum
1366 5676 1440 5734 inter
1455 5697 1544 5751 opero
1562 5677 1698 5754 Gregorii
1712 5677 1837 5751 Nysseni
1851 5699 1907 5735 non
1931 5679 2033 5748 inveni,
2057 5681 2109 5736 sed
2129 5682 2269 5757 leguntur

605 5784 636 5840 iu
660 5784 808 5840 Ichriaui
837 5787 925 5860 epist,
959 5787 1058 5843 rliebri
1087 5787 1156 5858 XII,
1179 5789 1267 5847 1065.
1317 5784 1366 5857 Cf.
1393 5782 1478 5842 Cone.
1503 5784 1568 5841 Nic.
1592 5793 1647 5840 oct.
1672 5784 1738 5855 JV,
1763 5784 1827 5840 ibid.
1853 5785 1939 5857 XIII,
1960 5789 1988 5844 9.
2103 5787 2133 5855 6)
2161 5787 2271 5848 Mausi

607 5890 676 5960 XII,
701 5893 789 5953 1065,
