4884 6717
541 482 605 545 664
1010 485 1061 542 50.
1097 486 1316 544 CONCILIUM
1339 486 1565 545 PARISIENSE
1588 490 1625 545 A.
1646 488 1721 544 829.

541 685 620 740 danis
644 684 875 755 occupationibus
898 684 1021 750 tenetis;
1045 684 1074 737 in
1098 683 1159 738 foro
1182 683 1269 750 aliud,
1293 683 1369 739 aliud
1393 685 1422 739 in
1444 686 1637 757 negotiatione
1669 686 1848 752 consumitis3
1880 686 1951 741 alins
1981 685 2078 740 litibus
2107 693 2191 742 uacat

542 799 572 846 et
595 792 631 846 ad
654 791 826 846 audiendum
843 791 898 845 Dei
921 791 1040 845 verbum
1062 808 1144 846 nemo
1168 798 1217 845 aut
1241 792 1323 861 pauci
1346 792 1496 847 admodum
1520 798 1632 847 vacant.
1671 791 1730 847 Sed
1754 793 1822 863 quid
1837 810 1886 846 vos
1905 793 1941 847 de
1958 793 2192 864 occupationibus

540 898 634 969 culpo,
659 898 727 968 quid
751 898 787 952 de
811 897 977 952 absentibus
1001 899 1175 968 conqueror?
1214 898 1387 954 Praesentes
1411 900 1496 953 etiam
1519 898 1548 953 in
1572 899 1694 954 ecclesia
1716 900 1800 971 positi
1824 917 1880 954 non
1903 900 1973 954 estis
1996 900 2113 967 intenti,
2137 901 2189 956 sed

541 1022 700 1059 communes
725 1011 754 1059 et
779 1022 813 1058 ex
837 1021 889 1058 usu
913 1003 1023 1058 fabulas
1047 1004 1152 1059 tenetis
1176 1010 1205 1060 et
1229 1005 1317 1060 verbo
1334 1005 1390 1060 Dei
1406 1004 1452 1061 rel
1475 1005 1646 1060 lectionibus
1662 1006 1762 1060 divinis
1778 1014 1861 1077 terga
1875 1006 2050 1061 convertitis.
2081 1007 2192 1062 Vereor

405 1119 521 1162 erlem.
541 1130 577 1166 ne
602 1117 632 1166 et
655 1111 735 1166 vobis
759 1112 869 1165 dicatur
892 1130 909 1165 a
923 1111 1059 1166 Domino:
1086 1108 1291 1167 marlemont
1313 1111 1418 1166 adme
1441 1112 1527 1168 desa
1551 1119 1577 1167 et
1598 1130 1654 1168 non
1672 1111 1770 1183 facies
1792 1131 1869 1168 suas.
1909 1113 1946 1166 Et
1968 1120 2032 1183 post
2051 1113 2147 1184 aliqua
2162 1114 2223 1168 ino

413 1173 520 1224 mm
541 1219 657 1274 eadem:
683 1213 799 1273 Dicite¹
823 1218 890 1272 mihi
914 1235 973 1284 vos,
997 1218 1046 1288 qui
1069 1218 1262 1273 tantummodo
1285 1217 1366 1273 festis
1390 1219 1491 1274 diebus
1515 1220 1550 1274 ad
1575 1219 1724 1275 ecclesiam
1746 1220 1914 1285 convenitis,
1938 1221 2028 1274 ceteri
2051 1221 2112 1275 dies
2135 1238 2190 1275 non

540 1331 606 1378 sunt
629 1324 706 1391 festi,
729 1342 785 1380 non
807 1331 872 1379 sunt
897 1325 958 1379 dies
982 1325 1115 1378 Domini?
1161 1324 1329 1379 ludaeorum
1353 1332 1398 1380 est
1421 1326 1483 1381 dics
1507 1333 1599 1382 certos
1625 1333 1655 1381 et
1685 1343 1762 1381 raros
1792 1326 1942 1381 ohservare
1967 1326 2128 1393 sollemnes,
2160 1335 2191 1382 et

381 1446 520 1495 n.1,1s.1s.
540 1434 605 1488 ideo
629 1433 664 1486 ad
697 1449 745 1486 eos
775 1432 843 1486 dicit
868 1432 1019 1486 Dominus:
1053 1429 1131 1493 Quia
1161 1429 1322 1487 semitertius
1350 1438 1459 1488 vestras
1489 1439 1515 1487 et
1535 1430 1653 1488 sabbata
1676 1440 1702 1488 et
1724 1431 1794 1488 deni
1825 1451 1956 1508 strepitum
1981 1452 2036 1488 non
2059 1432 2190 1503 emoneo,

541 1537 671 1595 ieiunium
695 1546 722 1593 et
736 1536 836 1608 serias
859 1545 884 1592 e!
907 1537 966 1593 dies
988 1537 1082 1607 fastos
1113 1545 1217 1593 cestros
1246 1537 1305 1593 odit
1333 1537 1430 1593 anima
1460 1557 1531 1594 oren.
1586 1537 1655 1593 Odit
1674 1519 1754 1611 vergo
1777 1539 1857 1593 Deus
1889 1556 1947 1606 eos,
1978 1541 2026 1610 qui
2057 1558 2113 1595 una
2144 1541 2190 1596 die

541 1652 644 1717 putant
677 1663 739 1699 esse
771 1643 876 1698 festum
903 1644 1026 1698 Domini.
1080 1642 1154 1707 Quia
1184 1663 1251 1715 crgo
1282 1642 1433 1699 Christiani
1467 1645 1557 1699 instar
1585 1645 1683 1716 templi
1714 1645 1964 1713 Hierosolimitani,
1998 1646 2047 1701 ubi
2077 1648 2191 1719 sanguis
2211 1664 2237 1702 ro

543 1754 688 1810 brutorum
716 1751 875 1806 animalium
905 1750 1115 1817 effundebatur,
1146 1750 1277 1805 basilicas
1307 1751 1335 1805 in
1365 1769 1458 1806 amore
1484 1759 1513 1807 et
1535 1751 1640 1807 honore
1663 1753 1719 1807 Dei
1743 1761 1909 1808 construunt
1926 1782 1969 1791 —
1985 1753 2033 1807 nbi
2056 1772 2112 1808 non
2135 1754 2191 1808 iam

541 1860 655 1931 sanguis
678 1866 820 1912 taurorum
844 1857 1009 1922 effunditur,
1034 1858 1085 1912 sed
1108 1875 1210 1928 corpus
1235 1865 1264 1912 et
1287 1859 1401 1930 sanguis
1425 1857 1529 1914 Christi
1552 1858 1699 1913 conficitur
1723 1858 1761 1914 et'
1776 1878 1793 1913 a
1815 1858 1948 1913 fidelibus
1970 1860 2135 1931 percipitur,
2161 1867 2191 1914 et

543 1967 622 2020 Deus
645 1973 702 2021 tam
727 1965 907 2020 evidentibus
934 1964 1054 2019 oraculis
1084 1969 1146 2019 loca
1174 1965 1280 2019 nomini
1309 1983 1360 2019 suo
1394 1966 1489 2020 dicata
1518 1965 1676 2020 inhabitare
1707 1966 1803 2036 ibique
1838 1965 1995 2037 supplicum
2024 1983 2125 2037 preces
2160 1984 2190 2020 se

545 2073 678 2129 exaudire
702 2072 831 2143 polliceri
855 2071 998 2142 dignatur,
1023 2080 1052 2126 et
1075 2070 1224 2142 pontifices
1247 2073 1300 2126 sub
1324 2078 1405 2127 tanta
1428 2072 1604 2127 invocatione
1629 2091 1677 2128 eas
1700 2073 1764 2128 Deo
1788 2073 1932 2139 dedicant,
1957 2079 1988 2126 ut
2011 2090 2117 2138 omnes,
2143 2074 2192 2144 qui

542 2180 608 2233 illuc
632 2179 812 2250 deprecaturi
835 2179 963 2245 veniunt,
988 2179 1024 2232 de
1048 2196 1225 2249 quacumque
1249 2179 1432 2233 tribulatione
1456 2180 1491 2233 ad
1517 2197 1579 2233 eum
1599 2178 1792 2247 clamaverint,
1809 2179 2007 2234 consolationis
2023 2180 2084 2234 eius
2101 2180 2190 2234 bene·
2210 2196 2237 2234 rs

541 2285 606 2341 ficia
621 2292 831 2356 consequantur
841 2314 896 2352 —,
912 2291 1037 2355 oportet,
1055 2293 1086 2339 ut
1102 2292 1209 2340 remoto
1226 2285 1428 2357 neglegentiae
1445 2293 1557 2357 torpore
1573 2285 1767 2340 huiuscemodi
1782 2290 1844 2341 loca
1859 2287 1895 2341 ad
1911 2286 2006 2341 Deum
2022 2286 2192 2342 exorandum

541 2394 653 2464 sibique
677 2393 831 2464 propicium
854 2392 1015 2446 faciendum
1042 2391 1210 2463 frequenter
1239 2411 1272 2448 ac
1303 2393 1408 2448 devote
1439 2394 1544 2448 adeant
1574 2393 1732 2464 dignosque
1762 2411 1793 2448 se
1823 2393 1988 2464 aspectibus
2018 2393 2191 2464 angelorum,

542 2519 659 2571 quorumr
684 2506 839 2555 conventus
863 2499 901 2553 ihi
924 2499 1036 2554 minime
1060 2499 1161 2554 adesse
1185 2499 1353 2555 dubitantur
1362 2496 1384 2565 ²,
1408 2499 1570 2554 exhibeant.
1619 2497 1726 2562 Quodsi
1743 2500 1828 2554 etiam
1843 2507 2026 2554 memoratum
2045 2499 2190 2570 templum,

542 2608 571 2660 in
595 2624 650 2677 quo
673 2606 800 2676 pecudes
823 2606 1027 2672 mactabantur,
1052 2612 1133 2660 tante
1157 2607 1334 2661 venerationi
1356 2606 1527 2674 habebatur,
1552 2613 1584 2660 ut
1607 2608 1642 2661 ad
1666 2606 1736 2660 illud
1759 2623 1814 2661 non
1837 2605 1926 2661 solum
1949 2606 2047 2661 ludaei
2079 2605 2190 2660 divinae

542 2712 614 2784 legis
637 2713 765 2768 notitiam
796 2712 947 2778 habentes,
970 2730 1068 2767 verum
1099 2713 1182 2767 etiam
1212 2714 1342 2768 nationes
1372 2733 1389 2767 a
1419 2719 1592 2768 testamento
1615 2712 1671 2769 Dei
1702 2713 1785 2785 longe
1816 2719 1942 2769 remotae
1972 2712 2071 2767 orandi
2100 2712 2192 2783 gratia
2209 2728 2237 2767 ao

404 2822 522 2917 sixte&
543 2826 753 2885 concurrerent,
778 2819 849 2873 sicut
873 2819 961 2874 babes
985 2820 1013 2873 in
1038 2820 1149 2875 actibus
1172 2819 1362 2891 apostolorum
1385 2820 1422 2875 de
1445 2821 1505 2874 viro
1528 2819 1650 2891 Ethiope
1682 2820 1821 2887 eunucho,
1854 2821 1901 2890 qui
1924 2826 2043 2875 venerat
2073 2819 2190 2874 adorare

452 2887 502 2927 'qq’
542 2928 571 2981 in
586 2924 765 2980 Hierusalem
790 2933 819 2980 et
842 2926 1040 2981 revertebatur
1064 2933 1094 2981 et
1118 2945 1135 2981 a
1157 2926 1289 2998 Philippo
1313 2925 1523 2981 cathechizatus
1547 2934 1577 2981 et
1600 2927 1761 2997 baptizatus
1785 2932 1840 2992 est,
1857 2933 1963 2996 quanto
1979 2925 2067 2997 magis
2083 2924 2193 2996 templa

543 3031 657 3100 Christi,
681 3033 730 3087 ubi
755 3033 815 3088 eius
839 3049 904 3087 caro
928 3039 957 3088 ct
981 3033 1093 3105 sanguis
1124 3033 1292 3100 immolatur,
1324 3053 1341 3089 a
1369 3032 1502 3088 fidelibus
1532 3039 1598 3087 sunt
1628 3033 1766 3104 religiosis
1796 3032 1940 3104 obsequiis
1969 3032 2132 3087 veneranda
2163 3040 2192 3085 et

542 3141 661 3196 assiduis
684 3140 817 3211 precibus
841 3139 1070 3194 inexcusabiliter
1096 3139 1317 3210 frequentanda.
1371 3140 1435 3194 Non
1458 3140 1554 3212 igitur,
1578 3140 1649 3195 sicut
1671 3157 1703 3194 se
1726 3140 1814 3194 hahet
1838 3139 2011 3211 quorundam
2034 3138 2190 3210 reprehen-

542 3248 638 3302 denda
661 3253 692 3302 ct
716 3247 894 3302 emendanda
916 3247 1103 3313 consuetudo,
1126 3253 1246 3317 propter
1268 3246 1421 3313 aediculas,
1446 3264 1516 3317 quas
1538 3247 1592 3301 sibi
1615 3247 1652 3302 ad
1674 3253 1771 3300 votum
1793 3264 1874 3300 suurn
1897 3251 2064 3301 construunt
2094 3245 2189 3315 ibique
2208 3259 2236 3300 se

543 3354 606 3410 Deo
629 3353 794 3408 sacrificium
817 3352 912 3408 offerri
935 3370 1018 3424 posse
1043 3361 1073 3409 et
1097 3354 1204 3408 debere
1229 3354 1416 3421 contendunt,
1446 3353 1554 3425 templa
1583 3371 1637 3424 per
1666 3354 1842 3409 sacerdotum
1871 3352 2056 3407 ministerium
2086 3351 2189 3406 nomini

543 3461 637 3514 divino
661 3461 756 3516 dicata
778 3461 911 3532 paenitus
934 3467 1000 3514 suut
1023 3459 1197 3533 negligenda
1218 3479 1252 3514 ae
1276 3460 1473 3532 relinquenda,
1498 3460 1666 3532 praesertim
1688 3478 1752 3514 cum
1774 3459 1910 3513 Dominus
1940 3458 2017 3514 dicat
2047 3459 2076 3512 in
2105 3457 2188 3529 lege:

390 3571 523 3662 ”mgr-3¹²2
544 3566 592 3623 Ad
612 3569 709 3636 locum,
734 3585 812 3642 quem
837 3566 950 3643 deperit
972 3566 1099 3624 domim
1122 3565 1202 3623 Deus
1225 3567 1260 3623 dc
1289 3566 1394 3623 euacua
1422 3565 1543 3623 trdubus
1564 3566 1674 3636 vesola
1697 3575 1729 3622 ut
1746 3573 1839 3641 ponat
1859 3584 1959 3622 umuen
1988 3583 2067 3620 suum
2099 3563 2136 3620 ihi
2165 3572 2191 3619 et

463 3654 496 3667 Η
543 3672 647 3729 habitet
667 3672 696 3728 in
720 3692 760 3743 eo,
791 3671 905 3729 venietis
935 3681 961 3728 et
988 3671 1114 3744 offeretis
1143 3672 1172 3728 iu
1199 3672 1247 3729 illo
1277 3674 1336 3729 loco
1366 3672 1528 3730 holocausta
1557 3692 1593 3729 ac
1621 3672 1747 3729 medusae
1775 3680 1893 3741 veihos,
1929 3678 1959 3727 et
1987 3679 2053 3743 post
2082 3690 2189 3743 pauca:

365 3793 523 3844 aratura.
545 3777 621 3838 Cave
642 3799 678 3835 ne
700 3779 811 3850 offeras
834 3779 997 3835 holocausta
1020 3787 1069 3835 tua
1092 3779 1120 3834 iu
1144 3779 1221 3836 omni
1242 3780 1310 3848 loco,
1334 3797 1414 3854 qum
1436 3778 1550 3848 videris,
1573 3780 1626 3835 sed
1645 3778 1675 3834 iu
1694 3797 1734 3848 eo,
1758 3797 1838 3854 quem
1862 3777 1974 3854 elepcrit
1988 3776 2137 3846 Dominus,
2161 3777 2190 3834 in
2208 3793 2236 3834 so

543 3905 601 3942 unu
623 3884 742 3941 triburin
765 3893 886 3954 marein,
911 3893 941 3942 et
965 3887 993 3941 in
1017 3887 1103 3941 saeris
1126 3887 1290 3954 canonibus,
1313 3887 1342 3941 in
1365 3886 1482 3942 concilio
1505 3887 1614 3943 scilicet
1636 3886 1816 3950 Laodicensi,
1840 3885 1875 3939 sit
1892 3885 2067 3939 institutum:
2086 3880 2192 3948 Quod⁸

542 4010 598 4048 uon
621 3999 752 4064 oporteat
776 3993 805 4047 in
828 3993 955 4047 domibus
977 3994 1136 4049 oblationes
1159 3994 1195 4048 ab
1219 3994 1360 4065 episcopis
1383 4000 1414 4049 et
1436 3994 1621 4064 praesbiteris
1643 3992 1716 4049 fieri.

642 4134 719 4204 (66).
748 4132 929 4207 CapXII.
963 4131 1161 4199 Quod⁴in
1184 4133 1569 4190 ecclesiaChristi
1593 4138 1750 4190 nonsit
1773 4137 1936 4191 otiosis
1960 4134 2189 4205 turpibus-

544 4261 621 4314 que
650 4240 819 4297 fabulis
843 4243 1074 4297 vacandum
1099 4250 1140 4296 et
1164 4244 1273 4313 quod
1298 4243 1367 4313 qui
1390 4243 1494 4297 haec
1517 4242 1691 4297 iaciunt
1721 4260 1798 4297 non
1828 4242 1961 4297 solum
1984 4243 2069 4297 sibi
2092 4260 2190 4312 pec-

543 4355 640 4404 cata
664 4366 740 4403 non
764 4348 976 4416 minuant,
999 4350 1073 4403 sed
1098 4349 1228 4404 etiam
1251 4350 1412 4404 maiora
1434 4349 1664 4404 cumulent.
1711 4348 1795 4402 Multi
1820 4347 1976 4403 eeclesiam*
1992 4348 2111 4420 ingressi
2134 4365 2190 4403 non
2209 4362 2237 4402 so

543 4455 579 4510 ad
595 4455 689 4509 Deum
712 4473 810 4525 puram
833 4454 1044 4526 simplicemque
1068 4456 1224 4511 orationem
1249 4455 1384 4528 dirigunt,
1412 4456 1552 4526 quoniam,
1576 4456 1652 4527 quod
1668 4473 1716 4510 ore
1732 4462 1896 4526 precantur,
1920 4454 1973 4509 hoc
1993 4454 2079 4509 ctiam
2095 4461 2190 4509 mente

543 4578 598 4616 non
621 4561 804 4616 meditantur.
851 4561 895 4617 De
924 4561 1028 4617 talibus
1052 4562 1133 4616 Beda
1155 4563 1184 4616 in
1207 4561 1309 4616 omelia
1333 4562 1473 4633 evangelii
1503 4563 1625 4632 septima
1648 4562 1773 4616 decima:
1810 4554 1914 4626 sanct,
1943 4560 2045 4631 inquit,
2077 4561 2123 4630 qui
2147 4560 2191 4613 in·

543 4676 652 4723 trantes
677 4667 826 4722 ecclesiam
849 4667 944 4722 multis
967 4668 1140 4739 psalmodiae
1164 4668 1211 4724 rel
1234 4670 1391 4724 orationum
1414 4669 1588 4724 sermonibus
1611 4668 1790 4740 prolongant,
1821 4668 1872 4722 sed
1896 4666 1963 4722 alibi
1986 4666 2071 4722 corde
2095 4667 2189 4721 inteu-

543 4774 637 4828 dendo
660 4791 713 4829 uec
737 4774 801 4845 ipsi,
826 4775 893 4844 quid
917 4775 1022 4842 dicant,
1048 4774 1193 4843 recolunt;
1225 4792 1274 4831 ore
1305 4775 1419 4846 quidem
1449 4783 1574 4842 orantes,
1604 4776 1656 4830 sed
1685 4782 1808 4831 mentem
1838 4774 1905 4829 foris
1934 4779 2086 4846 vagantem
2116 4774 2190 4827 omni

649 5018 698 5067 xl.
727 5020 739 5067 l
761 5019 988 5083 obcnpationibus
1008 5017 1035 5067 Γ.
1096 5018 1154 5069 t'ero
1175 5019 1201 5068 Γ.
1266 5023 1281 5070 8
1301 5022 1447 5086 conquiret
1468 5020 1493 5069 Ρ.
1515 5019 1545 5070 P.
1611 5022 1627 5070 4
1647 5014 1756 5081 tenetis]
1777 5021 1863 5071 teritis
1882 5018 1938 5070 edd.
2002 5020 2139 5068 dicionis
2160 5016 2190 5067 P.
2209 5036 2236 5076 ιο

545 5108 575 5156 11
596 5100 708 5170 honore]
728 5122 811 5157 onore
831 5105 858 5155 l'.
927 5108 959 5157 13
978 5122 1073 5174 preces
1093 5107 1121 5157 Γ.
1190 5111 1220 5158 15
1241 5108 1430 5174 depraeceturi
1451 5109 1476 5159 Γ.
1549 5111 1581 5160 21
1603 5108 1738 5175 Aethiops
1758 5108 1789 5158 P.
1856 5107 2092 5159 ascribentium
2112 5107 2139 5156 Γ.
2159 5104 2190 5156 P.

543 5196 577 5246 23
595 5193 748 5245 immolatus
767 5194 795 5245 l'.
867 5197 900 5245 28
920 5200 1004 5261 ponet
1022 5195 1050 5245 Γ.
1070 5195 1102 5246 P.

649 5283 971 5335 senseresensere
1043 5284 1182 5335 cumulant
1202 5284 1232 5335 P.
1306 5287 1338 5336 st
1359 5284 1501 5351 euangelii
1521 5286 1547 5336 Γ,
1567 5286 1598 5337 Ρ.
1671 5281 1924 5353 septimadecima]
1945 5285 2034 5336 xvn.
2054 5283 2084 5336 P.

653 5517 682 5588 l)
707 5518 797 5576 Verba
816 5521 911 5577 Dicite
926 5549 964 5561 -·
978 5521 1091 5576 Domini
1108 5513 1140 5594 (l.
1158 5515 1208 5594 10)
1233 5520 1362 5597 lepontur
1377 5521 1442 5579 itta.
1451 5544 1461 5592 ,·
1484 5524 1503 5579 l.
1520 5525 1539 5580 l.
1563 5523 1588 5592 Ι,
1606 5526 1656 5583 38.
1726 5521 1757 5592 2)
1776 5520 1825 5594 Cf.
1841 5541 1931 5598 supro
1950 5541 1982 5598 p.
2000 5524 2061 5581 409
2080 5539 2103 5578 c.
2122 5522 2191 5579 132.

544 5621 576 5692 3)
595 5623 699 5682 Concil.
719 5626 893 5684 Laodiceuse
914 5647 937 5683 c.
954 5630 997 5687 58
1003 5648 1013 5696 ,·
1039 5626 1139 5684 Mauri
1156 5626 1196 5696 11,
1212 5630 1285 5686 582.
1351 5627 1382 5698 4)
1405 5627 1500 5685 Totum
1517 5637 1602 5704 caput
1616 5627 1758 5686 invenitm·
1772 5628 1801 5685 in
1817 5627 1907 5686 Ionae
1922 5627 2019 5684 Aurei.
2036 5627 2071 5683 de
2086 5625 2192 5682 iustitu-
2211 5649 2238 5689 m

544 5729 617 5788 tione
639 5731 736 5789 laicali
752 5732 774 5789 Ι
791 5754 814 5790 c.
833 5736 880 5802 13,
905 5733 1019 5791 haunit
1040 5733 1069 5791 iu
1085 5733 1204 5791 eiusdem
1229 5733 1424 5791 institutionem
1448 5734 1555 5811 repient
1579 5754 1603 5791 c.
1620 5737 1669 5795 14.
1738 5733 1768 5803 5)
1792 5733 1883 5791 Verba
1907 5733 1979 5790 Sunt
1996 5735 2045 5806 qui
2064 5763 2096 5772 -
2119 5732 2192 5788 tole·

544 5855 635 5893 remus
657 5834 698 5914 (p.
717 5844 777 5899 665
801 5842 820 5896 l.
838 5835 869 5913 5)
893 5841 1023 5916 lepuutur
1037 5839 1119 5916 apud
1131 5839 1252 5910 Bedum,
1276 5839 1465 5899 Homilicrum
1484 5840 1529 5897 lib.
1546 5840 1571 5911 Ι,
1589 5844 1628 5901 19
1634 5862 1646 5912 ,·
1670 5841 1777 5919 Mipue,
1803 5837 2192 5908 Pauor.zae.r'01V,105.
