4884 6717
674 536 725 592 44.
762 534 982 592 CONCILIUM
1004 533 1233 592 Paululsusa
1257 535 1294 590 A.
1315 533 1390 590 825.
1796 529 1860 593 487

311 724 389 789 VII.
425 723 628 810 Augustinus
647 723 680 788 in
696 721 780 788 libro
796 722 889 787 XVI.
907 722 948 787 de
964 723 1098 787 civitate
1114 721 1196 786 Dei:
1221 727 1385 794 Quosdsml
1402 731 1463 787 sinc
1480 731 1591 788 cervice
1607 731 1704 789 oculos
1720 732 1862 789 habentos

205 842 234 896 in
257 841 381 896 humeris
405 848 436 896 et
458 848 559 895 cetera
579 839 720 894 hominnm
743 839 824 910 quasi
847 856 957 910 genera
978 839 1130 906 hominum,
1154 856 1228 909 quse
1253 838 1280 892 in
1305 838 1443 893 maritima
1459 838 1556 909 platea
1572 837 1732 912 Cartaginis
1756 841 1861 896 musivo

204 949 284 1020 picta
305 955 383 1010 snut,
407 965 441 1002 ex
464 947 537 1002 libro
560 947 731 1018 deprompta
753 946 833 1000 volut
857 946 1015 1001 curiosioris
1038 945 1185 1001 historiae.

310 1044 393 1109 Item
417 1045 487 1131 ipse
510 1054 584 1130 post
606 1066 729 1130 pauca:
755 1049 959 1125 Quaproptcr²
981 1059 1031 1107 aut
1054 1052 1113 1118 illa,
1137 1070 1211 1123 quse
1237 1059 1267 1106 et
1291 1052 1347 1107 alia
1362 1053 1398 1106 de
1416 1054 1583 1125 quibusdam
1595 1055 1730 1124 gentibus
1753 1054 1860 1126 scripta

172 1169 282 1230 ssnut,
305 1162 417 1217 omnino
432 1160 511 1216 nulla
525 1169 591 1215 sunt
613 1167 673 1228 aut,
698 1161 722 1215 si
737 1167 814 1228 sunt,
839 1160 966 1216 homines
989 1177 1044 1215 non
1068 1167 1146 1214 sunt.
1184 1149 1334 1237 Apparet
1356 1148 1490 1236 liquide,
1514 1152 1669 1237 quoniam
1693 1153 1778 1215 sicut
1800 1174 1860 1238 per

203 1260 365 1346 picturam
388 1258 484 1323 utiles
507 1269 540 1322 et
562 1279 662 1322 verae
685 1257 927 1322 recordationes
951 1256 995 1321 sd
1017 1258 1208 1321 memoriam
1224 1255 1401 1343 aliquando
1418 1255 1565 1338 redeunt,
1589 1279 1673 1344 qnae
1691 1281 1854 1345 conpunc-

204 1368 325 1430 tionem
349 1367 510 1451 ingcrant,
540 1366 587 1429 ita
610 1366 707 1429 etiam
730 1365 848 1428 nocise
871 1376 905 1429 ct
927 1363 1030 1428 falsae
1055 1363 1205 1427 humanis
1229 1362 1392 1432 mentibus
1416 1386 1547 1451 semper
1570 1365 1729 1450 imagines
1753 1364 1857 1429 ludifi-

153 1507 157 1516 ’
205 1473 310 1539 cando
333 1473 495 1557 ingerunt

312 1596 405 1661 VIII.
442 1596 523 1668 Item
547 1595 750 1681 Augustinus
775 1597 808 1660 in
832 1593 914 1659 libro
939 1594 979 1660 de
1004 1593 1118 1659 decem
1143 1593 1274 1658 chordis
1297 1595 1383 1658 inter
1406 1605 1515 1658 cetera
1539 1595 1583 1658 ita
1607 1596 1668 1660 ait:
1695 1600 1863 1669 Quomodo³

161 1733 188 1772 ro
205 1714 278 1769 facio
308 1714 361 1785 ipsi
385 1714 449 1768 Deo
473 1713 622 1767 iniuriam?
669 1710 830 1782 Corrumpis
860 1712 993 1782 teipsum.
1040 1712 1078 1765 Et
1101 1712 1178 1764 unde
1203 1711 1329 1765 iniuriam
1354 1711 1418 1766 Deo
1441 1710 1524 1774 facio,
1557 1712 1625 1782 quia
1647 1729 1794 1784 corrumpo
1816 1729 1861 1767 nse

205 1821 318 1893 ipsum?
352 1819 438 1875 Unde
462 1819 514 1873 tibi
539 1818 608 1874 facit
632 1818 760 1873 iniuriam
784 1819 832 1889 qni
855 1817 978 1872 voluerit
1000 1817 1075 1872 forte
1100 1817 1227 1889 lapidare
1251 1819 1376 1872 tabulam
1400 1825 1477 1872 tumn
1501 1819 1617 1890 pictam,
1640 1818 1669 1872 in
1693 1837 1750 1890 qna
1765 1818 1863 1874 tabula

205 1929 297 1999 imago
321 1935 372 1982 tua
395 1933 450 1994 cst,
482 1927 510 1980 in
540 1927 623 1981 domo
654 1933 705 1981 tua
727 1925 851 1980 inaniter
873 1925 966 1996 posita
988 1926 1025 1979 ad
1048 1942 1150 1978 vanarn
1174 1924 1309 1980 honorem
1332 1933 1410 1979 tuum
1434 1943 1489 1979 uec
1514 1926 1642 1981 sentiens
1666 1943 1719 1980 nec
1742 1926 1862 1998 loquens

205 2053 259 2091 nec
283 2035 393 2089 videns.
440 2032 469 2088 Si
494 2033 556 2104 quis
580 2032 655 2087 illam
679 2032 800 2104 lapidet,
824 2049 916 2087 noune
941 2032 992 2086 tibi
1016 2031 1085 2086 facit
1109 2031 1330 2086 contumeliam?

312 2149 423 2214 VIIII.
458 2149 497 2213 In
527 2147 611 2213 libro
643 2149 824 2234 tripertitae
854 2148 1010 2213 historiae
1034 2147 1078 2211 X.
1103 2170 1175 2234 cap.
1193 2147 1323 2211 XXX:
1356 2155 1478 2227 Neque⁴
1505 2157 1580 2211 crrim
1604 2167 1718 2212 sauctus
1746 2157 1862 2224 Paulus,

160 2283 187 2324 rs
206 2265 272 2320 dnm
295 2266 421 2322 vcnhset
437 2266 567 2321 Athenas
592 2273 622 2321 et
646 2266 791 2320 civitatem
814 2265 954 2337 repletam
977 2264 1059 2319 idolis
1082 2266 1287 2335 conspexisset,
1312 2281 1374 2318 aras
1397 2264 1434 2318 ab
1458 2263 1511 2318 illis
1535 2265 1685 2319 honoratas
1709 2265 1860 2331 destruxit,
1880 2274 2040 2322 ctscsrtrs.

205 2373 257 2427 sed
281 2372 391 2428 ratione
415 2372 602 2445 ignorantiam
626 2373 784 2444 redarguit,
807 2372 936 2426 veritatis
961 2372 1021 2425 iura
1043 2371 1219 2425 monstravit.

313 2487 356 2551 X.
392 2487 474 2552 Item
498 2488 531 2551 in
556 2486 670 2551 codem
695 2485 870 2551 libr0V1.:
903 2491 1000 2552 ΙΙΙιιᾱὅ
1023 2514 1148 2567 quoque,
1180 2495 1257 2567 quod
1280 2495 1333 2549 sub
1356 2495 1465 2550 iuliano
1495 2496 1636 2566 provenit,
1668 2513 1782 2551 narrare
1806 2515 1861 2551 non

205 2604 287 2659 sileo.
333 2604 402 2658 Fuit
433 2604 507 2659 cuim
537 2604 647 2674 signum
678 2604 793 2675 quidem
822 2603 934 2657 virtutis
958 2601 1063 2657 Christi
1094 2611 1123 2656 at
1151 2602 1283 2657 indicium
1307 2611 1406 2656 contra
1428 2602 1582 2673 principem
1608 2603 1770 2657 iracundiae
1794 2603 1860 2659 Dei.

207 2711 279 2765 Cum
311 2711 384 2766 cuim
415 2711 577 2782 agnovisset
611 2711 638 2765 in
663 2709 806 2765 Caesarea
829 2709 961 2782 Phylippi
986 2709 1101 2764 civitate
1125 2709 1289 2774 Pheniciae,
1320 2727 1403 2781 quatu
1427 2709 1551 2764 Paucum
1576 2710 1724 2776 vocabant,
1749 2709 1860 2782 insigne

160 2833 188 2873 au
207 2817 312 2871 Christi
337 2835 399 2872 csse
424 2817 612 2882 simulacrum,
637 2818 713 2888 quod
736 2817 881 2888 sanguinis
903 2816 1026 2872 liberata
1048 2815 1185 2888 profluvio
1208 2817 1399 2878 constituerit,
1425 2835 1459 2870 eo
1483 2817 1612 2887 deposito
1636 2835 1713 2871 suam
1739 2817 1777 2870 ibi
1801 2825 1859 2871 sta-

206 2933 283 2979 tuam
307 2924 465 2980 collocavit.
502 2923 583 2987 Quae
600 2924 724 2979 violento
743 2923 809 2994 igne
833 2923 870 2978 de
894 2922 974 2979 caclo
997 2925 1120 2978 cadente
1145 2924 1219 2980 circa
1243 2924 1304 2977 eius
1327 2932 1429 2994 pectus
1453 2924 1543 2977 divisa
1566 2933 1610 2976 est
1634 2931 1663 2979 et
1688 2931 1774 2994 caput
1797 2941 1860 2978 curn

206 3032 316 3086 cervice
341 3050 398 3086 una
419 3039 502 3103 parte
526 3031 670 3086 deiectum
694 3039 782 3101 atque
806 3031 834 3084 in
858 3037 936 3085 terra
959 3029 1060 3096 fixum3
1086 3031 1195 3101 reliqua
1218 3047 1286 3084 sero
1310 3047 1374 3100 pars
1398 3028 1536 3084 hactenus
1560 3030 1665 3084 restitit
1690 3039 1720 3085 et
1736 3029 1860 3084 fulminis

206 3138 310 3194 indicia
339 3139 505 3193 reservavit.
554 3139 683 3193 Statuam
715 3154 782 3193 vero
806 3135 911 3191 Christi
941 3145 1009 3191 tunc
1039 3139 1154 3208 quidam
1185 3138 1289 3208 pagani
1319 3136 1467 3192 trahentes
1497 3136 1708 3206 confregerunt.
1756 3136 1861 3191 Postea

206 3263 273 3301 vcro
297 3243 449 3300 Christiani
473 3244 642 3317 colligentes
666 3245 694 3299 in
720 3244 869 3299 ecclesiam
893 3244 1124 3310 recondiderunt,
1150 3261 1206 3315 quo
1230 3243 1367 3298 hactenus
1391 3251 1561 3298 reservatur.

160 3402 187 3443 ss
314 3378 410 3442 Nunc
442 3376 547 3464 qualis
578 3378 731 3442 discretio
763 3377 805 3440 sit
834 3374 977 3441 tenenda
1007 3399 1087 3462 erga
1116 3389 1301 3442 sanctorum
1333 3378 1490 3462 imagines
1514 3374 1683 3441 habendas
1707 3387 1741 3441 et
1762 3376 1860 3442 histo·

206 3486 327 3550 riarum
352 3485 505 3571 picturas,
536 3485 732 3549 sanctissimi
757 3495 790 3547 ct
812 3483 936 3568 egregii
960 3494 1058 3570 atque
1082 3482 1284 3548 admirabilis
1308 3485 1471 3570 totiusque
1496 3483 1676 3548 catholicae
1700 3483 1859 3548 ecclcsiae

207 3592 386 3657 doctissimi
408 3592 471 3654 viri
495 3588 584 3656 beati
608 3589 761 3677 Gregorii
784 3613 894 3678 papae
915 3591 1086 3677 sequentia
1109 3590 1196 3656 dicta
1220 3589 1398 3655 declarant.

313 3716 373 3780 xl.
409 3712 533 3780 Scribit
562 3726 671 3780 antem
694 3715 736 3780 ed
760 3715 920 3780 Serenum
943 3714 1180 3779 Massiliensem
1204 3715 1411 3803 episcopum:
1444 3721 1572 3788 Indicoss,
1605 3716 1720 3802 inquit,
1750 3726 1786 3779 od
1810 3742 1860 3778 nos

205 3834 312 3888 dudum
342 3833 519 3904 pervenisse,
550 3833 627 3903 quod
657 3832 821 3887 fraternitas
844 3839 950 3898 restra,
982 3832 1118 3904 quosdam
1142 3832 1292 3902 imaginum
1316 3834 1480 3888 adoratores
1503 3833 1654 3904 aspiciens,
1687 3833 1800 3888 casdem
1824 3832 1860 3886 ab

161 3959 189 3999 so
207 3939 335 3996 ecclesiis
358 3939 494 4012 imagines
517 3938 658 4010 confregit
682 3948 769 4009 atque
793 3939 924 4010 proiecit.
963 3939 1001 3994 Et
1025 3940 1139 4010 quidem
1162 3939 1254 3994 zelum
1279 3957 1338 4002 ros,
1362 3958 1398 3994 nc
1423 3941 1490 4011 quid
1514 3957 1597 3994 masau
1621 3939 1728 3994 facturn
1751 3940 1859 3994 adorari

205 4047 305 4119 possit,
329 4045 463 4101 habuisse
486 4045 671 4112 laudavimus,
699 4046 750 4100 sed
774 4045 906 4116 frangere
932 4048 1046 4102 easdem
1069 4047 1206 4116 imagines
1230 4063 1285 4100 non
1302 4047 1435 4100 debuisse
1453 4046 1617 4101 iudicamus.
1655 4045 1763 4100 ideirco
1787 4047 1860 4100 cuim

205 4154 318 4225 pictura
347 4154 375 4207 in
399 4151 528 4208 ecclesiis
551 4152 713 4220 adhibetur,
745 4161 776 4206 ut
800 4152 838 4220 hi,
870 4152 919 4224 qui
948 4153 1060 4208 litteras
1083 4153 1225 4220 nesciunt,
1256 4152 1348 4207 saltim
1380 4154 1407 4206 in
1435 4154 1592 4224 parictibus
1616 4153 1740 4208 videndo
1763 4157 1860 4224 legant

206 4277 280 4332 quac
303 4259 403 4330 legere
427 4259 455 4314 in
480 4259 625 4314 codicibus
648 4277 704 4315 non
728 4259 834 4314 salem.
870 4260 935 4315 Tua
951 4277 1019 4330 ergo
1042 4259 1207 4314 fratcmitas
1231 4266 1260 4314 ct
1285 4258 1347 4313 illas
1370 4277 1483 4314 semare
1508 4267 1537 4314 ct
1562 4260 1598 4315 ab
1622 4278 1718 4315 carum
1742 4260 1860 4314 adoratu

205 4366 341 4439 populum
364 4366 516 4438 prohibere
540 4367 652 4432 debuit,
684 4367 818 4437 quatinus
842 4373 872 4422 et
895 4366 1054 4421 litterarum
1079 4366 1166 4421 nescii
1190 4366 1329 4420 habereut
1354 4367 1429 4420 unde
1453 4366 1599 4421 seioutisun
1622 4366 1756 4422 historiae
1781 4366 1859 4421 colli·

160 4494 187 4534 ss
205 4480 309 4544 gerent
334 4481 364 4530 et
387 4474 508 4544 populus
531 4473 559 4527 in
582 4473 712 4544 picturae
736 4473 901 4528 adoratione
925 4473 1037 4529 minime
1061 4479 1206 4544 peccaret.

314 4719 377 4768 vll.
408 4719 513 4782 lAug.
532 4717 572 4766 hic
589 4727 613 4768 ct
630 4718 704 4783 infra
723 4717 754 4772 P.
828 4712 978 4783 Quosdam]
998 4719 1068 4782 Aug.
1086 4717 1114 4767 in
1133 4735 1212 4782 nurg-
1234 4717 1263 4768 P.
1337 4719 1399 4769 'let
1417 4717 1483 4766 dmt
1506 4717 1532 4767 Ρ.

312 4807 394 4858 vm.
422 4809 439 4858 a
458 4802 612 4871 Quomodo}
630 4807 700 4873 Aug.
718 4807 748 4858 in
765 4825 844 4873 simp.
863 4805 894 4858 Ρ.

311 4897 408 4948 VilIl.
439 4900 470 4948 ll
492 4891 595 4962 Neque]
615 4897 752 4948 Eusebius
769 4896 799 4947 in
816 4914 895 4962 story.
916 4895 946 4946 P.

312 4985 346 5037 X.
375 4988 407 5036 lt
427 4981 510 5050 Illud]
530 4986 666 5036 Eusebius
683 4986 712 5035 in
729 5003 809 5051 marg.
828 4985 859 5035 P.
932 4987 964 5035 21
986 4979 1023 5048 st]
1043 4993 1074 5034 nt
1093 4983 1124 5034 P.
1198 4987 1230 5036 24
1251 4979 1317 5050 quo]
1336 4986 1409 5050 quod
1433 4984 1460 5034 Ρ.
1542 4987 1576 5036 ab
1596 4980 1684 5048 Nune]
1702 4985 1737 5034 ita
1757 5003 1769 5030 r
1787 4986 1842 5035 mni
1856 5023 1861 5040 ,

159 5082 187 5122 ω
204 5076 272 5126 Nam
292 5074 323 5136 P,
350 5074 438 5142 Caput
456 5075 495 5125 11.
510 5075 680 5141 praendttrsut
695 5075 752 5126 edd.

312 5164 360 5214 xl,
385 5165 419 5215 28
445 5159 554 5227 Indico]
575 5161 750 5228 Gregtorius)
771 5164 799 5213 in
817 5181 896 5228 marg.
916 5161 947 5212 Ρ.
1038 5163 1072 5213 29
1098 5163 1133 5212 ab
1155 5162 1221 5212 dem
1241 5161 1271 5212 P.
1364 5164 1397 5213 32
1423 5157 1480 5227 qui]
1505 5179 1559 5227 qun
1582 5163 1609 5212 Ρ.
1701 5165 1735 5212 33
1762 5162 1809 5214 illa
1832 5163 1859 5214 P.

205 5247 308 5316 aarum]
328 5268 423 5303 corum
442 5252 473 5304 P.

316 5471 345 5540 1)
368 5470 549 5547 suornm,
581 5469 627 5526 ne
649 5467 759 5526 erano
782 5467 839 5525 uo·
862 5467 943 5526 rvr
959 5471 1021 5527 as
1043 5459 1118 5544 §1,·
1150 5467 1224 5542 opp.
1249 5468 1311 5536 mr,
1335 5470 1407 5527 422.
1512 5467 1542 5532 n
1566 5467 1674 5524 mrem
1697 5461 1775 5546 §a
1805 5473 1823 5528 s
1840 5473 1858 5528 ι.

213 5576 276 5647 VII,
292 5579 362 5637 423.
439 5576 469 5646 3)
493 5576 674 5653 Augustinus,
699 5575 799 5632 &mro
821 5573 876 5631 ΙΧ.
901 5575 935 5631 de
957 5575 1050 5630 derra
1075 5574 1187 5631 chordis
1208 5571 1304 5651 §ish
1336 5573 1410 5650 opp.
1435 5575 1530 5636 1259.
1604 5576 1636 5630 il
1663 5575 1858 5640 (ἶωεὶοᾶοτω,

160 5681 337 5745 &Historia
366 5682 513 5758 tripartita
536 5682 570 5739 Χ
595 5703 619 5738 e.
642 5685 699 5751 30,-
734 5680 809 5758 Opp.
840 5683 883 5738 cd.
909 5679 1002 5740 Garat
1031 5681 1055 5751 I,
1079 5683 1147 5740 363.
1262 5681 1293 5750 ὁ)
1324 5681 1432 5738 Ibidem
1457 5681 1541 5738 Vlc.
1563 5683 1622 5751 42;
1657 5683 1676 5739 1.
1700 5685 1719 5740 Ι.
1745 5682 1858 5754 1,297.

206 5787 238 5858 tl)
264 5785 422 5866 Gregosma
445 5789 500 5859 M,
533 5789 663 5864 Eputola
685 5789 727 5845 ud
749 5789 886 5844 &rmum
916 5787 1074 5864 epueopuru
1099 5787 1322 5856 Jiussdr'euscm,
1352 5788 1425 5845 Mu.
1453 5787 1668 5863 llpp.11,196
1691 5783 1859 5863 (Just-E.

205 5915 234 5951 n.
252 5889 361 5971 1736).
