4884 6717
551 457 616 521 832
639 465 849 523 APPENDIX.
876 469 905 524 7.
923 466 1201 523 FRAGMENTUM
1217 465 1463 522 HISTORICUM
1479 467 1532 521 DE
1545 465 1732 521 CONCILIO
1746 465 2113 531 AQUISGRANENSIA.
2129 467 2204 524 816.

550 655 703 742 pontifice
730 655 959 721 Romanorum.
1007 654 1197 720 Statuerunt
1226 678 1285 741 pro
1321 655 1497 736 canonicis,
1529 656 1584 740 qni
1615 665 1691 719 tunc
1722 653 1783 719 snb
1814 655 2006 740 praepositis
2037 653 2204 735 vivebant,

551 763 629 848 quin
659 762 838 847 praepositi
867 760 1058 849 temporalia
1088 761 1171 854 male
1204 760 1389 824 tractabant
1412 773 1445 824 et
1467 759 1643 825 nobiliores
1667 761 1880 847 fortioresque
1905 762 2055 826 canonici
2077 783 2203 848 posses·

551 870 658 932 aiones
681 867 892 954 usurpabant,
917 880 952 932 ut
976 867 1112 955 quilibet
1136 869 1323 948 canonicus,
1347 868 1494 954 personis
1518 867 1561 931 ad
1585 880 1708 933 certum
1733 890 1904 931 numerum
1926 867 2077 948 redactis,
2109 891 2202 932 suum

551 975 728 1061 temporale
752 976 919 1061 proprium
942 974 1124 1061 possideret
1147 987 1180 1038 ct
1202 985 1238 1038 ut
1261 974 1301 1038 de
1317 976 1490 1038 ‘communi
1513 997 1644 1039 camera
1667 973 1800 1039 cuilibet
1823 972 2081 1056 distribueretur,
2108 991 2203 1060 prout

550 1082 584 1145 in
608 1081 707 1147 choro
731 1081 850 1146 divinis
875 1081 990 1146 officiis
1016 1081 1184 1145 resideret.
1232 1082 1293 1145 ln²
1316 1080 1371 1144 illo
1396 1092 1541 1167 tempore
1565 1081 1732 1146 monachis
1757 1079 1936 1145 Gallicanis
1960 1093 2010 1145 est
2032 1080 2202 1161 indultum,
2227 1104 2241 1144 s

551 1376 662 1445 dicitnr,
694 1375 884 1432 cornnrenticin
915 1375 996 1431 etiam
1027 1375 1136 1432 exbibet
1164 1375 1270 1431 libellus
1296 1374 1342 1430 ille
1364 1375 1392 1430 in
1417 1375 1510 1432 codice
1534 1373 1761 1448 Guelferbytano
1783 1375 1857 1432 inter
1879 1375 2119 1432 Helmstadieases
2141 1379 2205 1433 552

550 1502 624 1539 saec.
642 1482 709 1537 XV.
727 1482 785 1553 sol.
803 1476 1009 1550 ess-289¹,
1041 1483 1076 1538 de
1105 1502 1158 1556 qao
1189 1481 1294 1557 epiricus
1318 1481 1421 1539 ‘Neues
1444 1483 1563 1538 Arcbie’
1589 1481 1702 1551 XXVI,
1725 1485 1775 1541 27.
1800 1511 1843 1521 -
1866 1482 1936 1538 Item
1966 1502 2042 1538 inere
2064 1480 2204 1553 sabulosa

550 1596 616 1644 sunt
644 1608 717 1664 qnae
741 1588 883 1664 praebent
914 1586 1003 1645 Gesta
1037 1588 1229 1664 qriscoporam
1261 1588 1542 1645 Hatberstndensiane
1573 1590 1615 1644 ad
1642 1609 1671 1645 a.
1696 1592 1767 1648 816.
1799 1586 1887 1662 (MG.
1914 1588 1968 1645 SS.
1993 1587 2110 1658 XXIII,
2136 1585 2203 1662 79)·

550 1696 706 1767 Imperator
729 1697 765 1752 de
789 1696 904 1750 consilio
929 1703 959 1750 et
983 1714 1122 1751 consensu
1138 1694 1278 1767 Stephani
1294 1714 1368 1768 pape
1394 1688 1443 1751 (V.
1460 1698 1651 1765 816-817,
1675 1694 1724 1770 qui
1747 1695 1862 1752 concilio
1878 1693 2104 1771 Aquisyranenei
2117 1694 2205 1771 finito

551 1802 580 1858 in
606 1801 763 1858 Franciarn
787 1801 862 1858 verrit
883 1820 976 1858 neenec
1000 1800 1113 1859 Octobri
1134 1821 1163 1858 a.
1180 1805 1270 1870 816.,·
1301 1802 1343 1873 es.
1370 1799 1578 1857 Miiblbacber²
1600 1821 1628 1858 n.
1646 1795 1746 1877 6330)
1771 1804 1798 1856 in
1823 1802 1928 1874 palatio
1951 1803 2124 1874 Aquisgrani
2147 1802 2202 1856 sol·
2227 1818 2251 1854 ro

551 1914 696 1980 lempnem
716 1910 853 1981 synodum
877 1911 1070 1981 congregarit,
1094 1909 1180 1964 beato
1197 1909 1343 1964 Bonifacio
1359 1910 1523 1980 ltloguntine
1548 1911 1624 1966 sedis
1647 1910 1859 1981 archiepiscopo
1878 1899 1914 1984 (†
1931 1905 2004 1982 751)
2028 1909 2203 1980 presidente,

552 2017 600 2087 qui
625 2027 654 2071 et
677 2024 779 2088 postea
802 2017 923 2089 glorioso
947 2022 991 2071 est
1015 2034 1065 2087 pro
1082 2014 1186 2070 Christi
1201 2016 1324 2070 martirio
1349 2023 1509 2070 coronatus.
1545 2017 1675 2071 Aderant
1694 2033 1806 2087 quoque
1823 2015 1903 2070 multi
1920 2023 1949 2070 et
1966 2033 2067 2087 magne
2083 2016 2203 2070 auctori·

551 2124 618 2178 tatis
641 2124 708 2178 viri:
734 2124 837 2179 beatus
861 2123 996 2178 videlicet
1013 2123 1206 2193 Hildcgrimus
1231 2123 1337 2194 primus
1354 2124 1607 2178 Halberstadensis
1632 2124 1782 2194 episcopus
1806 2115 1844 2196 (v.
1862 2121 1896 2177 Α.
1913 2121 2027 2190 Hancl,
2053 2121 2204 2178 ‘Kircben

549 2229 705 2306 perebicbte
721 2229 945 2286 Dentscbtnnab'
963 2231 1006 2285 ecl.
1024 2232 1053 2287 2.
1073 2229 1111 2295 11,
1129 2231 1190 2287 410
1205 2249 1274 2284 arrii.
1293 2235 1321 2299 3,
1341 2249 1373 2304 p.
1391 2232 1452 2288 675
1476 2249 1545 2286 aren.
1563 2225 1606 2305 4),
1630 2237 1802 2301 sanctusque
1820 2230 1880 2283 eins
1897 2247 2048 2300 gemenas
2066 2229 2210 2290 liuderus

551 2337 783 2393 Monasteriensis
808 2329 845 2414 (†
868 2332 952 2409 809),
983 2337 1190 2392 willebrordus
1214 2328 1250 2413 (t'
1274 2331 1357 2412 739),
1388 2338 1553 2408 Wicpertus
1583 2331 1721 2408 (sortasse
1750 2336 1822 2391 idern
1846 2354 1882 2392 ac
1907 2335 2062 2403 lli'ctberct,
2094 2336 2129 2391 de
2150 2355 2205 2411 qao
2226 2350 2250 2390 rs

552 2443 594 2515 cs.
617 2442 731 2514 Heracle,
757 2445 774 2499 t.
798 2445 816 2500 1.
842 2438 982 2517 11433),
1008 2443 1196 2498 Columbanus
1220 2435 1257 2520 Γ)
1281 2439 1364 2518 626),
1395 2443 1516 2498 Albinus
1540 2438 1679 2516 (fortasse
1701 2443 1774 2498 idern
1797 2450 1880 2518 atque
1903 2441 2047 2512 Atacinus,
2071 2433 2095 2516 †
2118 2439 2203 2516 801),

551 2551 730 2607 venerabiles
755 2552 879 2622 episcopi
904 2557 933 2605 et
957 2551 1144 2614 confessores,
1168 2551 1342 2622 aliorumque
1367 2552 1560 2622 episcoporum
1579 2559 1608 2606 et
1625 2552 1758 2606 abbatum
1775 2551 1894 2605 maxima
1909 2550 2067 2605 multitudo.
2109 2549 2205 2625 Magis

550 2666 629 2714 reeta
656 2656 796 2732 praebent
825 2658 921 2713 eadem
947 2654 1036 2714 Gesta
1067 2675 1130 2732 epp.
1157 2657 1352 2724 Halbcrstart„
1384 2676 1443 2712 curn
1469 2665 1610 2733 pergunt:
1640 2657 1673 2711 In
1698 2676 1755 2729 qna
1778 2659 1885 2729 synodo
1909 2657 1998 2712 sancti
2020 2664 2129 2728 patres,
2153 2676 2203 2711 au·

549 2771 657 2820 nuente
681 2763 788 2836 Spiritu
810 2771 906 2819 sancto
930 2765 1056 2831 adunati,
1088 2765 1210 2835 piissimo
1235 2765 1384 2820 Lodewico
1408 2765 1538 2836 Augusto
1569 2771 1758 2831 ammonente,
1787 2764 1914 2836 regulam
1944 2765 2140 2818 canonicorum
2170 2783 2204 2818 er

551 2872 632 2926 dictis
657 2870 787 2943 Gregorii
815 2889 907 2942 pape,
932 2872 1100 2942 Augustini,
1125 2871 1256 2926 leronimi
1281 2872 1449 2942 presbiteri,
1481 2871 1597 2940 Isidori,
1629 2872 1761 2942 Prospcri
1791 2889 1903 2942 quoque
1930 2879 1959 2926 et
1983 2871 2108 2925 aliorum.
2123 2889 2203 2925 sauc-
2223 2885 2251 2924 eo

550 2986 641 3032 torum
664 2984 776 3049 patrum
801 2987 962 3049 excerptam
987 2979 1181 3033 traditionibus
1206 2970 1244 3050 (a.
1261 2997 1350 3051 snpra
1370 2997 1402 3052 p.
1421 2980 1515 3035 3101.
1533 2973 1639 3052 bsqq.)
1663 2979 1807 3033 observari
1831 2979 2000 3033 unanimiter
2023 2986 2203 3045 censuerunt,

550 3085 578 3140 in
603 3103 660 3155 qua
682 3086 809 3141 studioso
832 3086 933 3141 lectori
957 3093 986 3141 et
1008 3085 1103 3140 humili
1127 3085 1310 3151 observaturi,
1344 3085 1411 3156 quid
1442 3085 1552 3140 clericis
1582 3084 1743 3140 faciendum
1774 3086 1809 3139 sit
1840 3085 1943 3156 quidve
1968 3085 2123 3150 vitandum,
2154 3086 2203 3139 dc·

551 3194 703 3265 scriptione
728 3194 928 3264 compendiosa
951 3200 979 3248 et
1002 3193 1064 3246 utili
1089 3194 1260 3248 declaratur.
1296 3190 1434 3247 ditantur
1453 3192 1635 3250 barcenona
1658 3191 1686 3247 in
1711 3191 1880 3247 narratione
1895 3191 2064 3247 Arinab'etae
2080 3191 2206 3248 Suaoms

549 3301 593 3356 ad
613 3320 640 3356 a.
657 3303 727 3359 816.
751 3295 838 3374 (MG'.
863 3299 917 3356 88.
942 3298 989 3369 VI,
1007 3295 1091 3375 572),
1122 3299 1172 3374 qui
1193 3299 1264 3356 talia
1287 3299 1396 3370 refert:
1426 3299 1594 3354 Ludowicus
1624 3299 1775 3370 imperator
1805 3317 1945 3353 consensu
1967 3298 2106 3369 Stephani
2129 3317 2203 3370 pape

551 3401 601 3480 (V.
628 3401 823 3482 sta-817)
847 3407 1019 3478 Aquisgrani
1043 3425 1173 3478 magnam
1196 3408 1334 3479 synodum
1358 3407 1551 3478 congregarit,
1577 3406 1605 3459 in
1630 3424 1685 3476 qua
1708 3406 1798 3460 sancti
1822 3413 1917 3477 patres
1941 3404 2067 3476 regulam
2092 3407 2204 3460 canoni·
2224 3417 2251 3457 ss

550 3533 645 3569 corum
669 3532 704 3569 ex
727 3514 811 3568 dictis
835 3513 976 3585 Gregorii,
1001 3514 1152 3584 Augustini
1176 3520 1204 3568 et
1228 3513 1344 3568 aliorum
1369 3521 1527 3567 sanctorum
1550 3522 1661 3583 patrum
1682 3521 1844 3583 excerptam
1860 3513 2002 3567 observari
2020 3521 2204 3567 censuerunt.

552 3619 582 3688 2)
610 3618 727 3678 Constat
742 3640 770 3676 a.
787 3622 856 3679 816.
873 3620 954 3677 etiarn
973 3621 1007 3677 de
1023 3620 1224 3676 monachornm
1241 3628 1326 3676 earrtn
1342 3627 1433 3675 aetrno
1451 3639 1509 3676 esse
1529 3614 1567 3693 (a.
1583 3638 1674 3694 snpra
1693 3640 1725 3694 p.
1744 3615 1827 3693 307),
1851 3620 1944 3675 seda.
1962 3620 2069 3676 demum
2087 3619 2203 3678 817.ιή

550 3729 640 3784 altero
657 3727 772 3784 coneilio
788 3727 1016 3803 Aquisyranensi
1030 3728 1065 3784 de
1079 3726 1280 3783 nronacbornrn
1298 3727 1354 3782 cita
1371 3725 1529 3800 capitulare
1547 3726 1618 3782 illud
1639 3726 1820 3783 resonasticnm
1846 3736 1886 3783 est
1907 3727 2034 3784 emissum
2058 3719 2098 3794 (a.
2114 3747 2204 3802 agira

546 3855 578 3910 p.
595 3831 754 3910 slbdeqq.)¹
790 3835 897 3890 Auctor
913 3834 1078 3910 fragmenti
1100 3835 1154 3890 (Ino
1176 3833 1295 3891 concilia
1311 3833 1556 3908 Aquispranensia
1573 3833 1735 3904 eorrj‘ndisse
1758 3832 1867 3890 videtur
1889 3853 1978 3908 aeque
2000 3842 2084 3909 atque
2106 3842 2206 3890 auctor

550 3941 624 3997 vitae
639 3940 801 3997 Hludarcici
815 3961 842 4016 q.
861 3942 888 3998 d.
906 3941 1098 4010 Astronomne,
1123 3940 1171 4016 qai
1190 3949 1256 4015 pest
1271 3940 1355 3996 rerba
1371 3960 1461 4014 supra
1479 3960 1512 4015 p.
1531 3943 1593 3999 308
1616 3941 1735 3996 laudata
1758 3940 1799 3996 ita
1816 3940 1929 4016 pergit:
1951 3941 2119 4012 Ibidemque
2139 3959 2205 3996 con·
2223 3960 2252 3999 so

549 4048 642 4102 stituit
659 4049 747 4103 isdem
763 4048 891 4104 amabilis
908 4049 971 4104 Deo
987 4049 1139 4120 imperator
1154 4049 1344 4103 Benedictum
1362 4048 1496 4102 abbatem
1517 4038 1554 4120 (7²
1570 4043 1643 4122 821)
1666 4056 1695 4103 et
1711 4067 1773 4103 cnm
1791 4065 1824 4103 eo
1840 4057 1972 4103 strenuae
1988 4048 2137 4103 monachos
2153 4067 2206 4120 per

550 4155 644 4210 omnia
656 4155 743 4223 ritae,
760 4157 819 4226 qui,
835 4174 888 4226 per
903 4157 995 4210 omnia
1006 4156 1203 4210 monachorum
1217 4163 1318 4210 cuntes
1334 4156 1545 4226 redeuntesque
1559 4157 1739 4222 monasteria,
1756 4155 1921 4210 unifomrem
1934 4156 2041 4210 cunctis
2056 4156 2205 4210 traderent

551 4262 739 4330 monasteriis,
765 4269 822 4317 tarn
842 4262 907 4316 viris
924 4281 1008 4333 quam
1024 4263 1128 4318 sanctis
1152 4262 1319 4317 monialibus
1343 4262 1466 4328 feminis,
1489 4263 1604 4318 vivendi
1627 4264 1782 4318 secuudum
1806 4263 1934 4334 regulam
1950 4263 2039 4317 sancti
2055 4262 2204 4318 Benedicti

551 4369 808 4425 incommutabilem
823 4387 938 4424 morem.
975 4368 1164 4424 Consideraus
1181 4370 1266 4425 etiam
1284 4370 1373 4424 isdem
1396 4370 1535 4440 piissimus
1557 4370 1710 4440 imperator
1733 4389 1789 4424 non
1813 4370 1920 4425 debere
1938 4370 2041 4424 Christi
2065 4369 2204 4423 ministros

550 4478 684 4532 obnoxios
702 4495 764 4531 csse
781 4477 919 4531 humanae
937 4477 1076 4543 servituti,
1096 4478 1148 4532 sed
1165 4485 1193 4531 et
1210 4477 1358 4531 multorum
1374 4476 1519 4531 avaritiam
1535 4477 1614 4530 abuti
1630 4477 1783 4531 ministerio
1801 4478 1994 4532 ecclesiastico
2009 4477 2045 4532 ad
2061 4476 2204 4548 proprium
2223 4491 2251 4531 ss

552 4591 708 4656 quaestum,
732 4585 843 4652 statuit,
867 4590 898 4638 ut
914 4585 1083 4655 quicumque
1109 4602 1143 4639 ex
1167 4584 1262 4639 servili
1286 4585 1456 4650 conditione,
1481 4584 1646 4639 conciliante
1664 4585 1785 4639 scicntia
1809 4591 1838 4639 et
1860 4602 1965 4639 morum
1988 4584 2143 4655 probitate,
2167 4583 2203 4636 ad

551 4692 735 4746 ministerium
759 4693 985 4746 adsciscerentur
1007 4692 1114 4758 altaris,
1138 4692 1256 4762 primum
1282 4692 1512 4746 manumittantur
1528 4711 1543 4744 a
1560 4692 1679 4762 propriis
1696 4691 1814 4744 dominis
1830 4691 1876 4745 vel
1899 4691 2016 4762 privatis
2039 4690 2086 4744 rel
2110 4690 2202 4745 eccle·

550 4800 669 4853 siasticis
686 4807 716 4854 et
733 4807 800 4853 tnnc
817 4800 928 4853 demum
944 4800 1078 4870 gradibus
1098 4799 1230 4854 indantur
1245 4799 1350 4853 altaris.
1382 4798 1488 4852 l'olcns
1508 4799 1592 4852 ctiam
1608 4816 1835 4870 unamquamque
1853 4799 2000 4853 ecclesiam
2017 4798 2123 4852 habere
2140 4814 2203 4866 pro·

551 4906 625 4977 prios
649 4914 786 4977 sumptus,
811 4924 847 4960 nc
871 4923 925 4977 per
947 4906 1138 4961 huiuscemodi
1164 4905 1284 4976 inopiam
1308 4905 1399 4959 cultus
1422 4906 1646 4975 neglegerentur
1667 4906 1763 4970 divini,
1788 4907 1907 4959 inseruit
1929 4906 2074 4977 praedicto
2098 4903 2202 4969 edicto,

551 5020 582 5066 ut
604 5030 692 5084 super
714 5012 838 5083 singulas
863 5012 997 5068 ecclesias
1021 5031 1132 5068 mansus
1151 5012 1327 5066 tribueretur
1346 5030 1417 5066 unus
1436 5030 1498 5065 cum
1519 5012 1685 5082 pensatione
1706 5012 1832 5084 legitima
1848 5018 1877 5066 ct
1892 5030 1973 5065 serre
1989 5017 2078 5082 atque
2101 5010 2204 5064 ancilla
2224 5025 2250 5063 ro

552 5111 608 5194 (cf.
631 5117 703 5177 MG.
724 5116 818 5194 Capit.
839 5118 943 5187 1,276
953 5139 995 5194 sq.
1020 5138 1057 5174 cc.
1079 5123 1098 5176 6
1122 5127 1147 5174 et
1170 5121 1233 5194 11)).
1278 5121 1358 5174 Haec
1383 5127 1443 5174 erat
1466 5119 1555 5173 sancti
1579 5120 1755 5190 imperatoris
1780 5120 1952 5186 exercitatio,
1977 5119 2021 5173 hic
2045 5118 2203 5173 cotidianus

550 5227 644 5294 ludus,
668 5226 739 5281 haec
762 5226 932 5297 palaestrica
954 5226 1064 5297 agonia,
1092 5233 1240 5296 spectante
1266 5245 1310 5294 eo,
1335 5245 1390 5297 quo
1414 5226 1510 5282 civitas
1535 5227 1563 5280 in
1586 5234 1684 5281 sancta
1708 5227 1835 5280 electrina
1860 5234 1889 5280 et
1911 5226 2077 5297 operatione
2101 5223 2203 5279 clarius

551 5335 675 5390 eniteret
707 5341 736 5388 et
768 5334 817 5404 qui
847 5352 877 5388 sc
908 5351 1061 5403 pauperem
1092 5333 1227 5387 consimili
1256 5333 1412 5388 humilitate
1443 5334 1576 5388 imitando
1604 5333 1744 5387 Christum
1774 5333 1911 5400 humiliat,
1942 5334 2024 5388 altius
2054 5332 2204 5387 emineret.

551 5442 684 5512 Denique
708 5449 777 5495 tuuc
801 5447 957 5510 coeperunt
981 5439 1085 5510 deponi
1108 5441 1144 5495 ab
1169 5441 1309 5512 episcopis
1334 5449 1362 5494 et
1383 5440 1492 5495 clericis
1516 5441 1628 5511 cingula
1651 5441 1752 5495 balteis
1776 5440 1870 5495 aureis
1894 5447 1924 5495 et
1947 5439 2081 5511 gemmeis
2104 5438 2203 5492 cultris

550 5556 670 5602 onerata
694 5548 911 5619 exquisitaeque
931 5555 1037 5614 restes,
1061 5548 1112 5602 sed
1131 5555 1159 5602 ct
1175 5550 1295 5603 calcaria
1311 5548 1383 5602 talos
1399 5548 1547 5603 onerantia
1562 5548 1695 5618 relinqui.
1730 5547 1856 5603 Monstro
1873 5547 1947 5601 enim
1962 5547 2051 5600 simile
2069 5546 2202 5612 ducebat,
2223 5559 2250 5598 ss

550 5655 573 5708 si
598 5654 806 5710 ecclesiasticae
831 5656 985 5726 deputatus
1009 5655 1131 5710 familiae
1156 5663 1306 5710 conaretur
1329 5656 1473 5726 adspirare
1504 5656 1541 5709 ad
1572 5655 1723 5709 saecularis
1750 5662 1913 5708 ornamenta
1942 5654 2047 5725 gloriae
2080 5645 2117 5727 (c.
2143 5655 2204 5718 28,·

552 5759 625 5819 MG.
650 5761 703 5817 88.
728 5762 767 5830 II,
786 5759 872 5830 622).
