4884 6717
552 520 618 584 470
979 524 1030 581 42.
1068 523 1288 582 CONCILIUM
1311 522 1603 582 ATTINIACENSE
1627 525 1664 580 A.
1682 524 1757 581 822.

553 716 715 802 quatinus,
745 713 822 779 dum
852 712 1011 778 inlicitum
1040 713 1210 801 quippiam
1240 734 1282 777 ex
1313 713 1506 777 necessitate
1536 713 1654 798 agitur,
1685 712 1772 798 quod
1803 711 1961 777 declinari
1991 735 2056 778 non
2087 724 2203 801 potest,

551 823 649 886 timor
664 821 770 886 saltim
792 821 891 886 iaciat
914 819 1147 902 excusabilem,
1171 843 1269 907 quem
1293 820 1460 884 exsecutio
1483 842 1549 884 non
1572 820 1739 883 constituit
1762 818 1955 884 absolutum.
1989 820 2134 885 Necesse
2156 833 2206 885 est

553 950 641 1014 ergo,
673 938 709 994 ut
730 939 842 993 vestra
864 927 1025 992 industria
1050 927 1310 1013 magnanimitati
1334 927 1404 990 eius
1427 935 1583 1012 suggerat
1605 924 1754 1011 pericula
1777 925 1818 990 de
1841 924 1940 991 rebus
1963 926 2204 1009 ecclesiasticis,

553 1057 634 1121 quas
657 1045 772 1099 contra
794 1035 931 1099 vetitum
954 1045 986 1098 et
1010 1045 1122 1099 contra
1145 1055 1288 1099 canones
1312 1043 1452 1098 tractant
1476 1043 1508 1096 et
1531 1033 1564 1095 in
1588 1055 1666 1096 usns
1688 1034 1837 1119 proprios
1853 1032 2044 1119 expendunt
2059 1033 2205 1098 homines

552 1141 638 1206 laici.
681 1142 860 1228 Postquam
884 1141 971 1205 enirn
995 1140 1115 1205 diffusa
1138 1153 1187 1205 est
1210 1139 1352 1228 ecclesia
1374 1139 1439 1203 Dei
1462 1149 1530 1203 toto
1554 1137 1632 1202 orbe
1656 1149 1815 1203 terrarum
1839 1150 1871 1203 et
1894 1140 1982 1224 cepit
2005 1139 2143 1205 exaltari
2166 1161 2237 1205 aes

552 1248 756 1334 magnificari
775 1270 835 1334 per
850 1270 962 1313 omnes
979 1249 1130 1333 regiones
1154 1258 1187 1312 et
1208 1248 1368 1327 nationes,
1393 1256 1614 1332 ceperuntque
1630 1245 1752 1331 templa
1767 1247 1850 1331 erigi
1865 1268 1885 1309 a
1900 1244 2051 1310 fidelibus
2062 1248 2206 1332 impera·

552 1353 676 1419 toribus
700 1378 739 1420 ac
764 1353 896 1440 regibus
920 1365 1019 1440 atque
1043 1355 1206 1439 episcopis
1229 1352 1283 1418 vel
1314 1353 1431 1417 ceteris
1461 1350 1647 1438 potentibus
1678 1351 1839 1438 ditarique
1868 1351 1966 1417 rebus
1990 1364 2023 1417 et
2045 1353 2206 1418 thesauris

553 1462 672 1542 ornari,
704 1462 766 1526 fuit
788 1462 887 1526 etiam
910 1482 1125 1546 consequens,
1155 1471 1191 1525 nt
1213 1461 1398 1547 principum
1424 1458 1632 1545 providentia
1655 1457 1745 1544 leges
1768 1458 2059 1545 promulgarentur,
2084 1472 2116 1525 et
2139 1462 2205 1547 epi-

552 1590 725 1653 scaporum
749 1565 966 1632 sollicitudine
990 1588 1133 1630 canones
1157 1575 1378 1630 statuerentur
1407 1564 1448 1628 de
1479 1563 1576 1628 rebus
1600 1565 1821 1646 sanctificatis,
1851 1565 1887 1630 id
1916 1577 1966 1631 est
1995 1569 2097 1632 sacris
2127 1567 2206 1632 locis

553 1674 727 1760 deputatis,
752 1673 892 1760 qualiter
914 1683 1082 1738 tuerentur
1097 1670 1140 1736 ab
1157 1671 1324 1758 improbis,
1349 1682 1518 1736 tuerentur
1534 1694 1554 1734 a
1569 1670 1843 1757 gubernatoribus
1859 1672 1912 1737 vel
1932 1673 2205 1759 expenderentur.
2226 1696 2254 1734 ro

554 1780 787 1844 Convenerunt
810 1780 966 1867 episcopi,
990 1780 1053 1843 viri
1077 1779 1192 1859 sancti,
1216 1777 1336 1865 quibus
1359 1790 1437 1842 tunc
1454 1776 1668 1843 habundabat
1684 1778 1834 1862 ecclesia,
1858 1790 2040 1844 statuerunt
2055 1780 2206 1846 inlibatus

554 1888 743 1951 conservari
767 1884 886 1950 debere
911 1908 1021 1950 sacros
1045 1907 1198 1966 canones,
1223 1886 1278 1971 qui
1303 1884 1421 1949 firmati
1445 1897 1521 1950 sunt
1544 1886 1659 1972 spiritu
1678 1886 1754 1967 Dei,
1779 1909 1939 1951 consensu
1962 1888 2060 1952 totius
2083 1887 2205 1968 mundi,

555 1992 762 2058 oboedientia
795 1994 997 2079 principum,
1040 1993 1254 2057 consonantia
1294 1993 1538 2078 scripturarum.
1596 1992 1649 2056 Ex
1689 2015 1753 2079 quo
1787 2004 1933 2079 tempore
1969 2006 2139 2080 acceptum
2175 2007 2206 2058 et

554 2111 724 2187 receptum
748 2110 885 2164 estnon
908 2098 1094 2164 aliudesse
1118 2121 1217 2185 agere
1248 2100 1400 2184 cuiquam
1431 2097 1589 2163 adversus
1620 2122 1762 2164 canones
1794 2123 1891 2186 quam
1915 2101 2074 2165 adversus
2098 2101 2206 2165 Deum

557 2218 589 2271 et
611 2205 770 2271 adversus
795 2207 864 2270 eius
887 2205 1105 2271 universalem
1131 2205 1314 2292 ecelesiam,
1345 2227 1451 2291 neque
1476 2226 1606 2269 sensum
1630 2216 1679 2269 est
1701 2229 1853 2293 umquam
1878 2230 1898 2271 a
1921 2206 2105 2294 quibusque
2128 2206 2206 2272 fide·
2227 2227 2253 2267 rs

555 2312 650 2395 libus,
673 2324 710 2378 ut
732 2312 811 2377 talia
834 2323 954 2377 statuta
977 2311 1101 2399 absque
1125 2311 1271 2398 periculo
1295 2309 1461 2397 religionis
1484 2311 1695 2377 violarentur.
1742 2312 1838 2394 Quod
1869 2336 1947 2398 ergo
1971 2313 2045 2379 Deo
2073 2325 2206 2378 auctore

555 2430 710 2484 statutum
735 2431 794 2500 est,
826 2441 912 2483 nova
934 2421 1123 2501 necessitas,
1154 2443 1218 2508 que
1241 2430 1318 2483 tunc
1342 2418 1497 2504 temporis
1520 2440 1586 2482 non
1609 2418 1738 2500 accidit,
1763 2419 1985 2484 excusabilem
2008 2421 2118 2485 facere
2141 2444 2207 2486 non

555 2536 663 2612 potest
685 2525 886 2608 violatorem,
911 2527 988 2614 quia
1011 2527 1224 2612 omnipotenti
1241 2526 1314 2590 Deo
1337 2525 1449 2590 omnia
1469 2535 1617 2611 tempora
1640 2527 1812 2611 omniaque
1836 2526 2001 2591 volumina
2024 2527 2207 2592 seculorum

555 2633 721 2719 presentia
751 2644 826 2698 sunt
856 2645 888 2698 et
918 2634 1037 2698 stantia
1067 2643 1158 2715 sunt,
1189 2655 1297 2718 neque
1327 2630 1452 2718 aliquid
1482 2633 1629 2718 preteriti
1660 2643 1768 2717 potest
1790 2633 1956 2697 recordari
1979 2655 2040 2698 nec
2063 2633 2207 2697 futurum

555 2738 678 2826 aliquid
710 2751 895 2826 expectare.
950 2740 1056 2821 Quam
1087 2738 1129 2804 ob
1158 2762 1227 2803 rem
1256 2739 1328 2818 iste,
1361 2761 1441 2825 quas
1464 2761 1552 2802 nunc
1575 2738 1722 2803 homines
1746 2738 1953 2825 pretendunt,
1983 2741 2253 2821 necessitatene

556 2859 588 2911 et
611 2869 747 2933 quarum
772 2869 872 2911 causa
895 2869 929 2911 se
953 2847 1086 2933 impune
1110 2856 1227 2933 putant
1256 2868 1308 2910 res
1338 2868 1448 2910 sacras
1479 2846 1512 2909 in
1543 2867 1620 2909 usus
1645 2868 1832 2909 communes
1856 2857 1994 2927 vertere,
2025 2845 2101 2910 licet
2130 2858 2207 2911 tunc

555 2951 740 3046 bominibus
771 2953 900 3019 futurae
931 2966 1050 3035 essent,
1086 2953 1159 3017 Deo
1191 2965 1302 3016 tamen
1331 2966 1499 3038 presentes
1530 2961 1638 3016 erant:
1674 2951 1827 3038 quodque
1862 2953 1977 3038 spiritu
2008 2976 2066 3017 suo
2097 2954 2209 3016 statuit

557 3059 696 3146 ccclesia
718 3060 895 3124 tenendum
919 3061 1045 3124 cunctis
1070 3057 1185 3123 dicbus
1210 3081 1314 3145 usque
1338 3059 1371 3121 in
1396 3058 1492 3122 finem
1517 3057 1618 3122 seculi
1634 3057 1738 3122 voluit
1762 3059 1927 3123 custodiri.
1963 3058 2031 3124 Sed
2055 3060 2208 3146 quoniam

556 3165 642 3253 quod
666 3164 707 3230 de
731 3166 833 3230 sacris
855 3164 953 3229 rebus
977 3167 1011 3229 in
1034 3164 1166 3230 laicales
1190 3187 1268 3229 usus
1291 3164 1415 3229 inlicite
1439 3164 1603 3228 translatis
1627 3164 1776 3246 dicimus,
1801 3187 1866 3229 non
1890 3165 1968 3229 lecit
1987 3167 2048 3230 iste
2069 3164 2208 3231 domnus

556 3273 741 3358 imperator,
766 3271 825 3336 sed
847 3294 1055 3358 precessores
1080 3273 1149 3336 eius
1174 3285 1205 3336 et
1228 3283 1402 3359 propterea
1424 3271 1479 3334 isti
1501 3269 1702 3356 impossibile
1727 3284 1775 3334 est
1799 3273 1907 3336 omnia
1930 3271 2116 3352 emendare,
2145 3295 2208 3358 que
2227 3293 2255 3332 ss

556 3377 787 3442 antecedentes
811 3378 895 3443 male
918 3389 1076 3465 usurpata
1100 3377 1300 3442 dimiserunt.
1338 3377 1452 3443 Saltim
1477 3376 1726 3442 admonentibus
1749 3377 1844 3442 vobis
1860 3380 2042 3463 recogitare
2058 3378 2210 3464 dignetur

556 3483 747 3571 periculum,
772 3484 860 3571 quod
883 3485 960 3550 licet
983 3485 1087 3549 vitare
1111 3495 1264 3571 nequeat,
1288 3495 1398 3549 tamen
1421 3483 1498 3549 dum
1522 3495 1648 3570 pensat,
1673 3485 1766 3548 timet
1788 3506 1827 3548 ac
1851 3484 1949 3566 dolet,
1973 3485 2062 3571 apud
2085 3486 2208 3549 miseri-

557 3590 687 3655 cordem
719 3591 896 3657 Dominum
927 3591 984 3656 liat
1013 3614 1074 3678 per
1104 3591 1185 3655 haec
1216 3589 1425 3656 excusabilis.
1479 3590 1522 3654 Et
1551 3612 1610 3654 vos
1641 3592 1877 3656 communicate
1911 3591 2039 3678 pondus
2073 3591 2209 3678 periculi

557 3696 791 3784 sublevateque
815 3709 1011 3784 portantem,
1041 3699 1075 3762 in
1106 3709 1263 3785 quantum
1292 3698 1363 3762 lieri
1386 3708 1503 3785 potest,
1535 3707 1580 3778 ut,
1611 3696 1688 3761 dum
1712 3719 1770 3761 vos
1793 3697 1840 3761 illi
1864 3700 2141 3763 communicantes
2164 3699 2209 3762 im

556 3804 710 3891 periculis
742 3815 774 3869 et
803 3804 857 3869 ille
881 3803 975 3869 vobis
1007 3807 1209 3891 compatiens
1240 3805 1385 3869 extiterit
1407 3805 1441 3868 in
1465 3802 1610 3868 tristibus
1633 3827 1672 3868 ac
1697 3803 1849 3868 defensor
1871 3805 1906 3867 in
1928 3802 2209 3890 persecutionibus
2229 3826 2257 3866 so

558 3909 699 3997 dumque
732 3934 831 3976 unum
863 3912 977 3998 sapitis
1011 3923 1199 3998 tantumque
1230 3910 1409 3999 periculum
1441 3911 1655 3975 communiter
1688 3909 1843 3992 toleratis,
1879 3922 2045 3976 avertatur
2079 3909 2120 3975 ab
2154 3910 2209 3974 illo

559 4010 701 4104 (p2168)
726 4039 852 4082 necnon
876 4029 909 4083 et
932 4041 953 4082 a
974 4017 1068 4083 vobis
1092 4018 1317 4083 huiuscemodi
1340 4017 1611 4102 prevaricationis
1634 4016 1801 4081 vindicta’.
1849 4015 1933 4081 Cum
1963 4017 2045 4082 haec
2069 4019 2167 4104 igitur
2190 4040 2211 4082 a

559 4147 609 4188 me
632 4123 828 4206 dicerentur,
852 4124 1092 4212 responderunt
1114 4125 1168 4210 pie
1192 4124 1447 4189 reverentissimi
1471 4124 1534 4188 viri
1548 4121 1735 4188 Adalardus
1758 4135 1791 4188 et
1805 4122 1979 4188 Helisacar
2003 4128 2040 4209 (a.
2057 4125 2213 4190 Bichorii

557 4246 586 4294 et
607 4257 632 4296 s.
649 4231 768 4296 Albim·
787 4233 1040 4319 andegavensis)
1072 4229 1218 4296 abbates,
1265 4230 1382 4296 Utrum
1411 4253 1490 4295 vero
1521 4229 1633 4294 audita
1663 4229 1832 4294 retulerint
1861 4229 1980 4295 domno
2010 4231 2208 4316 imperatori,

558 4338 686 4418 nesci03
711 4340 756 4426 cf.
773 4339 805 4402 J.
824 4339 862 4402 F.
880 4339 1022 4422 Moscha,
1046 4339 1122 4404 ‘Die
1138 4339 1495 4425 politrsch·kirehliche
1517 4337 1742 4402 Wirksamlceit
1764 4338 1818 4402 des
1833 4338 2042 4424 Erzbaacbofs
2056 4336 2212 4424 Apohord
2228 4359 2255 4400 as

560 4470 616 4508 ron
654 4445 745 4532 Lyca
785 4445 1036 4522 (Jahreabers’cht
1075 4447 1148 4510 iiber
1187 4445 1246 4509 dns
1280 4443 1655 4531 licat-Propymnass‘um
1695 4444 1752 4508 der
1787 4443 1879 4508 Stodt
1914 4444 2057 4508 Viersen'
2093 4446 2208 4528 1888),

553 4575 587 4637 p-
604 4555 733 4636 22qu

667 4826 696 4892 l)
723 4824 771 4897 Os.
789 4845 861 4902 qaae
873 4825 1043 4903 Apobardas
1058 4827 1150 4896 refert
1165 4829 1183 4883 l.
1201 4828 1220 4883 l.
1246 4845 1284 4882 cc.
1301 4830 1321 4885 5
1338 4835 1362 4882 et
1378 4829 1398 4885 6
1413 4820 1461 4899 fib.
1473 4845 1507 4901 p.
1524 4820 1596 4901 168)
1613 4826 1648 4882 de
1663 4834 1798 4882 conventa
1816 4824 2031 4901 Corrqrendr‘ensi
2044 4845 2121 4883 anno
2136 4828 2207 4886 823.

558 4931 659 5001 habim,
684 4931 731 4988 ati
751 4939 817 5005 post
840 4933 931 4988 multa
954 4932 1095 5003 colloquia
1112 4974 1118 4988 .
1137 4974 1144 4987 .
1163 4974 1170 4988 .
1187 4934 1334 4989 ratiocinia
1357 4939 1423 4988 sunt
1446 4935 1597 5005 perducta,
1622 4939 1653 4987 ut
1676 4934 1795 5004 primurn
1818 4934 2012 4989 intellectibus
2027 4935 2148 4990 omnium
2164 4934 2207 4988 in·

527 5071 529 5078 ,
558 5039 739 5096 sulcarentur
762 5039 870 5095 delicta
892 5040 928 5095 de
952 5039 1039 5094 rebus
1062 5040 1147 5094 sacris
1171 5041 1279 5095 inlicite
1302 5040 1376 5106 usis,
1401 5047 1466 5111 post
1489 5057 1557 5095 vero
1580 5059 1642 5096 cum
1658 5041 1716 5097 Dei
1739 5041 1838 5096 timore
1862 5039 1979 5107 inillis,
2004 5059 2074 5111 quas
2089 5041 2208 5108 habent,
2227 5054 2257 5092 so

557 5146 620 5202 laici
644 5147 783 5203 cautiores
808 5145 915 5212 effecti,
941 5146 1025 5200 etiam
1049 5146 1077 5199 in
1100 5145 1154 5212 his,
1178 5165 1237 5225 quq
1261 5155 1457 5202 remanserunt
1484 5145 1622 5223 ecelesiis,
1652 5146 1796 5202 fideliores
1826 5152 1914 5217 atque
1938 5147 2136 5203 clementiores
2160 5165 2208 5203 ex·

558 5254 688 5318 intereat,
723 5254 763 5307 ita
786 5260 817 5307 ut
842 5262 871 5308 et
895 5253 951 5307 suis
975 5252 1145 5309 adhiberent
1168 5253 1317 5325 pietatem,
1349 5261 1380 5307 ut
1412 5261 1441 5308 et
1465 5252 1592 5308 ccelesiis
1616 5252 1823 5319 defensionem,
1853 5252 1995 5324 fieretque
2025 5255 2209 5325 compatienti

557 5360 707 5414 concordia
729 5358 920 5416 remediabilis
943 5377 976 5414 ac
999 5359 1148 5414 veniabilis
1171 5359 1299 5425 offensio,
1325 5378 1381 5434 que
1407 5359 1580 5430 quomitante
1604 5360 1714 5431 pietate
1739 5360 1775 5414 de
1799 5360 1979 5431 indulgentia
2001 5377 2115 5431 quoque
2132 5369 2210 5416 esset

557 5483 666 5520 secura.
704 5457 742 5540 (c.
760 5461 791 5544 6)
817 5467 899 5522 Hane
922 5483 983 5521 rem
1006 5483 1068 5520 cum
1092 5466 1209 5520 domnus
1232 5467 1384 5538 imperator
1407 5466 1520 5521 audiret
1539 5471 1626 5538 atque
1642 5466 1848 5538 perpenderet,
1872 5466 1970 5522 volens
1987 5485 2049 5523 eam
2065 5467 2208 5522 deducere

558 5573 593 5626 ad
618 5572 852 5643 tranquillitatem
874 5573 964 5645 pacis,
988 5588 1046 5652 quq
1071 5574 1107 5627 ad
1131 5572 1269 5628 modicum
1293 5573 1408 5627 turbata
1426 5572 1531 5640 fuerat,
1556 5577 1692 5643 quantum
1708 5573 1737 5626 in
1752 5590 1783 5627 ee
1799 5572 1865 5639 fuit,
1887 5572 1958 5629 fecit
1973 5573 2046 5628 uniri
2062 5574 2209 5646 episcopos
2228 5585 2256 5625 ss

559 5689 589 5732 ct
613 5678 730 5733 comites
753 5679 781 5732 in
806 5696 971 5734 consensum
995 5686 1026 5734 et
1049 5697 1159 5751 pacem.
1200 5679 1242 5733 Ex
1264 5679 1316 5733 hoc
1341 5679 1438 5748 itaque
1462 5679 1560 5749 putavi
1585 5696 1648 5749 ego,
1673 5679 1747 5749 quod
1773 5679 1872 5734 eodem
1895 5680 1988 5746 modo,
2013 5697 2068 5750 quo
2091 5681 2209 5734 domnus

558 5785 711 5857 imperator
734 5786 865 5856 pensavit
889 5793 975 5857 atque
1001 5786 1143 5842 intellexit
1166 5786 1305 5841 rationem
1333 5786 1475 5857 sopirique
1504 5784 1575 5840 fecit
1604 5785 1819 5853 dissensionem,
1850 5803 1946 5841 omnes
1977 5787 2062 5842 etiam
2093 5787 2209 5841 comites

559 5889 605 5946 vel
628 5891 757 5947 honorati
783 5892 842 5947 eius
865 5891 1074 5949 intellexissent
1097 5899 1184 5965 atque
1209 5892 1374 5948 voluissent.
1411 5891 1469 5947 Sed
1494 5910 1510 5948 e
1534 5891 1685 5958 contrario,
1708 5897 1741 5946 ut
1757 5893 1850 5959 audio,
1876 5893 1932 5960 isti,
1957 5893 2112 5965 dequibus
2127 5893 2208 5949 nobis
