4884 6717
692 543 745 602 5⁷.
780 544 999 603 conemini
1024 544 1305 603 namucense
1328 547 1365 603 A.
1386 546 1462 603 838.
1841 543 1904 607 ΤΠ

355 730 395 795 In
425 730 607 795 sacerdotio
639 731 799 796 ecclesiae
829 755 894 797 non
923 733 1097 819 mysticum
1126 734 1269 798 vestium
1300 744 1459 818 ornatum,
1490 734 1550 800 sed
1574 735 1781 823 splendorem
1805 759 1904 826 qnae·

249 838 386 903 rendum
410 838 591 903 animarum
614 839 687 924 ipss
711 840 913 904 consecratio
935 849 1093 904 monstrat
1114 839 1288 926 pontificis,
1311 841 1358 906 ita
1374 862 1409 905 se
1424 840 1669 908 habenseDsus
1680 848 1700 924 ¹,
1724 853 1771 924 qui
1786 854 1905 926 Moysen

206 981 211 990 ·
248 956 381 1010 famulum
404 961 480 1009 tuum
503 954 602 1009 secreti
625 954 771 1009 familiaris
793 955 881 1010 affatu
903 956 975 1011 inter
996 963 1108 1011 caetera
1130 956 1258 1012 caelestis
1280 957 1445 1013 documenta
1467 959 1592 1014 culturae
1615 961 1652 1014 de
1673 960 1769 1015 habitu
1791 978 1904 1033 quoqne

249 1061 398 1117 indumenti
421 1061 602 1116 sacerdotalis
624 1062 777 1132 instituens,
800 1063 919 1117 electum
933 1062 1029 1117 Aaron
1044 1064 1160 1134 mystico
1181 1064 1283 1117 amictu
1305 1064 1400 1119 vestiri
1421 1065 1493 1120 inter
1515 1082 1595 1121 sacra
1617 1066 1728 1135 innanti,
1749 1073 1780 1120 nt
1801 1067 1903 1123 intelli·

217 1168 359 1241 egentiae
389 1185 498 1224 sensum
525 1169 560 1223 de
591 1168 724 1240 exemplis
752 1169 873 1240 priorum
903 1176 1016 1240 caperet
1046 1176 1172 1226 seeutma
1198 1170 1354 1240 posteritas,
1381 1188 1416 1226 ne
1446 1172 1561 1227 eruditio
1592 1173 1733 1228 doctrinae
1764 1180 1829 1229 truse
1852 1174 1902 1229 ulli

248 1276 358 1330 deesset
380 1275 475 1344 aetati,
504 1292 566 1330 cum
593 1283 623 1330 et
644 1276 720 1346 apud
741 1281 850 1331 veteres
872 1277 1054 1332 reverentiam
1076 1276 1136 1347 ipss
1159 1275 1389 1348 significationum
1412 1279 1516 1349 species
1539 1280 1676 1351 optineret
1705 1288 1734 1334 et
1756 1282 1831 1351 apud
1853 1298 1903 1336 nos

248 1382 365 1438 certiora
388 1390 480 1436 essent
503 1381 691 1453 experimenta
713 1399 806 1438 rernm
828 1401 913 1454 quam
936 1383 1075 1455 enigmata
1097 1379 1246 1456 figurannn
1273 1412 1316 1422 -
1344 1384 1418 1439 illins
1444 1402 1566 1456 namque
1590 1387 1736 1440 sacerdotii
1760 1387 1904 1442 anterioris

247 1489 358 1545 habitus
379 1497 490 1544 nostrae
512 1490 612 1544 mentis
633 1496 746 1545 ornatus
770 1497 821 1560 est,
844 1497 872 1544 et
893 1488 1080 1561 pontificalem
1102 1491 1219 1562 gloriam
1242 1507 1297 1546 non
1315 1490 1371 1545 iam
1385 1490 1464 1545 nobis
1478 1491 1566 1545 honor
1580 1494 1754 1547 commendat
1776 1493 1903 1564 vestium,

248 1597 297 1651 ssd
320 1595 452 1667 splendor
473 1596 634 1666 animarum,
657 1597 723 1667 qnia
748 1603 777 1651 et
798 1597 858 1665 ills,
881 1614 954 1668 quae
977 1604 1043 1652 trrnc
1066 1597 1224 1652 carnalibus
1245 1597 1460 1652 blandiebantur
1482 1597 1632 1668 optutibus,
1656 1599 1805 1669 capotius,
1828 1617 1901 1671 qnae

205 1721 230 1759 ιο
248 1703 276 1757 in
290 1702 355 1773 ipsis
371 1708 450 1758 erant
467 1703 658 1773 intelligenda,
676 1703 830 1773 poscebant
844 1732 898 1771 -‚
919 1710 948 1759 et
964 1704 1067 1758 idcirco
1082 1703 1144 1757 huic
1160 1703 1265 1758 famulo
1280 1709 1338 1774 tuo,
1357 1721 1439 1774 quem
1454 1705 1490 1758 sd
1506 1706 1601 1759 summi
1620 1706 1766 1761 sacerdotii
1781 1707 1901 1762 ministe-

247 1810 317 1864 rium
334 1809 451 1881 elegisti,
472 1808 544 1862 hanc
560 1825 735 1880 quaesumus,
750 1810 880 1878 Domine,
896 1810 1016 1882 gratiam
1032 1810 1167 1881 largiaris,
1182 1816 1222 1878 nt,
1245 1810 1376 1881 quicquid
1390 1810 1440 1865 illa
1455 1811 1593 1865 velamina
1608 1812 1636 1866 in
1652 1812 1761 1884 fulgere
1780 1813 1849 1883 suri,
1871 1813 1900 1868 in

247 1917 336 1970 nitore
358 1933 537 1988 gemmarum,
562 1916 591 1969 in
613 1916 767 1970 multimodi
789 1916 881 1986 operis
899 1916 1033 1970 varietate
1057 1915 1211 1987 signabant,
1234 1916 1286 1971 hoc
1309 1916 1337 1970 in
1356 1916 1414 1971 eius
1431 1917 1551 1972 moribus
1574 1918 1737 1990 actibusque
1756 1920 1900 1975 clarescat.

354 2011 469 2076 Falsos
493 2011 625 2076 codices
649 2023 681 2077 et
704 2034 724 2076 a
746 2011 824 2076 fidei
854 2013 1039 2077 sinceritate
1071 2011 1239 2078 discordes
1269 2014 1303 2077 in
1332 2012 1421 2077 nullo
1452 2034 1513 2078 usu
1541 2014 1691 2080 lectionis
1718 2014 1899 2099 habendos,

249 2120 327 2206 quin
350 2119 458 2205 potius
481 2119 549 2204 igni
572 2117 749 2183 tradendos
772 2141 816 2184 ex
840 2118 977 2205 epistola
1000 2119 1104 2183 saneti
1127 2118 1248 2183 Leonis
1272 2141 1377 2206 papae
1400 2117 1443 2183 ad
1467 2118 1637 2185 Turibium
1658 2121 1898 2188 Asmriensem:

204 2252 230 2292 re
248 2231 428 2291 Currsndum²
451 2253 517 2308 ergo
540 2241 582 2290 cst
605 2243 633 2290 et
656 2236 820 2290 sacerdotali
850 2236 1011 2308 diligentiae
1038 2235 1157 2290 maxime
1183 2235 1391 2306 providendum,
1419 2243 1449 2290 nt
1477 2235 1541 2290 falsi
1570 2238 1680 2293 codices
1702 2247 1731 2293 et
1752 2255 1771 2292 a
1792 2239 1900 2294 sincera

247 2345 362 2397 veritate
385 2343 525 2396 discordes
547 2342 575 2396 in
598 2343 674 2396 nullo
698 2360 750 2397 usn
772 2342 897 2397 lectionis
919 2342 1082 2397 habeantur.
1115 2341 1266 2413 Apocrifae
1289 2349 1382 2397 autem
1405 2342 1566 2413 scripturae,
1589 2360 1662 2414 quae
1680 2344 1730 2398 snb
1745 2345 1899 2400 nominibus

246 2425 433 2521 apostolomm
455 2449 602 2503 multarum
623 2448 728 2504 habent
750 2448 923 2504 seminarium
945 2448 1106 2518 falsitatum,
1128 2466 1184 2503 non
1207 2449 1296 2503 solum
1310 2449 1515 2504 interdicendae
1531 2455 1604 2518 sant,
1626 2451 1675 2505 sed
1691 2451 1774 2505 etism
1788 2451 1898 2522 penitus

246 2556 415 2612 auferendae
437 2561 523 2626 atque
546 2555 654 2627 ignibus
676 2557 905 2626 concremandae,
934 2556 1008 2628 quia,
1031 2555 1156 2626 quamvis
1185 2555 1240 2610 sint
1268 2556 1324 2610 illis
1346 2556 1492 2627 quaedam,
1516 2573 1589 2628 qnae
1612 2556 1756 2612 rideantur
1778 2558 1898 2629 speciem

245 2663 348 2718 habere
370 2662 491 2734 pietatis,
513 2680 664 2733 numquam
686 2671 781 2718 tamen
803 2681 892 2718 vacua
915 2670 977 2717 sunt
998 2663 1121 2718 venenis.

201 2786 228 2825 so
351 2760 455 2841 Haec,
480 2758 603 2824 domini
625 2758 840 2842 venerabiles,
870 2769 936 2824 tam
968 2758 1009 2824 de
1033 2760 1201 2846 scripturis
1231 2759 1333 2824 sacris
1357 2758 1518 2845 quamde
1548 2761 1782 2846 scripturarum
1805 2784 1897 2826 sanc·

245 2877 350 2932 tarum
374 2866 469 2932 dictis
493 2865 607 2931 sedule
628 2867 808 2933 intentione
832 2866 949 2953 collegi
973 2889 1012 2931 ac
1036 2867 1240 2931 reverentiae
1262 2876 1393 2930 vestrae
1417 2863 1581 2929 audienda
1610 2887 1669 2930 seu
1699 2877 1732 2930 et
1757 2866 1899 2954 legenda

245 2975 409 3060 proposui,
434 2974 587 3061 quatinus
611 2996 651 3038 ea
674 2985 707 3039 et
727 2973 911 3039 huiusmodi
927 2972 1122 3039 meditantes
1138 2983 1251 3038 contra
1266 2970 1415 3037 novellae
1431 2972 1703 3059 praesumptionis
1719 2985 1896 3057 auctorem,

246 3080 301 3166 qui
331 3085 366 3146 in
388 3082 630 3147 similitudinem
655 3083 757 3146 arioli
777 3097 805 3146 ct
827 3083 1012 3146 coniectoris
1034 3084 1179 3146 οοοείοοοο
1200 3080 1287 3166 qaod
1308 3082 1444 3167 ι’φιοτοο,
1474 3077 1551 3143 fidei
1575 3088 1608 3142 et
1630 3079 1776 3143 veritatis
1799 3079 1896 3145 firmi-
1915 3106 2055 3158 reunsi.

199 3317 226 3358 ss
245 3309 308 3375 tun,
333 3295 479 3374 Densius,
503 3305 601 3381 atque
624 3293 854 3381 intelligamus,
879 3316 975 3381 quarn
999 3315 1113 3357 verum
1137 3293 1179 3357 sit
1202 3292 1291 3379 quod
1314 3290 1455 3379 Spiritus
1479 3303 1611 3357 sanctus
1635 3291 1816 3358 Salomonis
1841 3316 1896 3358 ore

244 3401 444 3487 praececinit
467 3400 597 3465 dicens:
621 3401 723 3466 Mrdti
742 3404 809 3466 eibi
829 3404 863 3466 in
887 3402 1053 3466 noualibus
1072 3414 1200 3487 potrum
1224 3414 1253 3464 et
1274 3400 1352 3465 alica
1375 3415 1602 3487 cortpreqontnr
1624 3402 1740 3487 absque
1763 3401 1894 3466 iudicio.
1914 3425 2065 3477 mensam.

244 3508 359 3594 Neque
384 3508 470 3571 enim
494 3507 542 3571 sie
564 3518 675 3571 nostra
699 3506 883 3572 calamitate
907 3520 940 3572 et
962 3505 1142 3571 bumilitate
1166 3503 1257 3570 abuti
1280 3503 1389 3586 debet,
1413 3516 1449 3569 ut
1467 3506 1610 3571 imitator
1625 3505 1894 3571 insolentissimae

243 3614 417 3678 iactantiae
440 3613 528 3677 Naas
559 3614 646 3700 regis
674 3612 813 3678 filiorum
836 3613 988 3695 Ammon,
1019 3614 1076 3700 qui
1105 3613 1337 3698 interpretatur
1367 3634 1511 3698 serpens,
1542 3611 1652 3676 dicere
1682 3611 1777 3677 nobis
1807 3613 1896 3678 velut

243 3718 479 3784 habitatoribus
494 3718 591 3784 Iabcs
609 3718 736 3784 Galaad
753 3730 959 3807 oppugnator
974 3719 1120 3784 veritatis
1136 3720 1197 3783 iste
1220 3729 1425 3805 praesumat:
1450 3719 1490 3783 In
1513 3720 1570 3783 Ιιοο
1586 3720 1712 3807 forciam
1740 3723 1895 3786 vobiscum
1914 3746 2064 3796 nasama

197 3850 225 3890 so
237 3828 372 3916 foedus,
388 3842 422 3892 ot
436 3852 544 3893 eruam
560 3831 697 3891 omnium
715 3843 847 3892 oestrum
865 3827 970 3892 oculos
986 3827 1111 3891 ἅοοτινοο
1124 3850 1303 3912 ponamque
1319 3850 1373 3890 nos
1389 3827 1593 3912 opprobrium
1611 3829 1644 3890 s'n
1660 3826 1773 3891 Israel.
1807 3826 1894 3891 Vere

242 3934 329 3999 enim
353 3933 502 3998 dextrum
527 3932 656 3997 oculum
680 3944 816 3997 conatur
839 3955 954 3996 eruere
978 3934 1034 4019 qui
1050 3931 1158 3997 lumen
1175 3943 1284 3996 rectae
1300 3930 1378 3996 fidei
1393 3929 1522 3996 laborat
1537 3932 1738 4017 extinguere.
1776 3933 1895 3998 Utilius

242 4040 288 4105 illi
311 4064 331 4105 a
353 4038 447 4105 nobis
471 4039 647 4126 optandum
672 4053 721 4104 est
751 4039 838 4127 quod
861 4037 1049 4125 parabolice
1072 4061 1132 4124 per
1156 4037 1363 4103 Salomonem
1394 4037 1529 4102 dicitur:
1564 4037 1708 4120 Oculum,
1739 4044 1798 4127 qni
1824 4043 1895 4106 sub·
1913 4066 2064 4118 emaum

241 4162 355 4213 sanant
370 4162 498 4235 patrem
522 4163 550 4210 et
572 4148 707 4234 despicit
725 4162 854 4233 partam
878 4148 991 4210 matrs'a
1013 4170 1099 4224 suae,
1123 4145 1279 4232 effodiant
1301 4171 1370 4210 enm
1393 4147 1485 4210 corvi
1498 4145 1536 4210 dc
1552 4149 1740 4211 torrentibus
1756 4162 1784 4211 et
1798 4172 1895 4212 come·

245 4256 323 4319 dent
345 4280 414 4320 eum
431 4256 506 4342 fita·
526 4256 664 4341 equilus.
701 4254 788 4318 Vere
806 4253 926 4317 etenim
942 4250 1122 4316 subsannat
1137 4263 1262 4338 patrem
1279 4251 1334 4337 qui
1350 4249 1409 4314 filii
1425 4249 1542 4315 dividit
1565 4253 1733 4334 unitatem,
1756 4264 1895 4317 testante

196 4383 224 4424 as
242 4362 330 4448 ipso:
365 4361 431 4440 Qui
457 4385 519 4424 non
551 4362 739 4449 honorificet
759 4362 879 4448 filium,
911 4385 971 4424 nou
1002 4361 1190 4446 honorificat
1213 4373 1352 4446 patrem,
1383 4361 1442 4444 qui
1462 4360 1551 4422 misit
1576 4360 1677 4438 illum,
1708 4369 1740 4422 et
1762 4381 1895 4444 prorsus
1914 4385 2036 4436 roasa.

242 4467 382 4555 despicit
404 4481 532 4553 partum
555 4468 668 4532 matris
692 4490 770 4531 suae
795 4466 953 4531 ecclesiae
978 4465 1034 4552 qui
1056 4467 1248 4551 mysterium
1272 4463 1515 4549 redemptionis,
1547 4487 1611 4550 quo
1644 4487 1685 4528 ex
1710 4465 1779 4529 eius
1803 4477 1895 4528 utero
1914 4473 2021 4569 affige

242 4574 284 4638 ad
308 4576 409 4637 ritem
432 4575 587 4660 gignitur,
611 4574 751 4659 puritate
776 4574 905 4637 sincera
920 4573 1071 4636 venerari
1095 4571 1280 4636 contemnit.
1316 4569 1463 4656 Expedit
1481 4568 1575 4635 nobis
1592 4572 1625 4634 in
1641 4571 1738 4636 talem
1755 4570 1894 4652 οοιιΙιιιιι,
1954 4554 1961 4578 ’
1997 4555 2003 4567 ’

242 4681 298 4767 qui
322 4680 477 4745 ducatum
499 4681 657 4769 promittit
680 4679 810 4746 luminis
834 4689 866 4744 et
889 4702 907 4743 e
931 4680 1094 4743 contrario
1117 4676 1261 4742 tenebris
1278 4675 1398 4762 caligat
1414 4677 1544 4758 erroris,
1568 4689 1779 4763 praeceptum
1797 4699 1895 4741 evan·

242 4786 398 4873 gelieum:
424 4788 465 4853 st
486 4790 593 4853 ocolus
616 4803 686 4853 tuns
709 4788 816 4852 denter
838 4787 1035 4852 scandalunt
1057 4801 1095 4866 tc,
1118 4810 1190 4850 erue
1213 4809 1281 4849 cum
1306 4798 1335 4848 et
1349 4786 1463 4870 proice
1486 4785 1543 4848 ads
1566 4799 1601 4847 te.
1638 4781 1737 4869 Cupit
1753 4806 1894 4870 nequam
1913 4807 2064 4859 usensis.

196 4916 225 4956 so
241 4894 302 4958 iste
324 4893 436 4958 oculus
452 4894 665 4959 hereditatem
682 4905 810 4980 petrum
834 4893 973 4974 auferre,
997 4892 1110 4957 nititur
1132 4892 1263 4955 vincam
1286 4889 1430 4975 ipsorum
1453 4890 1487 4953 in
1503 4888 1630 4954 bortum
1646 4888 1791 4955 bolemm
1809 4912 1894 4955 com·
1913 4905 2035 4997 etsta

242 5011 379 5082 mutare,
410 4999 446 5064 id
468 5012 518 5065 est
541 5001 637 5065 fortia
660 5011 693 5064 et
715 5000 881 5066 fructuosa
903 5022 942 5065 ac
966 4999 1189 5064 meracissima
1211 5019 1322 5061 eorum
1347 4994 1436 5061 dicta
1458 4994 1577 5060 vilibus
1602 5007 1635 5060 et
1658 4997 1722 5061 cito
1745 5020 1895 5062 arescen·
1968 4985 2003 5011 ”

243 5105 330 5171 tibus
354 5129 393 5172 ae
416 5105 644 5172 decidentibus
668 5105 786 5171 fabulis
811 5129 978 5171 enervare.
1016 5104 1081 5170 Sed
1104 5104 1163 5169 tilii
1186 5104 1338 5190 martyris
1361 5100 1499 5188 lapidati
1523 5101 1743 5188 respondeant
1765 5105 1796 5168 ei
1820 5127 1894 5168 cum

243 5212 390 5279 Naboth:
415 5215 586 5301 Propr‘cina
610 5216 693 5279 rut'hr‘
712 5217 754 5279 sit
768 5214 935 5294 Dentibus,
960 5239 997 5278 ue
1021 5214 1089 5277 dem
1113 5211 1315 5276 hereditatem
1332 5224 1465 5297 patrum
1488 5233 1636 5274 meorum.
1673 5208 1709 5274 Si
1733 5209 1775 5274 ob
1799 5209 1895 5275 huius
1913 5233 2014 5286 rurus.

351 5435 367 5484 2
386 5434 510 5499 Moysem
528 5433 565 5483 M.
631 5435 663 5482 14
682 5432 824 5481 Turibinm
843 5423 1037 5493 asturiensem]
1059 5431 1191 5479 Turbinm
1210 5429 1396 5479 Atturisnsem
1416 5427 1446 5477 P.
1515 5430 1547 5479 lb
1565 5427 1640 5478 XXI.
1661 5428 1820 5479 Curandum
1838 5428 1894 5479 edd.

196 5537 226 5579 ss
244 5521 388 5590 diligentis
407 5522 438 5574 P.
499 5524 534 5573 20
552 5521 642 5571 xxti.
663 5522 740 5571 llaec
760 5520 816 5571 edd.
878 5523 912 5570 23
931 5514 1014 5585 quod]
1035 5535 1105 5584 qnae
1124 5518 1162 5572 dl.
1224 5519 1258 5568 26
1277 5516 1325 5568 alii
1345 5516 1376 5567 P.
1437 5519 1472 5568 30
1490 5516 1569 5588 ledus
1589 5516 1621 5569 Ρ.
1677 5519 1705 5568 in
1722 5517 1789 5569 deest
1807 5517 1838 5569 P.
1858 5517 1894 5569 M.

243 5615 275 5662 41
297 5607 491 5675 meracissima]
510 5611 538 5660 id
556 5619 591 5660 cst
605 5610 751 5675 purissima.
825 5611 858 5660 43
878 5609 970 5659 Nabot
987 5608 1024 5657 M.

355 5792 384 5860 1)
417 5789 576 5867 Gregorius
601 5791 654 5861 M,
687 5790 773 5847 Liber
801 5798 1060 5857 sacramentorum
1095 5787 1168 5864 opp.
1200 5786 1258 5858 111,
1282 5791 1355 5847 225.
1470 5787 1501 5856 2)
1526 5787 1586 5845 Leo
1609 5787 1664 5859 M„
1696 5788 1828 5865 Eprbtola
1855 5789 1898 5846 ad

250 5898 409 5956 Yurribiarn
433 5896 623 5954 Astericrssem
648 5917 671 5953 c.
689 5901 743 5965 15;
774 5895 849 5971 Opp.
873 5896 977 5966 l,706
1001 5889 1116 5970 (Jaffl-
1127 5894 1166 5950 K.
1190 5913 1219 5951 n.
1236 5889 1320 5967 412).

298 6014 341 6055 ιι.
355 6013 456 6054 masau
470 6013 501 6056 ιι.
1648 6017 1683 6065 98
