4884 6717
727 537 779 593 50.
815 537 1034 594 CONCILIUM
1057 538 1285 594 PARISIENSE
1309 540 1346 594 A.
1367 537 1442 593 829.
1849 533 1910 594 611

255 734 328 804 poris
359 733 453 802 sitam,
483 734 511 787 in
542 735 659 788 ecelesia
686 751 767 788 nemo
799 733 929 804 pontifice
958 735 1050 804 potior
1079 741 1108 790 et
1136 736 1165 789 in
1196 736 1290 789 seculo
1318 734 1472 789 Christiano
1507 735 1673 806 imperatore
1704 753 1785 790 nemo
1815 736 1915 790 celsior

254 841 397 893 invenitur.

361 936 444 1001 Cum
468 936 550 1000 haec
575 939 696 1024 quippe
721 939 767 1001 ita
790 960 825 1002 se
849 936 1001 1019 habeant,
1025 939 1167 1025 primum
1191 937 1232 1003 de
1257 938 1462 1023 sacerdotali,
1486 949 1560 1026 post
1584 939 1624 1003 de
1648 939 1751 1025 regali
1772 961 1913 1025 persona

254 1043 428 1107 dicendum
452 1045 631 1108 statuimus.

223 1215 235 1252 s
361 1184 463 1272 Cap,
488 1185 565 1250 IIII.
603 1185 733 1266 Quod
764 1188 809 1250 in
840 1186 1216 1251 successoribus
1248 1188 1578 1275 apostolorum
1610 1187 1766 1275 religio
1792 1186 1911 1253 Chri-

255 1294 415 1357 stiana
458 1294 628 1377 rigere
671 1305 715 1358 et
760 1292 975 1357 salvatio
1022 1293 1354 1359 subiectorum
1401 1294 1576 1359 debeat
1621 1296 1909 1360 consistere.

255 1399 362 1480 Quia¹
387 1410 514 1463 constat
543 1399 735 1485 religionem
759 1399 978 1464 Christianam
1010 1424 1069 1487 per
1101 1424 1307 1466 successores
1331 1402 1551 1488 apostolorum
1576 1400 1749 1466 salubriter
1773 1402 1909 1466 admini-

254 1506 349 1569 strari
379 1505 572 1592 populisque
608 1506 652 1570 ad
680 1509 782 1571 vitam
814 1519 980 1571 aeternam
1013 1507 1166 1572 ducatum
1200 1508 1350 1573 exhiberi
1383 1508 1514 1590 debore,
1549 1511 1653 1595 primo
1689 1511 1911 1573 necessarium

254 1612 479 1692 iudicavimus,
511 1623 546 1677 ut
577 1613 733 1700 quicquid
757 1615 790 1677 in
814 1613 909 1677 nobis
934 1614 1190 1700 reprehensibile
1215 1618 1381 1702 sacrisque
1413 1616 1610 1697 ministeriis,
1643 1613 1761 1702 quibus
1784 1615 1910 1699 indigni

211 1747 235 1785 m
253 1721 485 1804 mancipamur,
516 1720 751 1784 inconveniens
782 1731 815 1784 et
844 1720 1001 1785 indecens
1026 1718 1290 1808 contrariumque
1313 1721 1488 1786 videbatur
1518 1732 1584 1786 toto
1609 1723 1735 1803 annisu,
1767 1721 1910 1786 Domino

253 1849 347 1912 opem
363 1827 498 1909 ferente,
516 1830 753 1913 corrigeremus
770 1842 802 1893 et
818 1851 877 1914 per
893 1828 1045 1914 exempla
1061 1839 1248 1893 sanctorum
1265 1828 1480 1910 sacerdotum,
1506 1852 1641 1914 quorum
1658 1829 1731 1891 vice
1748 1828 1907 1893 ecclesiae

253 1932 374 1997 t'lsristi
397 1936 555 2019 sanguine
580 1934 768 2020 redemptae
792 1935 930 2021 praelati
953 1958 1073 2014 sumus,
1098 1936 1199 1999 vitam
1225 1946 1257 1999 et
1281 1945 1372 1999 actus
1396 1958 1568 2022 moresque
1593 1946 1719 1998 nostros
1743 1936 1777 1998 in
1792 1934 1908 1999 melius

253 2063 436 2127 conponere
461 2052 693 2125 satageremus,
725 2043 878 2127 quoniam
909 2041 1111 2127 praedicatio
1142 2042 1353 2106 sacerdotalis
1385 2044 1635 2129 contempnitur,
1667 2041 1797 2128 quando
1822 2041 1910 2128 quod

252 2146 362 2211 verbis
386 2147 534 2234 predicat
558 2146 712 2233 operibus
735 2171 801 2213 non
824 2147 989 2234 adimplet.

210 2279 234 2317 rs
359 2254 502 2318 Proinde
527 2256 582 2341 qui
607 2256 725 2318 ceteris
748 2256 854 2319 forma
884 2268 917 2318 et
948 2255 1131 2341 exemplum
1165 2255 1286 2320 debent
1317 2278 1387 2320 esse
1416 2257 1520 2342 primo
1544 2257 1653 2320 faeere
1677 2254 1798 2320 debent
1822 2255 1909 2343 quod

253 2360 371 2424 docent
395 2373 427 2424 et
451 2383 491 2424 ea
513 2363 628 2441 vitare,
661 2384 745 2448 quae
777 2362 846 2426 fieri
878 2361 1060 2447 prohibent.
1109 2362 1204 2426 Unde
1235 2362 1350 2427 beatus
1376 2361 1554 2449 Gregorius
1579 2365 1611 2426 in
1636 2361 1718 2427 libro
1742 2362 1907 2449 pastorali,

253 2491 325 2531 crim
350 2491 409 2554 per
432 2467 554 2553 gallum
577 2466 655 2532 boni
680 2469 912 2555 praedicatoris
937 2471 1078 2555 speciem
1104 2469 1274 2534 tractando
1300 2482 1489 2555 exponeret,
1521 2471 1606 2533 inter
1636 2481 1746 2533 cetera
1773 2470 1820 2533 sic
1845 2470 1906 2533 ait:

252 2581 381 2646 Gallusi',
404 2602 465 2638 cunr
490 2585 545 2638 iam
569 2586 650 2640 cdere
674 2593 771 2639 cantus
795 2593 884 2656 parat,
907 2587 981 2656 prius
1004 2587 1064 2639 alas
1088 2587 1189 2640 excutit
1214 2595 1242 2639 et
1265 2587 1441 2656 semetipsum
1464 2586 1565 2640 feriens
1583 2586 1785 2658 vigilantiorem
1809 2587 1906 2639 reddit.

252 2692 322 2755 Quia
346 2692 471 2745 uimirrmr
494 2710 607 2746 neeesse
631 2700 682 2753 est,
704 2699 734 2746 ut
757 2693 794 2755 hi,
818 2692 866 2763 qui
889 2693 975 2746 verba
999 2700 1111 2746 sanetae
1134 2692 1346 2763 praedicationis
1366 2699 1486 2753 movent,
1509 2693 1584 2762 prius
1600 2693 1688 2746 stridio
1705 2692 1776 2745 horre
1793 2692 1907 2746 aetionis

206 2817 233 2855 ao
252 2798 392 2868 evigilent,
415 2817 450 2852 ne
473 2799 500 2851 in
524 2799 676 2869 semetipsis
699 2805 839 2869 torpentes
863 2817 956 2869 opere,
979 2800 1049 2853 alios
1073 2800 1191 2853 excitent
1215 2818 1293 2864 voce,
1316 2800 1390 2869 prius
1414 2818 1443 2852 so
1466 2818 1518 2869 per
1533 2800 1660 2853 sublimia
1676 2799 1752 2852 facta
1768 2800 1907 2853 excutiant

252 2915 279 2958 et
303 2915 365 2958 tunc
390 2906 425 2958 ad
448 2905 520 2959 hene
544 2906 691 2959 vivendum
715 2907 784 2960 alios
808 2906 939 2960 sollicitos
962 2907 1087 2960 reddant
1122 2906 1201 2960 Prius
1225 2907 1421 2976 cogitationum
1437 2907 1489 2959 alis
1513 2908 1673 2975 seruetipsos
1697 2906 1807 2972 feriant,
1830 2907 1905 2975 ‹pric-

252 3013 318 3082 quid
341 3013 368 3066 iu
392 3031 421 3066 se
445 3012 577 3065 inutiliter
599 3019 691 3082 torpet
714 3013 742 3066 in
765 3031 794 3066 sc
818 3013 937 3066 sollicita
960 3013 1169 3084 investigatione
1193 3014 1410 3083 ‹teprolremlant‚
1433 3014 1556 3066 ‹listrieta
1572 3013 1807 3067 animadversione
1824 3013 1905 3066 corri-

250 3129 317 3190 gant
342 3128 370 3172 et
392 3126 456 3172 tunc
480 3120 591 3172 demum
619 3120 734 3172 aliorum
758 3120 841 3172 vitatu
872 3121 1012 3189 loquendo
1042 3129 1208 3190 conponant.
1255 3120 1334 3174 Prius
1363 3121 1460 3190 puuirc
1491 3121 1601 3190 propria
1629 3120 1737 3173 fletibus
1760 3128 1855 3172 curent
1879 3128 1906 3172 et

251 3233 314 3279 tuuc
339 3243 411 3296 quae
435 3226 552 3279 aliorum
575 3235 636 3279 strut
659 3227 798 3296 punienda
822 3226 983 3280 denuntient
1007 3235 1043 3293 ct,
1074 3234 1225 3297 antequam
1248 3227 1336 3280 verba
1360 3227 1536 3281 exortationis
1559 3227 1694 3290 insonent,
1717 3244 1808 3294 (stirne,
1832 3228 1906 3297 cqrrcrd

206 3350 233 3389 ss
252 3333 366 3385 locuturi
390 3340 461 3392 smit,
491 3333 621 3402 alteribus
644 3333 772 3386 clamem.
818 3322 964 3386 Laudem
994 3335 1102 3386 autem
1134 3346 1285 3388 verorum
1316 3323 1522 3387 sacerdotum
1553 3345 1730 3409 eorumque
1762 3323 1905 3387 officium

251 3429 393 3515 Prosper
416 3430 449 3492 in
473 3428 566 3510 libro,
599 3451 696 3514 quem
720 3429 760 3493 de
785 3429 1037 3516 contemplativa
1061 3441 1092 3493 et
1116 3428 1236 3493 actuali
1259 3430 1329 3493 vita
1353 3431 1493 3516 scripsit,
1525 3428 1777 3516 conprehendit:
1814 3435 1906 3510 lpsis³

252 3546 333 3604 enim.
363 3536 477 3622 inquit,
509 3546 537 3599 id
568 3555 608 3598 est
639 3546 835 3610 sacerdotibus,
864 3547 973 3616 proprie
1004 3547 1155 3599 animarum
1186 3547 1369 3600 curandarum
1399 3547 1554 3600 sollicitudo
1583 3547 1726 3600 commisso
1755 3557 1805 3600 est.
1852 3548 1904 3611 Qui

251 3653 356 3722 polidus
379 3652 473 3722 populi
497 3652 548 3706 sihi
579 3653 712 3706 commissi
735 3653 850 3706 viriliter
880 3654 1042 3706 sustinentes
1072 3671 1123 3722 pro
1154 3653 1276 3722 peccatis
1306 3654 1425 3707 omniurn
1449 3655 1524 3707 velut
1547 3671 1597 3724 pro
1621 3654 1675 3706 suis
1699 3653 1907 3724 infatigabiliter

251 3759 406 3829 supplicant
422 3759 486 3812 Deo
509 3777 541 3810 ae
565 3759 641 3812 velut
665 3759 776 3829 quidam
801 3760 894 3812 ,larem
918 3760 1057 3814 incensum
1081 3760 1189 3813 contriti
1213 3760 1302 3813 cordis
1326 3769 1354 3814 et
1377 3760 1513 3814 humiliati
1537 3760 1646 3830 spiritus
1669 3760 1826 3828 offerentes,
1849 3779 1905 3830 qno
1924 3770 2086 3824 etltxodeoa.

207 3883 233 3922 to
252 3867 377 3935 placatur
401 3866 487 3924 Deus,
511 3874 637 3919 arertmrt
660 3866 728 3919 iram
751 3866 859 3919 futurae
884 3866 1126 3920 animadversionis
1149 3884 1165 3920 a
1188 3868 1301 3936 populo.
1349 3867 1400 3931 Qui
1432 3885 1482 3937 per
1504 3867 1558 3920 llei
1582 3867 1700 3936 gratiam
1723 3865 1792 3920 fiunt
1814 3867 1905 3920 (livine

252 3973 399 4026 rohmtatis
421 3973 535 4030 indices,
565 3973 742 4026 eeclesiarum
766 3971 865 4026 Christi
896 3981 958 4042 post
989 3974 1128 4043 apostolos
1155 3973 1324 4034 firndatorcs,
1353 3973 1443 4027 fidelis
1465 3974 1561 4044 populi
1589 3975 1682 4042 duces,
1711 3974 1835 4027 veritatis
1858 3975 1905 4027 ad·

252 4089 378 4140 restores,
401 4097 504 4149 pravae
528 4080 668 4133 doctrinae
691 4080 793 4142 hostes,
817 4080 941 4133 omnihus
964 4080 1041 4133 ironis
1065 4080 1199 4134 amabiles
1222 4089 1250 4134 et
1273 4082 1346 4134 male
1370 4081 1419 4134 sibi
1444 4081 1555 4134 constiis
1578 4080 1661 4134 cnam
1680 4083 1738 4150 ipso
1755 4081 1813 4133 visu
1829 4081 1905 4133 terri·

252 4185 330 4248 trites,
353 4186 474 4240 uindices
497 4205 697 4256 oppressorum.
728 4195 820 4256 patres
848 4188 876 4240 in
906 4186 960 4240 fide
992 4187 1129 4240 catholiea
1151 4195 1386 4256 regerreratormn,
1416 4188 1620 4257 praedicatores
1643 4187 1802 4242 caelestium
1826 4206 1905 4257 prae·

252 4293 375 4356 mionun,
399 4294 526 4362 exempla
549 4293 694 4363 bonorum,
723 4295 886 4348 ‹loermrenta
909 4295 1038 4347 virtutum
1069 4303 1097 4347 et
1127 4295 1216 4347 forma
1245 4293 1376 4349 fideliturr.
1423 4295 1477 4363 ipsi
1508 4301 1571 4347 seint
1598 4295 1681 4348 decus
1705 4295 1848 4358 ecelesiae,
1879 4296 1905 4348 in

207 4415 233 4456 te
252 4399 350 4469 quihus
373 4400 491 4469 srusplius
514 4401 601 4471 fulget
626 4400 757 4466 ecclesiam
788 4401 839 4471 ipsi
863 4402 1007 4454 columnae
1030 4401 1191 4464 timsissime,
1219 4401 1319 4471 ‹pribus
1340 4402 1368 4454 in
1392 4400 1502 4455 Christo
1525 4401 1645 4454 hrridatis
1675 4401 1796 4455 irmititur
1819 4402 1906 4455 onmis
1985 4399 1992 4412 '

252 4506 396 4560 multitudo
420 4508 604 4574 credentium,
633 4508 683 4577 ipsi
715 4508 813 4562 ianuae
844 4508 962 4562 civitatis
985 4517 1107 4570 aeterne,
1137 4526 1186 4577 per
1209 4525 1279 4577 qum
1303 4525 1405 4566 omnes.
1436 4509 1483 4578 qui
1506 4509 1629 4572 crcslunt,
1659 4508 1847 4578 ingrediuntur
1870 4510 1905 4561 ad

251 4612 403 4681 Christum,
434 4614 486 4683 ipsi
517 4615 656 4680 ianitores,
687 4615 787 4685 quihus
817 4615 911 4668 claves
941 4616 1006 4668 elate,
1036 4622 1098 4668 srrut
1126 4615 1203 4684 regni
1232 4616 1367 4680 celorum,
1397 4614 1448 4684 ipsi
1480 4614 1563 4668 etiam
1586 4615 1788 4685 dispensatores
1812 4616 1905 4684 regiae
1924 4613 2043 4718 “fiffih·

251 4720 358 4789 domus,
382 4739 498 4791 quorum
521 4721 633 4775 arbitrio
657 4722 683 4775 in
707 4722 772 4775 aula
795 4722 869 4792 regis
892 4723 997 4775 aeterni
1020 4722 1177 4775 dividuntur
1199 4722 1302 4790 gratius
1326 4729 1353 4776 et
1377 4720 1471 4775 officia
1494 4722 1669 4790 singulorum,
1704 4722 1741 4774 lli
1763 4731 1834 4790 sunt,
1858 4721 1906 4792 qui

250 4845 305 4880 non
324 4828 479 4886 ambiendo.
503 4829 550 4880 sed
575 4828 734 4898 spiritaliter
755 4829 873 4883 iirenrlo
897 4830 1078 4882 sacerdotium
1102 4835 1267 4894 manserunt,
1300 4829 1405 4899 quique
1428 4847 1482 4882 non
1507 4828 1609 4882 favoris
1631 4828 1742 4881 humani
1766 4828 1906 4896 srrffragio,

206 4945 234 4984 to
252 4935 299 4988 sed
322 4934 414 4989 diiino
438 4953 550 4989 munere
578 4934 716 4988 sublimati
744 4935 810 4989 nihil
835 4935 885 4988 sihi
909 4937 943 4990 de
967 4936 1118 5006 prestantia
1142 4935 1181 4988 sni
1203 4935 1371 5005 principatus
1387 4936 1531 4989 adtollrmt.
1567 4935 1642 5000 eros
1657 4955 1712 4989 nou
1728 4935 1804 4989 inflat
1819 4934 1907 4989 honor

252 5049 390 5111 acceptus,
413 5043 461 5095 sed
485 5049 595 5095 exercet
618 5042 698 5096 labor
720 5042 862 5112 inpositus,
893 5043 958 5112 quia
988 5061 1042 5096 non
1067 5042 1260 5096 excellentiam
1287 5060 1363 5096 suam
1388 5043 1510 5112 cogitant
1533 5043 1666 5113 provecti,
1689 5044 1737 5095 secl
1762 5043 1905 5097 sarcinam.

360 5285 430 5336 1111.
459 5281 623 5350 bsaivatio]
643 5286 773 5337 salutatio
794 5287 821 5336 1'.
878 5290 910 5337 15
931 5282 988 5351 qui]
1009 5303 1061 5351 que
1082 5287 1108 5336 Γ.
1164 5289 1198 5337 20
1217 5286 1429 5338 sublim..ros.
1449 5287 1479 5337 P.
1536 5290 1567 5338 21
1588 5282 1732 5350 sollicitos]
1750 5286 1854 5337 sollitos
1875 5287 1905 5338 P.

253 5376 286 5424 23
306 5381 382 5425 curet
402 5374 429 5424 Γ.
505 5377 538 5425 29
558 5370 602 5440 ac]
621 5377 655 5426 ad
676 5376 703 5424 Γ.
774 5378 905 5427 contrititi
925 5375 955 5426 P.
1025 5378 1059 5427 32
1078 5370 1203 5440 constiis]
1223 5375 1259 5425 ito
1279 5377 1306 5426 1'.
1326 5376 1356 5438 P,
1376 5376 1499 5441 iutellipe:
1519 5378 1644 5426 consciis.
1709 5377 1742 5426 33
1762 5393 1905 5440 regenera-

252 5458 350 5527 torum]
370 5470 562 5528 generatorum
582 5465 610 5516 Γ.
683 5467 717 5515 34
736 5461 879 5529 bonorum]
899 5481 1009 5530 opernm
1027 5464 1088 5515 add.
1106 5464 1162 5514 edd.
1236 5460 1330 5528 decus]
1351 5465 1435 5514 duces
1456 5465 1483 5514 Γ.

1403 5571 1462 5591 j

208 5690 234 5730 ὥ
363 5681 391 5750 1)
418 5681 467 5753 Cf.
491 5682 576 5753 infra
600 5681 720 5739 eiusdmt
743 5682 808 5738 libri
830 5703 869 5739 cc.
886 5686 1042 5752 15—1a;
1065 5703 1091 5740 v.
1116 5681 1197 5739 eduin
1221 5702 1312 5757 srrpra
1329 5702 1363 5757 p.
1381 5685 1443 5740 590
1466 5701 1489 5738 c.
1508 5685 1536 5740 3.
1613 5680 1643 5751 2)
1670 5681 1828 5758 Gregorius
1852 5683 1906 5752 M,

252 5786 364 5864 Reputo
382 5788 541 5864 pastoralis
564 5788 618 5845 III
636 5809 659 5844 c.
677 5793 735 5859 40,·
766 5787 841 5864 Opp
865 5789 905 5858 ΙΙ,
923 5793 991 5849 tot).
1101 5789 1131 5859 3)
1157 5789 1285 5864 Prosper
1300 5811 1341 5835 =
1359 5787 1488 5845 Iulianus
1512 5788 1667 5858 Posterius,
1691 5788 1739 5845 De
1760 5789 1819 5846 uita
1842 5809 1906 5846 coa·

252 5894 414 5970 tmmlatioo
438 5894 475 5951 Π
493 5915 517 5951 c.
533 5899 571 5965 2;
596 5894 670 5972 Opp.
695 5895 834 5971 Prosperi
855 5916 923 5972 app.
941 5900 992 5955 25.

1642 6007 1694 6067 Π*
