4884 6717
697 1084 851 1127 naith.
863 1084 930 1135 25,
945 1086 1010 1125 21.

697 3199 895 3239 cf.Rom.
911 3198 1021 3250 1³,2.

1055 549 1184 613 710
1887 556 1989 613 56.
2063 556 2499 614 CONCILIUM
2547 553 3206 620 AQUISGRANENSE
3254 556 3328 610 A.
3371 554 3521 611 836.

1050 744 1345 807 remissio
1395 754 1833 829 peecatorum,
1882 745 2043 831 ipsis
2091 746 2175 808 sit
2222 743 2706 830 dampnationis
2754 752 3194 827 augmentum,
3245 741 3362 806 sed
3410 743 3622 827 potius
3657 742 3897 806 sollerti
3931 742 4355 807 meditatione

1051 848 1493 935 indigentibus
1567 872 1676 914 eas
1741 862 1806 914 et
1865 850 2367 915 aecclesiasticis
2429 850 2805 914 ministeriis
2867 846 3232 928 distribuat,
3295 871 3376 912 ne
3439 848 3677 913 exinde
3739 872 3777 913 a
3836 849 4120 913 Domino
4182 849 4363 914 velut

1051 956 1296 1021 inutilis
1345 956 1758 1042 dispensator
1803 956 2166 1037 damnetur,
2214 979 2463 1038 verum,
2513 955 2686 1042 quod
2735 954 2989 1020 beatius
3030 966 3146 1036 est,
3196 954 3615 1019 desiderabili
3646 977 3809 1019 voce
3843 955 4143 1020 laudetur
4173 958 4363 1021 iuxta

1051 1062 1491 1147 ewangelicae
1540 1062 1890 1150 parabolae
1941 1063 2343 1149 exemplum:
2393 1064 2573 1151 Euye
2618 1088 2792 1128 serve
2839 1065 2990 1127 bone
3036 1077 3093 1126 et
3121 1062 3384 1149 fidelis3
3432 1065 3602 1126 intra
3651 1066 3717 1127 in
3759 1063 4071 1149 grandium
4114 1064 4369 1128 domini

1052 1169 1186 1235 Dei
1226 1173 1336 1234 tui.
4398 1194 4429 1235 ι

1268 1294 1433 1378 (20).
1484 1293 1669 1357 VIII.
1745 1293 2071 1358 Statutum
2134 1295 2329 1358 etiam
2392 1305 2509 1374 est,
2572 1304 2645 1357 ut
2703 1292 2809 1356 vel
2857 1291 3056 1357 semel
3103 1294 3170 1356 in
3218 1315 3410 1372 anne,
3474 1292 3541 1356 id
3601 1303 3701 1357 est
3759 1294 3826 1356 in
3888 1294 4113 1378 quinta
4171 1292 4356 1375 feria,

1053 1423 1220 1487 quae
1270 1410 1369 1462 est
1413 1401 1481 1462 in
1531 1422 1735 1463 caena
1768 1400 2056 1480 Domini,
2106 1401 2323 1464 unctio
2373 1402 2582 1464 saneti
2630 1399 2774 1479 olei,
2823 1401 2892 1462 in
2941 1422 3068 1485 quo
3117 1399 3390 1463 salvatio
3438 1398 3837 1463 infirmorum
3886 1398 4193 1481 creditur,
4242 1422 4362 1486 per

1052 1528 1276 1570 omnes
1340 1507 1636 1569 civitates
1699 1505 1782 1570 ab
1846 1508 2169 1594 episeopis
2229 1530 2359 1570 non
2419 1505 2825 1591 neglegatur,
2897 1507 3064 1571 sicut
3122 1528 3293 1570 nunc
3356 1528 3562 1592 usque
3624 1505 3992 1590 neglectum
4054 1518 4170 1586 est,
4232 1495 4362 1570 'sed

1053 1614 1229 1677 omni
1276 1612 1619 1677 devotione
1668 1614 1852 1677 iuxta
1900 1613 2312 1677 traditionem
2360 1612 2785 1699 apostolicam
2831 1635 2908 1677 ac
2943 1623 3181 1676 statuta
3213 1612 3639 1677 decretalium
3661 1617 3701 1693 ¹,
3750 1614 3816 1676 in
3852 1635 3978 1699 quo
4013 1612 4094 1677 de
4128 1612 4362 1678 eadem

1053 1742 1121 1783 re
1170 1720 1589 1806 praecipitur,
1638 1731 1990 1806 peragatur
2009 1726 2050 1783 2.
4400 1746 4453 1786 ιο

1270 1845 1434 1930 (21).
1484 1843 1704 1906 VIIII.
1777 1843 2266 1931 vespertinales
2328 1866 2587 1929 quoque
2649 1845 2715 1907 in
2775 1842 3001 1928 vigilia
3046 1843 3342 1908 Paschae
3405 1844 3634 1908 melius
3698 1844 4129 1909 celebrandae
4177 1847 4360 1910 visae

1054 1961 1203 2015 sunt
1251 1963 1514 2036 propter
1560 1948 1873 2013 laetitiam
1923 1951 2411 2015 resurrectionis
2461 1950 2728 2013 Domini
2777 1972 2970 2035 quam
3021 1949 3466 2015 dimittendae.

1270 2075 1435 2159 (22).
1487 2075 1572 2138 Χ.
1645 2074 1748 2137 De
1810 2073 2051 2138 letania
2112 2096 2369 2159 quoque
2431 2076 2676 2138 maiore
2725 2084 2918 2159 atque
2968 2074 3048 2138 de
3110 2074 3557 2159 rogationibus
3604 2076 3986 2140 ventilatum
4049 2087 4179 2156 est3
4244 2075 4362 2140 sed

1057 2182 1384 2246 communi
1454 2203 1774 2245 consensu
1845 2179 1927 2244 ab
2000 2179 2298 2244 omnibus
2378 2180 2655 2245 electum
2736 2191 2929 2267 atque
3009 2180 3342 2245 decretum
3422 2183 3608 2246 iuxta
3681 2205 3925 2247 morem
3994 2182 4361 2246 Romanum

1056 2288 1206 2352 VII.
1257 2286 1591 2351 Kalendas
1639 2287 1844 2350 Maii³
1902 2286 2075 2350 illam
2139 2286 2638 2352 celebrationem
2704 2287 3058 2351 secundum
3106 2288 3643 2353 consuetudinem
3693 2299 3949 2353 nostrae
3998 2289 4360 2354 aecclesiae
4400 2312 4452 2353 ιι

1054 2417 1186 2458 non
1234 2393 1719 2458 omittendam⁴.

1271 2519 1436 2605 (23).
1488 2517 1607 2581 XI.
1681 2517 1971 2601 Dignum
2020 2518 2215 2580 etiam
2263 2516 2587 2597 duximus,
2636 2528 2707 2580 ut
2752 2519 3197 2604 unusquisque
3247 2521 3698 2606 episcoporum
3747 2519 4003 2584 studeat
4034 2521 4362 2585 ministros

1056 2649 1208 2690 suos
1255 2647 1371 2711 pro
1420 2623 1681 2688 modulo
1730 2622 2177 2710 possibilitatis
2238 2622 2405 2687 bene
2469 2625 2810 2704 instruere,
2873 2636 2962 2706 ut,
3026 2627 3080 2689 si
3140 2625 3306 2690 forte
3370 2628 3714 2712 contigerit
3775 2626 4055 2713 aliquem
4112 2629 4359 2713 episeo-

1057 2755 1286 2818 porum
1335 2730 1876 2816 tardiloquentem
1928 2752 2069 2794 esse
2132 2740 2243 2793 aut
2291 2730 2662 2794 infirmitate
2726 2731 2946 2817 aliqua
2992 2732 3373 2818 inpeditum,
3434 2733 3676 2798 habeat
3733 2744 3950 2798 tamen
3998 2735 4362 2797 ministrum

1059 2837 1340 2918 doctum,
1403 2838 1515 2923 qui
1576 2838 1714 2900 eius
1776 2837 1921 2900 viee
1982 2834 2225 2921 pabula
2284 2835 2471 2899 verbi
2535 2838 2738 2901 divini
2803 2838 3044 2924 populo
3106 2839 3555 2904 administrare
3616 2842 3819 2926 possit
3864 2840 3970 2905 vel
4018 2842 4234 2921 etiam,
4307 2840 4361 2903 si
4396 2862 4454 2903 ιο

1059 2944 1387 3009 transierit
1434 2944 1778 3029 episcopus
1827 2941 1908 3005 de
1958 2942 2078 3006 hac
2127 2942 2535 3007 mortalitatis
2597 2942 2764 3024 luce,
2829 2955 2900 3009 ut
2947 2945 3245 3026 ecclesia,
3310 2947 3364 3009 si
3413 2969 3452 3009 a
3499 2946 3781 3024 Domino
3842 2947 4086 3012 factum
4147 2946 4360 3027 fuerit,

1060 3051 1324 3115 doctore
1374 3049 1588 3113 futuro
1636 3072 1764 3112 non
1815 3048 2124 3134 indigeat.

1276 3175 1441 3260 (24).
1492 3173 1645 3236 XII.
1719 3173 1989 3237 Constat
2035 3174 2250 3257 igitur,
2314 3176 2468 3258 quia
2529 3175 2921 3262 quicumque
2983 3178 3285 3263 potestati
3336 3200 3375 3241 a
3422 3178 3567 3241 Deo
3630 3177 3819 3243 datae
3883 3180 4124 3242 resistit
4179 3179 4364 3241 iuxta

1061 3280 1486 3370 apostolicum
1534 3279 1992 3344 documentum
2041 3280 2171 3344 Dei
2220 3280 2610 3345 ordinationi
2667 3284 2925 3346 resistit.
3020 3283 3105 3347 Et
3164 3283 3408 3347 idcirco
3467 3286 3536 3347 in
3598 3308 3938 3349 commune
4002 3286 4361 3364 statuimus,

1060 3402 1150 3469 ut,
1200 3390 1255 3451 si
1303 3388 1624 3474 quispiam
1674 3387 2126 3473 episcoporum
2176 3399 2289 3450 aut
2335 3387 2611 3472 quilibet
2658 3391 2986 3475 sequentis
3035 3389 3279 3453 ordinis
3328 3390 3755 3455 ecclesiastici
3791 3391 4100 3479 deinceps
4132 3393 4361 3456 timore
4400 3413 4454 3453 τε

1062 3506 1174 3560 aut
1220 3493 1572 3581 cupiditate
1622 3505 1734 3556 aut
1780 3490 2071 3578 qualibet
2116 3495 2415 3557 suasione
2466 3517 2505 3557 a
2552 3493 2812 3557 domino
2863 3507 2927 3559 et
2973 3496 3332 3560 orthodoxo
3381 3496 3766 3560 Hludowieo
3814 3499 4203 3584 imperatore
4253 3498 4362 3563 de-

1061 3602 1290 3666 fecerit
1350 3613 1460 3664 aut
1521 3602 1715 3663 etiam
1782 3611 2262 3663 sacramentum
2327 3600 2656 3665 fidelitatis
2719 3601 2807 3665 illi
2871 3604 3256 3688 promissum
3305 3603 3650 3667 violaverit
3711 3616 3775 3668 et
3836 3606 3972 3668 eius
4022 3606 4363 3669 contrariis

1060 3707 1364 3773 malivola
1425 3708 1778 3770 intentione
1842 3704 2132 3792 quolibet
2192 3706 2382 3769 modo
2448 3730 2515 3770 se
2577 3708 2998 3793 copulaverit,
3062 3709 3335 3794 gradum
3397 3711 3728 3796 proprium
3791 3714 4108 3775 canonica
4168 3725 4362 3798 atque

1061 3814 1357 3902 synodali
1406 3814 1726 3877 sententia
1775 3814 2044 3876 amittat.
2134 3812 2381 3892 Quodsi
2431 3815 2777 3900 quisquam
2809 3815 3011 3879 laicus
3051 3817 3349 3900 superius
3400 3817 3846 3902 conprehensa
3892 3817 4110 3882 facere
4159 3831 4362 3905 tcmp-

1060 3922 1315 4002 taverit‚
1366 3922 1526 3984 sciat
1573 3943 1641 3983 se
1691 3918 1774 3982 ab
1822 3920 2127 3983 universo
2176 3919 2384 4003 gradu
2433 3921 3132 3985 anathematizandum.
4403 3949 4458 3989 so

1557 4115 1711 4202 (Dc
1782 4117 1985 4179 vita
2057 4126 2143 4178 et
2213 4114 2666 4179 doctrina
2737 4117 3311 4182 inferiorum
3385 4118 3864 4203 ordinum).

1277 4232 1449 4312 Quia
1499 4255 1652 4296 vero
1702 4233 1782 4298 de
1831 4235 1967 4300 vita
2014 4250 2208 4324 atque
2259 4238 2554 4303 doctrina
2602 4242 3076 4327 episcoporum,
3128 4266 3292 4328 quac
3342 4246 3407 4307 in
3462 4259 3790 4330 posterum
3841 4245 4163 4308 servanda
4211 4268 4359 4309 nec-

1059 4363 1188 4403 non
1251 4338 1533 4403 tenenda
1594 4352 1709 4422 est,
1783 4341 1863 4406 de
1926 4343 2218 4429 pluribus
2281 4369 2613 4432 perpauca
2677 4349 2937 4411 divinae
3008 4351 3409 4413 auctoritatis
3473 4350 3876 4415 documentis
3938 4350 4361 4437 prediximus,

1061 4469 1329 4510 necesse
1380 4457 1477 4510 est
1524 4448 1739 4529 etiam,
1789 4464 1859 4513 ut
1906 4449 1986 4513 de
2035 4452 2458 4537 sequentibus
2507 4453 2841 4518 ordinibus
2890 4454 3110 4541 aliqua
3156 4456 3609 4541 adiungamus

1280 4574 1447 4657 (25).
1497 4569 1868 4658 Capitulum
1919 4574 1967 4639 l.
2042 4575 2146 4639 De
2196 4576 2421 4640 ordine
2471 4590 2815 4643 rectorum.
2888 4580 2978 4643 Ut
3024 4579 3294 4644 abbates
3344 4583 3641 4645 canonici
3691 4580 3997 4667 gregibus
4032 4581 4157 4646 sibi
4191 4604 4363 4645 com·
4402 4605 4456 4645 ει

1063 4679 1275 4741 missis
1324 4680 1637 4741 instanter
1685 4681 2030 4765 invigilent
2076 4693 2139 4745 et
2184 4685 2512 4768 geminam
2563 4686 2655 4748 eis
2704 4688 3065 4772 pastionem
3115 4688 3491 4774 inpendant‚
3556 4687 3621 4751 id
3682 4700 3779 4752 est
3840 4686 3969 4752 cibi
4032 4699 4096 4751 et
4156 4687 4363 4770 verbi,

1283 4914 1417 4976 (22).
1457 4917 1521 4966 X.
1585 4919 1646 4967 13
1686 4916 2060 4969 ventilandum
2102 4919 2164 4970 G.
2306 4924 2369 4971 14
2409 4917 2707 4985 decretum]
2748 4930 2808 4972 ut
2844 4923 2964 4972 add.
3009 4923 3070 4972 G.
3210 4926 3272 4973 15
3314 4923 3710 4976 celebrationes
3755 4926 3816 4976 G.
3956 4929 4019 4976 16
4059 4943 4168 4977 non
4208 4929 4366 4978 omit·

1065 4999 1302 5067 tendam]
1344 5005 1701 5055 omittendum
1744 5006 1808 5056 G.

1284 5091 1417 5153 (23).
1459 5095 1554 5143 XI.
1613 5097 1674 5145 21
1721 5096 1990 5160 episcopis
2032 5095 2095 5151 G.

1284 5182 1418 5243 (24).
1458 5184 1580 5232 XII.
1641 5186 1708 5233 25
1746 5179 2043 5248 sequentis]
2085 5189 2430 5251 exsequentis
2473 5188 2536 5238 G.
2682 5192 2750 5239 26
2787 5192 3072 5241 suassione
3115 5191 3176 5240 G.
4404 5209 4460 5248 ω

1284 5279 1336 5319 -;Ι
1385 5273 1467 5321 De
1497 5297 1560 5305 —
1590 5269 1859 5335 ordinum]
1898 5273 1973 5322 ita
2009 5274 2139 5335 edd„
2178 5275 2358 5325 desunt
2399 5276 2463 5326 G.
2612 5280 2676 5328 33
2718 5273 2816 5341 est]
2854 5278 2975 5328 add.
3012 5296 3038 5328 e
3073 5280 3200 5329 coni.

1300 5475 1344 5519 ΙΙ
1416 5470 1510 5541 Cf.
1563 5471 1790 5527 Schrod
1847 5473 2008 5546 apud
2061 5473 2278 5529 Ii'etzer
2325 5483 2377 5530 et
2436 5475 2625 5544 Walte,
2689 5476 3224 5535 ‘Kirchenlexilcon’
3290 5481 3374 5534 ecl.
3425 5483 3483 5537 2.
3536 5478 3642 5550 IX,
3695 5483 3815 5540 712
3835 5500 3956 5557 sqq.
4155 5482 4214 5553 2)
4268 5480 4366 5553 Cf.

1140 5608 1172 5647 ¹·
1244 5584 1312 5624 θα
1368 5577 1734 5633 ecclesiastiea
1783 5582 1902 5637 801
1914 5581 2117 5638 —813
2133 5573 2206 5654 (3)
2258 5601 2303 5636 c.
2343 5583 2418 5639 17
2435 5602 2453 5644 ‚·
2506 5580 2650 5638 JJG.
2705 5582 2890 5657 Capit.
2942 5583 2988 5652 I,
3026 5587 3162 5642 179.
3261 5584 3472 5643 Com-il.
3528 5586 4196 5646 Meldense-Parisiense
4243 5592 4369 5649 845

1180 5707 1288 5736 11·
1344 5707 1388 5738 r.
1422 5688 1538 5752 463·
1587 5686 1623 5739 I.
1674 5686 1710 5739 Ι.
1764 5685 1840 5753 II,
1874 5689 2013 5743 409.
2201 5686 2260 5744 3)
2310 5688 2456 5760 Apr.
2506 5691 2607 5745 25.
2790 5689 2854 5757 4)
2908 5688 3004 5760 Cf.
3054 5691 3248 5748 concil.
3303 5692 3733 5768 Aloytmtineme
3778 5698 3900 5754 813
3947 5714 3994 5750 c.
4031 5698 4143 5765 33;
4189 5715 4372 5771 supra

1071 5812 1120 5855 ρ.
1184 5804 1296 5843 “wa
1360 5809 1475 5844 sum
1539 5811 1677 5846 anu.
1729 5798 1782 5849 3.
1887 5792 2233 5862 Amalarius,
2298 5793 2390 5849 De
2449 5794 2661 5871 offic-iis
2721 5797 3103 5853 ecclesiasticis
3158 5796 3199 5852 I
3247 5818 3292 5854 c.
3345 5802 3458 5868 37;
3523 5799 3736 5877 myrto,
3800 5802 4020 5860 Patrol.
4084 5803 4181 5858 lat.
4244 5800 4297 5860 Ο
4306 5803 4368 5873 V,
4404 5823 4461 5862 4ο

1136 5908 1232 5943 ew».
1276 5923 1383 5967 ῳκ.
1478 5895 1858 5968 Πάἶαῄ·ἱᾱαε,
1911 5898 2001 5952 De
2048 5899 2297 5956 exordiis
2344 5909 2393 5956 et
2438 5901 2791 5958 incrementis
2838 5922 2951 5959 rer.
3004 5905 3133 5960 eccl.
3186 5924 3230 5959 c.
3266 5909 3380 5973 29,·
3435 5905 3579 5964 MG.
3635 5906 3818 5982 Capit.
3869 5908 3947 5978 II,
3983 5912 4122 5968 513.
