4884 6717
714 527 766 583 56.
803 527 1022 585 concursu
1045 529 1374 594 AQUISGRANENSE
1400 530 1436 585 A.
1458 529 1533 585 836.
1888 523 1952 587 715

294 716 464 780 venientes
486 715 658 779 humilitati
682 727 811 779 nostrae
841 720 1018 780 secundnml
1041 727 1140 780 virium
1162 725 1380 798 possibilitatem
1403 732 1560 781 nostrarum
1583 726 1710 783 fideliter
1738 718 1951 782 tractavimus

293 845 353 910 pro
378 823 542 886 communi
566 823 709 885 omnium
732 834 892 907 perpetua
915 821 1028 887 salute.

402 929 486 1015 (41).
518 927 599 1014 Cap.
624 928 650 992 Ι.
698 935 759 993 Ut‘2
790 939 858 1009 quid
889 956 939 993 rex
969 941 1061 994 dictus
1092 941 1139 1006 sit,
1169 940 1293 994 Isidorus
1323 942 1352 994 in
1382 941 1453 995 libro
1483 942 1690 996 sententiarum
1721 941 1835 996 scribit:
1867 935 1951 998 Rex⁸

294 1046 378 1112 enirn,
402 1046 505 1115 inquit,
531 1064 547 1098 a
570 1052 648 1099 recte
673 1046 785 1115 agendo
808 1053 936 1100 vocatur.
983 1045 1013 1100 Si
1038 1048 1111 1101 enim
1134 1048 1182 1118 pie
1207 1056 1237 1101 et
1260 1047 1335 1103 iuste
1361 1055 1390 1102 et
1413 1048 1634 1103 misericorditer
1660 1049 1743 1119 regit,
1775 1048 1876 1103 merito
1899 1066 1950 1103 rex

261 1151 473 1223 suppetiatum
498 1153 520 1205 si
545 1151 588 1205 bis
611 1152 746 1218 caruerit,
769 1169 824 1205 non
849 1170 909 1219 rer,
934 1154 985 1207 sed
1010 1154 1136 1208 tirannus
1161 1160 1215 1208 est.
1256 1153 1375 1224 Antiqui
1398 1163 1505 1220 nutem,
1528 1163 1561 1209 ut
1576 1156 1653 1209 idem
1667 1150 1812 1209 isidorus⁴
1830 1155 1858 1208 in
1877 1155 1950 1210 libro

294 1258 537 1328 ethimologiarum
560 1259 668 1324 scribit,
693 1276 790 1313 omnes
813 1277 897 1330 reges
921 1267 1056 1330 tyrannos
1079 1261 1235 1327 vocabant,
1261 1261 1312 1314 sed
1336 1267 1437 1331 postea
1460 1262 1505 1332 pie
1532 1269 1561 1316 ct
1584 1262 1659 1316 inste
1685 1269 1714 1316 et
1730 1262 1951 1317 misericorditer

291 1366 460 1437 regentibus
483 1364 559 1436 regis
582 1382 686 1420 nomen
709 1365 833 1435 adeptis,
858 1365 941 1435 impie
965 1384 1043 1432 vero,
1067 1367 1171 1422 iniuste
1197 1367 1409 1439 crudeliterque
1441 1369 1665 1438 principantibus
1695 1386 1750 1422 uon
1780 1369 1867 1438 regis,
1898 1368 1949 1421 sed

292 1472 469 1545 tyrannicum
493 1479 621 1542 aptatum
653 1477 697 1525 est
727 1489 839 1526 nomen.
887 1472 971 1526 Unde
1003 1481 1032 1527 ct
1064 1473 1165 1528 beatus
1190 1473 1344 1545 Gregorius
1375 1475 1415 1528 ait
1446 1475 1473 1528 in
1503 1476 1670 1529 moralibus:
1695 1470 1799 1530 Viros⁶
1828 1492 1949 1545 namque

291 1587 405 1635 sanctos
428 1579 547 1649 proinde
571 1578 664 1632 vocari
687 1596 772 1649 reges
796 1579 823 1632 in
847 1579 934 1632 sacris
958 1578 1076 1649 eloquiis
1100 1581 1260 1648 didicimus,
1285 1599 1318 1636 eo
1343 1582 1417 1651 quod
1441 1589 1520 1636 recte
1544 1589 1631 1651 agant
1648 1599 1805 1652 sensusque
1821 1582 1950 1653 proprios

248 1690 366 1744 lobene
390 1693 492 1758 regant
517 1694 546 1740 et
570 1694 662 1739 motus
685 1686 854 1740 resistentes
877 1686 930 1740 sibi
954 1686 1115 1741 rationabili
1138 1688 1311 1742 discretione
1335 1696 1506 1758 conponant.
1560 1688 1652 1743 Recte
1677 1689 1764 1759 igitur
1792 1688 1834 1742 illi
1864 1705 1949 1758 reges

291 1801 439 1861 vocantur,
463 1792 511 1863 qui
533 1799 592 1846 tarn
615 1793 782 1863 semetipsos
807 1805 954 1868 quamque
978 1793 1122 1847 subiectos
1146 1795 1221 1849 bene
1245 1795 1374 1866 regendo
1397 1794 1547 1865 pacificare
1572 1802 1724 1850 noverunt.

399 1891 483 1976 142).
509 1889 589 1975 Cap.
615 1888 658 1953 ΙΙ.
705 1895 774 1953 Adl
797 1899 864 1969 quid
889 1899 974 1952 etiam
998 1901 1170 1953 constitutus
1194 1901 1230 1955 sit
1254 1901 1417 1971 imperator,
1437 1901 1608 1972 Fulgentius
1631 1902 1660 1955 in
1683 1902 1755 1956 libro
1771 1902 1807 1956 de
1824 1901 1948 1956 veritate

290 2007 561 2080 praedestinationis
585 2013 614 2061 et
639 2007 748 2076 gratiae
772 2006 886 2060 scribit:
912 2003 1177 2060 Clementissimus⁷
1201 2025 1315 2079 quoque
1339 2009 1494 2080 imperator
1517 2026 1572 2062 nou
1596 2009 1661 2063 ideo
1679 2015 1723 2062 est
1739 2008 1948 2064 misericordiae
1967 2023 2130 2073 canonem&

291 2135 340 2170 vas
363 2121 564 2186 praeparatum
588 2113 615 2165 in
639 2112 737 2182 gloria,
764 2113 829 2183 quia
853 2113 962 2183 apicem
986 2114 1092 2167 terreni
1117 2114 1293 2185 principatus
1317 2115 1439 2186 accepit,
1471 2116 1522 2170 sed
1546 2115 1568 2168 si
1599 2115 1629 2168 in
1658 2115 1796 2185 imperiali
1828 2116 1949 2171 culmine

248 2238 272 2275 ro
291 2231 372 2277 reeta
394 2220 451 2276 fide
475 2219 551 2272 vivat
576 2228 605 2274 et
630 2237 698 2274 rere
728 2219 820 2273 cordis
850 2220 1008 2275 hnmilitate
1038 2222 1185 2291 praeditus
1216 2220 1328 2275 culmen
1358 2222 1454 2292 regiae
1486 2222 1632 2293 dignitatis
1663 2229 1780 2275 sanctae
1810 2222 1949 2293 relegioni

291 2329 421 2394 subiciat,
445 2328 468 2381 si
491 2327 580 2398 magis
603 2327 632 2379 in
655 2326 754 2380 timore
779 2326 885 2380 servire
910 2327 973 2381 Deo
997 2345 1081 2399 quarn
1105 2329 1132 2381 in
1156 2335 1267 2383 tumore
1295 2328 1430 2382 dominari
1460 2328 1566 2399 populo
1597 2330 1771 2395 delectetur,
1802 2329 1825 2381 si
1855 2329 1883 2381 in
1915 2346 1949 2383 eo

292 2437 395 2491 lenitas
419 2435 591 2489 iracundiam
614 2433 736 2502 mitiget,
761 2441 844 2486 ornet
867 2433 1027 2504 benignitas
1050 2442 1236 2504 potestatem,
1260 2435 1283 2489 si
1306 2453 1337 2489 se
1361 2435 1449 2506 magis
1473 2435 1647 2506 diligendum
1664 2453 1748 2505 quam
1763 2435 1949 2488 metuendum

291 2543 401 2596 cunctis
426 2543 550 2607 exibeat,
575 2540 598 2592 si
628 2539 764 2592 subiectis
794 2538 946 2592 salubriter
976 2540 1117 2607 consulat,
1148 2541 1170 2594 si
1200 2541 1336 2595 iustitiam
1368 2541 1407 2594 sic
1438 2548 1549 2606 teneat,
1580 2547 1612 2594 ut
1643 2540 1861 2595 misericordiam
1892 2557 1949 2594 uon

292 2651 446 2721 relinquat,
471 2649 493 2701 si
517 2665 585 2718 prae
609 2645 737 2699 omnibus
761 2645 800 2698 ita
823 2663 853 2698 se
877 2652 994 2700 sanctae
1025 2647 1122 2700 matris
1153 2647 1291 2702 ecclesiae
1323 2647 1478 2702 catholicae
1508 2647 1667 2702 meminerit
1697 2646 1795 2714 filium,
1827 2654 1859 2701 ut
1888 2647 1949 2702 eius

246 2773 272 2810 so
292 2757 354 2828 psci
378 2765 466 2827 atquo
490 2753 689 2824 tranquillitati
712 2770 765 2823 per
788 2753 948 2806 universum
971 2753 1104 2806 mundum
1129 2755 1265 2823 prodesse
1289 2772 1369 2806 sumn
1393 2753 1478 2808 faciat
1501 2754 1700 2824 principatum.
1755 2754 1847 2825 Magis
1875 2754 1949 2808 enim

292 2863 481 2918 Christianum
504 2860 614 2930 regitur
637 2877 669 2913 ac
693 2866 868 2929 propagatur
897 2859 1054 2929 imperium,
1086 2860 1151 2912 duni
1183 2860 1376 2915 ecclesiastico
1406 2860 1494 2914 statui
1523 2879 1576 2931 per
1605 2878 1715 2915 omnem
1745 2869 1850 2916 terram
1880 2877 1948 2914 con-

291 2971 402 3034 sulitur,
426 2986 511 3038 quam
534 2984 596 3020 curn
621 2965 649 3019 in
672 2972 754 3034 parte
779 2983 955 3036 quacumque
983 2973 1121 3020 terrarum
1151 2984 1203 3036 pro
1234 2967 1383 3038 temporali
1415 2967 1570 3022 securitate
1600 2973 1754 3038 pugnatur.
1802 2967 1887 3023 Unde
1918 2975 1949 3022 et

291 3077 415 3131 Isidorus
439 3075 521 3128 dicit:
547 3069 716 3143 Principes³
739 3090 860 3143 nouique
885 3072 990 3127 saeculi
1013 3091 1221 3143 nonnumquam
1246 3074 1321 3128 intra
1345 3074 1494 3128 eeclesiam
1517 3074 1666 3145 potestatis
1691 3075 1798 3144 adepte
1826 3074 1949 3129 culmina

292 3190 403 3248 tenent,
427 3190 459 3236 ut
482 3199 535 3252 per
559 3180 680 3234 eandem
702 3186 877 3250 potestatem
901 3180 1077 3250 disciplinam
1102 3181 1324 3234 ecclesiasticam
1347 3181 1485 3236 muniant.
1526 3181 1680 3236 Caeterum
1703 3183 1778 3236 intra
1797 3181 1948 3237 ecelesiam

246 3305 272 3343 ss
290 3297 451 3362 potestates
473 3287 653 3342 necessariae
676 3304 732 3341 non
757 3295 863 3350 essent,
892 3287 944 3341 nisi
968 3295 1011 3354 ut,
1040 3288 1114 3357 quod
1145 3305 1200 3341 non
1231 3288 1378 3357 praevalet
1408 3290 1541 3342 sacerdos
1572 3287 1688 3343 efficere
1719 3307 1772 3358 per
1801 3289 1947 3344 doctrinae

290 3414 458 3460 sermonem,
482 3402 612 3465 potestas
635 3394 687 3448 hoc
711 3395 834 3465 imperet
857 3411 909 3464 per
934 3393 1099 3464 disciplinae
1124 3401 1271 3448 terrorem.
1317 3393 1410 3466 Saepe
1434 3413 1487 3466 per
1510 3413 1628 3466 regnum
1653 3402 1796 3450 terrenum
1819 3395 1947 3450 caeleste

291 3521 409 3575 regnum
432 3500 555 3573 proficit,
580 3509 612 3554 nt
636 3502 683 3571 qui
707 3501 781 3555 intra
805 3500 952 3555 ecclesiam
976 3500 1059 3572 positi
1084 3509 1182 3555 contra
1205 3499 1292 3554 fidem
1317 3510 1345 3555 et
1370 3501 1546 3572 disciplinam
1571 3501 1710 3556 ecclesiae
1735 3509 1822 3572 agunt
1853 3503 1946 3573 rigore

290 3611 448 3683 principum
483 3615 668 3664 conterantur
701 3608 847 3679 ipsamque
879 3607 1065 3678 disciplinam,
1096 3625 1179 3679 quam
1215 3607 1354 3662 ecclesiae
1386 3608 1494 3662 utilitas
1526 3626 1660 3663 exercere
1696 3627 1752 3662 nou
1786 3610 1946 3680 praevalet,

290 3718 448 3774 cervicibus
478 3715 662 3787 superborum
693 3722 821 3786 potestas
851 3713 1013 3786 principalis
1043 3715 1170 3784 inponat.
1230 3711 1382 3769 Salomon‘J
1413 3714 1441 3768 in
1476 3715 1647 3785 proverbiis:
1687 3714 1888 3772 alumnorum
1923 3723 1950 3770 et
1967 3728 2121 3778 Promona.

247 3837 273 3877 to
292 3823 396 3880 neritus
420 3821 577 3878 custodiunt
598 3840 690 3896 repent
715 3829 741 3876 et
763 3821 914 3876 roboratur
937 3819 1081 3874 clementio
1105 3820 1222 3876 tironus
1246 3820 1312 3875 eires.

400 3965 411 4011 1
435 3960 596 4010 humilitatis
616 3959 648 4010 0.
720 3958 932 4025 passibilitatum
953 3957 985 4007 G.

401 4051 468 4109 (41).
489 4051 511 4100 1.
540 4042 782 4111 Saententiarnm]
802 4048 1049 4113 presententiamm
1071 4047 1103 4096 G.
1185 4049 1267 4097 lrex
1285 4047 1352 4097 deest
1371 4047 1403 4098 0.
1486 4050 1548 4098 bin
1567 4048 1632 4098 deest
1652 4049 1684 4098 G.
1767 4050 1894 4114 indepti
1915 4049 1946 4098 G.

293 4144 325 4192 10
345 4158 372 4192 re
395 4157 424 4190 es
442 4140 509 4189 deest
529 4139 560 4188 (ι’.

375 4159 469 4290 ἕ(42).
490 4229 528 4278 11.
559 4231 591 4278 13
612 4227 861 4294 praedistiuationis
882 4226 913 4275 G.
969 4226 1155 4274 misericordia
1176 4227 1208 4274 (ι’.
1274 4227 1306 4274 14
1325 4224 1451 4291 imperati
1472 4225 1503 4274 G.
1570 4221 1946 4290 malmundarienses.

247 4330 274 4368 tt
294 4322 324 4369 11
344 4321 451 4383 mitigat
471 4318 503 4367 G.
579 4321 609 4366 19
628 4323 755 4366 tenentur
775 4314 806 4364 G.

403 4445 432 4520 l)
454 4446 487 4502 V.
506 4448 616 4521 [1711
640 4465 709 4500 anri.
727 4447 755 4502 1.
849 4441 880 4516 2)
906 4443 955 4498 En
978 4440 1115 4497 relatione
1138 4439 1331 4515 episcoporum
1356 4461 1379 4498 e.
1397 4445 1438 4500 56
1457 4435 1489 4516 (l.
1508 4443 1526 4498 1.
1543 4443 1583 4512 Il,
1600 4447 1642 4501 111
1653 4439 1719 4519 sq),
1744 4465 1818 4519 quac
1840 4464 1892 4500 usu
1909 4454 1949 4500 est

291 4555 362 4610 sieut
384 4554 472 4610 Ionas
494 4550 707 4608 Aurelianensis
730 4546 790 4622 (De
819 4549 987 4605 instimtione
1011 4547 1091 4623 repis
1115 4567 1138 4602 c.
1164 4543 1194 4621 3)
1220 4547 1318 4603 concil.
1343 4547 1503 4605 Parisiensi
1525 4553 1588 4608 829
1611 4550 1656 4606 lib.
1681 4549 1718 4606 11
1743 4570 1766 4605 c.
1793 4554 1828 4618 1,·
1856 4571 1947 4625 supra

287 4683 321 4736 p.
343 4665 404 4720 619
419 4681 461 4735 sq.
553 4651 583 4735 3)
605 4655 672 4714 Cum
692 4655 782 4712 uerbis
798 4657 859 4710 Rex
876 4656 950 4709 enim
969 4685 1005 4692 —
1027 4662 1161 4726 tyrannus
1179 4663 1222 4709 est
1240 4644 1272 4726 (l.
1290 4651 1323 4730 5)
1342 4655 1383 4725 cf.
1400 4655 1537 4724 Isidorus,
1555 4659 1679 4712 Sonent.
1698 4656 1751 4712 III
1769 4677 1793 4712 c.
1810 4661 1852 4716 18
1869 4648 1893 4730 ἕ
1911 4660 1947 4722 7,·

294 4767 368 4844 Opp.
388 4767 437 4834 VI,
455 4771 569 4840 33811).
646 4756 677 4841 4)
696 4763 764 4820 Cum
790 4762 878 4820 uerbis
894 4763 1011 4833 Antiqui
1029 4771 1123 4816 autem
1140 4779 1237 4816 omnes
1256 4790 1293 4799 -
1312 4781 1413 4816 nomen
1439 4755 1471 4834 (I.
1489 4769 1523 4838 8)
1549 4764 1589 4835 cf.
1607 4762 1744 4832 Isidorus,
1763 4763 1884 4836 Etymol.
1902 4763 1952 4820 IX

247 4893 275 4932 to
293 4895 317 4931 c.
337 4881 356 4932 3
378 4870 466 4950 §iu
491 4879 548 4940 su,-
572 4873 590 4927 l.
612 4874 630 4926 l.
656 4870 712 4940 III,
729 4875 802 4929 1211.
889 4861 919 4944 5)
942 4868 1190 4924 11111111Ψί101-
1210 4875 1350 4924 noverunt
1376 4861 1408 4938 (l.
1430 4863 1480 4944 11)
1506 4870 1672 4945 (inpromptu
1694 4879 1760 4926 sunt
1783 4889 1818 4926 ex
1836 4869 1948 4927 Isidoro

294 4981 364 5046 (non
390 4979 531 5056 Gregorio
557 4974 624 5054 u),
655 4979 779 5034 Sentent.
805 4976 858 5033 III
883 4996 906 5032 c.
930 4979 973 5034 ss
1001 4967 1025 5051 §
1049 4978 1083 5042 7;
1114 4975 1132 5028 1.
1157 4975 1176 5030 1.
1205 4974 1254 5042 Vl,
1280 4977 1349 5032 339.
1457 4967 1488 5050 6)
1520 4975 1571 5032 Es
1594 4976 1731 5033 relatione
1755 4977 1946 5052 episcoporum

294 5108 317 5143 c.
335 5091 377 5146 56
392 5088 463 5143 med.
489 5081 521 5158 (l.
542 5088 559 5141 1.
585 5080 706 5158 1117),
731 5103 804 5158 qraue
827 5082 953 5138 nrllribuit
975 5080 1072 5136 concil.
1099 5080 1196 5137 Poris.
1221 5085 1285 5139 829
1308 5079 1353 5137 111).
1374 5081 1410 5136 II
1428 5101 1450 5137 c.
1471 5085 1487 5140 1
1513 5075 1616 5157 (supra
1636 5103 1668 5157 p.
1687 5087 1747 5142 1151)
1770 5085 1788 5139 1.
1804 5087 1843 5142 dl
1859 5081 1946 5158 sqq).

294 5187 325 5271 1)
355 5193 447 5250 Verbo
474 5193 715 5249 Clementissimus
743 5221 778 5228 -
806 5198 949 5262 pugnatur
980 5183 1012 5262 11.
1037 5187 1091 5264 22)
1123 5197 1188 5244 sunt
1217 5187 1367 5263 Fulpentii,
1400 5188 1446 5244 De
1476 5188 1593 5245 veritate
1618 5189 1888 5264 praedestinationis
1917 5189 1952 5246 1!

294 5322 317 5357 c.
343 5305 401 5369 38;
434 5301 507 5374 (lpp.
534 5321 567 5374 p.
591 5302 663 5358 477.
756 5292 786 5373 8)
810 5296 901 5353 Verbo
924 5296 1126 5367 Principes-
1146 5296 1263 5366 inponat
1289 5287 1322 5368 (l.
1339 5298 1398 5364 29;
1421 5304 1487 5352 sunt
1508 5295 1622 5365 Isidori,
1649 5295 1772 5352 Sentent.
1798 5295 1850 5352 111
1868 5317 1891 5353 c.
1908 5299 1947 5356 51

248 5401 317 5484 ‹s§
332 5411 361 5466 4.
386 5411 415 5476 5,
441 5407 515 5481 Opp.
540 5405 587 5474 1'1,
605 5402 678 5478 311)
704 5407 834 5481 inpertitur
857 5404 913 5460 inm
937 5403 965 5459 in
990 5401 1087 5458 concil.
1114 5401 1211 5457 Paris.
1236 5400 1280 5457 lib.
1306 5400 1347 5457 ΙΙ.
1376 5423 1400 5456 r.
1424 5407 1446 5461 2
1473 5395 1577 5477 (supro
1602 5423 1635 5477 p.
1662 5407 1724 5461 652
1754 5404 1772 5457 l.
1798 5407 1835 5461 31
1851 5399 1928 5479 sqq.)
1937 5425 1948 5471 ,·

294 5514 379 5572 uerba
402 5515 548 5586 Principes
575 5543 611 5550 —
638 5523 774 5569 terrorem
801 5511 833 5584 (1.
858 5505 912 5584 26)
938 5509 1047 5565 erbibet
1070 5509 1169 5564 relatio
1193 5508 1385 5583 episcoporum
1410 5529 1433 5566 c.
1459 5513 1500 5568 56
1523 5503 1554 5584 (l.
1580 5505 1622 5585 t).
1665 5510 1823 5582 Synodules
1847 5508 1947 5584 Aquis·

292 5640 450 5698 prnnmses
473 5620 658 5695 inspexerunt
679 5628 729 5675 aut
751 5618 894 5674 concilium
913 5616 1085 5684 Purisiense,
1110 5615 1156 5671 nbi
1173 5617 1263 5690 siluro
1288 5615 1372 5672 rerba
1389 5615 1495 5673 Isidori
1515 5637 1599 5692 pisam
1623 5636 1713 5692 siqua
1737 5618 1754 5672 l.
1772 5619 1901 5676 23-29
1924 5625 1950 5672 et

295 5727 376 5783 etiarn
400 5727 429 5783 in
453 5727 590 5783 relatione
613 5726 803 5801 episcqioruni
828 5726 967 5799 leguntur,
991 5733 1041 5779 11111
1064 5721 1152 5778 Ionos
1174 5722 1389 5778 alinsdonensis
1411 5723 1510 5780 librum
1535 5725 1569 5780 tle
1592 5723 1761 5781 institutione
1783 5723 1864 5800 regia
1888 5726 1948 5781 cd

295 5826 334 5904 (o.
357 5853 447 5908 supro
463 5853 496 5908 p.
515 5837 576 5890 6111
599 5852 669 5888 ann
687 5835 716 5899 2,
737 5851 769 5906 p.
788 5835 846 5889 1151
871 5827 1003 5905 (111117).
1088 5827 1119 5899 u)
1141 5827 1233 5884 Verba
1257 5829 1386 5884 Salomon
1410 5861 1446 5869 —
1469 5832 1527 5886 eius
1553 5825 1585 5888 11.
1604 5835 1656 5907 30)
1681 5832 1811 5907 leguntur
1834 5829 1863 5885 r'n
1886 5830 1948 5886 solu

248 5958 276 5996 so
293 5939 430 5997 relatione
453 5939 644 6014 episcoporum
669 5958 693 5994 c.
710 5942 769 6006 503
793 5938 810 5992 l.
832 5939 849 5993 l·
1681 5999 1733 6054 90,
