4884 6717
559 529 623 592 526
1029 536 1079 591 44.
1116 535 1336 594 CONCILIUM
1358 535 1585 591 PARISIENSE
1609 536 1645 590 Α.
1668 534 1742 591 825.

558 723 637 788 lenti
660 724 795 809 pingere
820 733 876 787 aut
899 723 1023 809 fingere
1047 723 1245 809 prohiberet.
1292 723 1388 788 Unde
1420 745 1521 809 usqne
1552 722 1649 786 hodie
1679 722 1794 786 eadem
1818 721 1906 808 apud
1929 743 1988 784 nos
2012 720 2212 784 consuetudo

558 840 696 911 tenetur,
721 841 766 910 nt,
791 831 868 915 quia
893 829 953 893 hoc
978 832 1153 895 auctoritas
1169 830 1259 894 nulla
1275 828 1375 898 iubet.
1400 852 1494 894 nemo
1511 828 1632 908 iubeat,
1658 828 1814 908 similiter,
1840 830 1917 915 quia
1934 828 2109 891 auctoritas
2126 827 2213 891 nulla

558 935 719 1023 prohibet,
750 959 844 1000 nemo
875 936 1057 1022 prohibeat.
1106 937 1193 1017 Quia
1223 959 1302 1000 vero
1332 949 1466 1022 propter
1495 937 1708 1022 praemissam
1740 936 1898 999 rationem
1929 934 2023 999 aliter
2053 956 2212 998 essenon

557 1055 673 1129 potest,
698 1045 761 1106 nisi
785 1044 866 1107 ratio
891 1044 967 1107 inde
993 1041 1162 1125 habeatur,
1187 1044 1325 1108 fortasse
1350 1042 1464 1107 eadem
1488 1044 1571 1106 ratio
1595 1043 1659 1107 tale
1677 1042 1848 1107 exordium
1863 1065 1929 1106 non
1946 1042 2213 1105 inconvenienter

557 1148 680 1213 habere
711 1150 839 1236 poterit.
895 1149 929 1213 Si
961 1150 1061 1234 igitur
1090 1151 1198 1235 imago
1229 1152 1264 1214 in
1294 1161 1361 1214 toto
1393 1148 1471 1213 orbe
1503 1160 1662 1213 terrarum
1692 1148 1780 1214 nulla
1808 1150 1897 1235 picta
1927 1147 1980 1212 vel
2009 1147 2085 1211 ficta
2115 1157 2244 1226 esset,s

557 1256 715 1342 numquid
739 1255 863 1342 aliquid
887 1256 976 1340 fidei,
1006 1257 1076 1342 spei
1105 1256 1158 1320 vel
1182 1258 1311 1320 caritati
1337 1267 1470 1320 sanetae
1495 1255 1560 1319 Dei
1584 1255 1743 1320 ecclesiae
1768 1255 1922 1319 obesset?
1970 1255 2092 1318 Rursus
2115 1255 2143 1317 si
2166 1255 2213 1317 ita

557 1375 592 1427 ut
615 1364 649 1426 in
673 1361 868 1449 quibusdam
893 1363 983 1443 locis,
1007 1364 1149 1426 maxime
1175 1362 1323 1427 eeclesiis
1348 1386 1405 1426 sen
1425 1361 1554 1449 palatiis
1571 1363 1764 1448 principum,
1789 1362 1830 1426 ob
1846 1361 1970 1426 nullum
1987 1360 2086 1425 alium
2103 1360 2211 1424 catho-

558 1469 640 1533 licae
671 1469 748 1533 lidci
779 1493 837 1533 seu
860 1469 1027 1555 religionis
1052 1469 1183 1549 cultum,
1215 1469 1274 1533 sed
1305 1468 1528 1545 tantummodo
1560 1468 1737 1533 scientibus
1761 1491 1819 1555 pro
1843 1470 1963 1532 amoris
1987 1469 2032 1554 pii
2057 1468 2212 1531 memoria

558 1599 616 1640 scu
647 1587 835 1640 ornamento
867 1576 1045 1639 eorundem
1076 1575 1231 1656 locorum,
1266 1574 1488 1639 nescientibus
1523 1598 1601 1638 vere
1637 1598 1695 1662 pro
1727 1575 1874 1640 eiusdem
1904 1575 2035 1661 pietatis
2064 1574 2212 1638 doctrina

557 1685 665 1770 pictae
689 1683 743 1746 vel
765 1683 861 1747 fictae
886 1694 969 1764 sunt,
994 1684 1040 1747 ita
1063 1706 1123 1769 per
1147 1682 1272 1769 reliqna
1296 1683 1440 1746 eiusdem
1458 1681 1654 1767 imaginibus
1671 1704 1816 1768 congrua
1833 1681 1997 1746 domicilia
2013 1681 2055 1745 ad
2071 1680 2212 1744 eundem
2231 1704 2257 1742 ro

558 1813 688 1853 sensum
723 1790 924 1875 pertinentes
959 1790 1067 1875 pictae
1103 1789 1156 1853 vel
1186 1790 1282 1853 fictae
1314 1800 1437 1870 essent,
1474 1789 1553 1874 quid
1582 1789 1737 1875 praefatis
1767 1787 1941 1853 virtutibus
1972 1810 2125 1874 umquam
2156 1798 2213 1850 aut

558 1918 695 1981 usquam
720 1894 834 1959 obesse
859 1897 1042 1980 potuisset?
1089 1896 1133 1959 Et
1156 1895 1241 1968 ideo,
1266 1897 1343 1982 quia
1367 1918 1419 1958 res
1442 1897 1489 1958 ita
1512 1918 1546 1958 se
1571 1893 1679 1977 habet,
1711 1895 1790 1981 quid
1814 1905 1972 1981 superest,
2003 1896 2066 1958 nisi
2097 1893 2211 1979 utqui

557 2002 680 2082 nolunt,
705 2003 751 2066 ita
774 2025 837 2065 nou
863 2002 993 2078 faciant,
1025 2012 1191 2066 attamen
1222 2004 1280 2082 eie,
1311 2003 1367 2088 qui
1398 2000 1470 2064 illas
1501 2024 1539 2065 eo
1564 2024 1671 2082 sensu,
1702 2015 1738 2066 ut
1761 2003 1975 2088 praemissum
2000 2013 2059 2080 cst,
2090 1999 2210 2063 hahere

558 2108 670 2172 volunt
694 2107 746 2172 vel
769 2108 903 2188 faciunt,
928 2110 962 2172 in
985 2108 1137 2171 faciendo
1161 2108 1214 2172 vel
1238 2108 1389 2173 habendo
1414 2109 1547 2171 minime
1572 2108 1807 2184 contradicant,
1840 2120 1872 2171 et
1902 2107 1947 2171 illi
1972 2106 2129 2186 similiter,
2155 2107 2211 2192 qui

558 2215 630 2279 illas
653 2213 774 2279 habere
799 2214 921 2296 volunt,
953 2214 1100 2278 nolentes
1130 2215 1172 2279 ad
1203 2214 1389 2280 habendum
1414 2215 1466 2278 vel
1495 2213 1677 2278 faciendum
1710 2214 1894 2279 nullatenus
1925 2225 2055 2299 cogant.
2101 2213 2210 2298 Atque
2231 2235 2257 2275 rs

557 2322 602 2384 ita
626 2334 757 2386 auctore
775 2322 847 2384 Deo
872 2334 1008 2407 uterque
1033 2322 1175 2385 inlaesus
1200 2334 1359 2402 servatur,
1384 2321 1462 2385 dnm
1486 2333 1517 2383 et
1541 2319 1662 2385 habere
1686 2321 1799 2385 volens
1823 2332 1956 2406 propter
1981 2319 2139 2385 cautelam
2163 2320 2211 2382 in·

557 2427 637 2491 liciti
662 2427 767 2491 cultus
792 2439 824 2491 et
848 2427 968 2491 habere
998 2428 1111 2491 nolens
1143 2439 1277 2514 propter
1307 2427 1466 2492 cautelam
1498 2426 1613 2492 inliciti
1644 2439 1847 2513 contemptus
1879 2427 1988 2490 salvus
2020 2448 2211 2512 permanere

557 2532 779 2597 indubitanter
801 2536 930 2619 poterit.
976 2534 1086 2619 Atque
1110 2535 1155 2598 ita
1180 2535 1354 2598 miserante
1377 2534 1451 2597 Deo
1476 2536 1634 2598 maiorum
1658 2549 1841 2598 nostrorum
1872 2534 1912 2598 de
1937 2532 2134 2618 imaginibus
2158 2530 2211 2595 vel

557 2643 692 2728 picturis
716 2664 838 2704 morem
863 2642 1037 2721 imitantes,
1061 2642 1095 2704 in
1119 2639 1262 2704 iubendo
1279 2639 1333 2703 vel
1356 2638 1569 2726 prohibendo
1594 2642 1627 2704 in
1652 2640 1801 2705 habendo
1827 2641 1879 2705 vel
1903 2665 1967 2704 non
1991 2639 2153 2722 hahendo,
2176 2640 2212 2702 in

557 2747 694 2812 colendo
729 2747 782 2811 vel
815 2771 881 2811 non
916 2747 1064 2828 colendo,
1100 2747 1240 2811 inlaesos
1275 2747 1432 2811 hactenus
1469 2747 1529 2812 hac
1565 2746 1606 2811 de
1638 2770 1737 2812 causa
1768 2747 1910 2811 Domino
1939 2747 2117 2834 opitulante
2152 2769 2212 2809 nos
2230 2769 2258 2809 so

556 2856 711 2919 transisse
736 2867 767 2918 et
790 2855 861 2941 ipso
885 2854 1090 2940 gubernante
1114 2855 1305 2918 transituros
1329 2876 1536 2940 nequaquam
1561 2854 1757 2918 dubitamus.
1806 2853 2028 2933 Quamobrem
2058 2852 2212 2918 monendi

557 2975 631 3026 sunt
655 2985 777 3043 ornnes,
802 2963 856 3048 qui
882 2962 953 3025 illas
977 2960 1099 3025 hahere
1123 2960 1247 3040 volunt,
1270 2982 1312 3023 ne
1336 2960 1476 3024 amando
1500 2960 1553 3024 rel
1577 2959 1724 3046 quolibet
1746 2960 1842 3024 modo
1866 2960 2032 3025 adorando
2055 2961 2108 3023 vel
2126 2983 2212 3025 eom·

557 3068 729 3154 plectendo
753 3069 838 3132 ultra
862 3091 958 3154 quam
983 3078 1111 3153 oportet
1135 3068 1256 3131 cultum
1281 3069 1327 3130 eis
1351 3066 1510 3132 inlicitum
1534 3066 1694 3132 ullatenus
1724 3066 1924 3153 impendant.
1972 3067 2127 3132 Similiter
2151 3089 2212 3130 nec

557 3174 613 3254 illi,
639 3176 695 3260 qui
719 3197 774 3237 eas
798 3174 920 3238 habere
945 3174 1126 3254 noluerunt,
1152 3173 1257 3237 sicubi
1282 3197 1337 3238 cas
1362 3176 1560 3260 aspexerint,
1585 3173 1731 3261 qualibet
1754 3176 1970 3259 ignominiosa
1986 3173 2039 3237 vel
2055 3172 2213 3259 probrosa

558 3279 771 3344 detestatione
796 3303 959 3366 spernere,
992 3279 1225 3344 contumeliare
1258 3279 1309 3343 rel
1342 3280 1485 3344 lacerare
1509 3295 1729 3367 praesumant.
1776 3281 1864 3344 Hine
1888 3303 1966 3366 ergo
1991 3278 2213 3344 indubitanter
2230 3301 2257 3340 rs

557 3387 666 3472 colligi
690 3399 806 3473 potest,
838 3409 922 3471 <lirae
947 3386 1036 3451 illum
1061 3388 1142 3450 ratio
1167 3386 1228 3451 hoc
1253 3411 1327 3451 cum
1351 3387 1495 3473 periculo
1520 3411 1726 3473 quocumque
1758 3387 1931 3475 compellat
1961 3386 2092 3468 habere,
2124 3385 2212 3473 qnod

557 3493 647 3556 illum
671 3492 784 3579 procul
808 3491 907 3556 dubio
931 3494 1000 3556 sine
1025 3492 1089 3556 ullo
1113 3493 1259 3579 periculo
1284 3494 1360 3558 licet
1382 3517 1447 3557 non
1471 3493 1601 3558 habere.
1637 3494 1716 3558 Ideo
1740 3518 1817 3581 ergo
1842 3497 1939 3560 totius
1963 3495 2058 3558 huius
2076 3494 2211 3557 rationis

558 3599 631 3664 talis
655 3612 704 3663 cst
727 3622 862 3680 summa,
894 3611 929 3663 ut
953 3601 1007 3684 qui
1039 3598 1151 3664 volunt
1177 3601 1311 3685 propria
1334 3603 1490 3664 memoria
1513 3601 1566 3664 vel
1591 3624 1670 3665 sana
1695 3601 1842 3665 doctrina
1865 3603 1898 3665 in
1922 3602 2002 3665 locis
2027 3611 2211 3687 competen-

557 3704 644 3770 tibus
668 3705 792 3792 absque
816 3705 880 3770 ullo
904 3705 1027 3769 inlicito
1052 3705 1139 3769 cultu
1164 3707 1269 3792 pictas
1294 3705 1347 3770 vel
1377 3707 1469 3770 fictas
1501 3706 1643 3771 habeant
1672 3709 1843 3793 imagines,
1875 3710 1931 3795 qui
1961 3719 2069 3772 autem
2099 3706 2213 3771 nolunt

557 3811 682 3898 absque
706 3811 770 3876 ullo
795 3811 916 3875 inlicito
941 3825 1128 3899 contemptu
1153 3812 1260 3876 taliter
1284 3811 1440 3876 habentes
1458 3813 1510 3877 vel
1526 3813 1654 3877 habitas
1671 3815 1830 3900 imagines
1846 3815 2029 3879 nullatenus
2046 3825 2211 3900 spernant.
2231 3833 2259 3874 so

665 3919 784 3982 Essent
807 3920 919 4005 utiquc
943 3918 1046 4005 plura,
1072 3942 1155 4004 quae
1180 3919 1233 3983 hic
1258 3919 1492 3998 ratiocinando,
1517 3920 1567 3983 his
1583 3943 1643 4005 per
1659 3922 1766 3985 omnia
1783 3944 1936 4006 congrua,
1962 3920 2027 3985 dici
2042 3919 2095 3983 vel
2112 3919 2211 3984 scribi

558 4028 748 4112 potuissent,
773 4027 799 4088 si
824 4037 880 4089 aut
903 4024 1047 4088 brevitas
1072 4027 1227 4111 temporis
1250 4027 1454 4113 pennitteret
1477 4037 1533 4090 aut
1556 4026 1592 4090 id
1614 4026 1724 4112 aliqua
1747 4027 1789 4091 ad
1807 4051 1846 4091 ca
1866 4026 2090 4092 confirmanda
2113 4025 2211 4090 scribi

559 4135 736 4196 necessitas
760 4132 982 4217 poposcisset'.

665 4256 963 4322 AUCTORITAS.
1017 4258 1078 4321 llis
1114 4259 1210 4320 etiam
1247 4280 1306 4343 pro
1341 4258 1563 4321 satisfactione
1594 4259 1833 4344 praedictorum
1863 4258 1998 4322 fratrum
2029 4268 2212 4321 nostrorum

558 4364 610 4428 vel
634 4363 793 4427 ecclesiae
818 4364 967 4450 superius
992 4365 1233 4427 commemorati
1257 4365 1350 4449 regni
1374 4366 1408 4428 in
1432 4388 1500 4442 sua,
1526 4366 1602 4450 quia
1619 4364 1712 4428 aliter
1728 4388 1799 4428 esse
1817 4388 1881 4427 nou
1898 4366 2011 4451 potuit,
2036 4364 2210 4450 separatim
2231 4386 2259 4426 ss

558 4471 714 4534 relatione
738 4470 791 4534 vel
815 4471 898 4533 serie
923 4483 1145 4556 competenter
1168 4472 1366 4556 praemissis,
1389 4483 1426 4535 ut
1450 4473 1645 4557 quicumque
1669 4472 1894 4535 ratiocinando
1919 4473 2101 4535 animosus
2119 4471 2211 4534 satis·

557 4578 666 4642 lacere
690 4577 839 4656 voluerit,
870 4600 929 4641 cur
958 4576 1073 4640 cadem
1104 4577 1245 4640 ecclesia
1268 4577 1325 4641 tali
1350 4601 1384 4641 se
1408 4578 1629 4642 moderamine
1654 4578 1715 4641 hac
1740 4579 1773 4641 in
1797 4600 1832 4641 re
1857 4601 1899 4641 ex
1923 4578 2064 4664 antiquis
2088 4589 2210 4662 tempo·

558 4683 647 4748 ribus
672 4685 704 4747 in
728 4682 888 4746 habendis
912 4682 965 4746 vel
989 4707 1052 4747 uon
1078 4682 1237 4746 habendis
1262 4683 1457 4770 imaginibus
1482 4697 1623 4748 tractare
1647 4683 1795 4758 volucrit,
1827 4695 1917 4748 tanto
1948 4684 2211 4770 compendiosius

558 4792 665 4855 facere
690 4792 801 4876 possit,
827 4803 948 4876 quanto
971 4814 1036 4853 non
1060 4791 1208 4876 sparsim.
1234 4791 1293 4855 sed
1309 4791 1403 4855 simul
1420 4814 1548 4854 sensum
1566 4790 1694 4854 illorum
1711 4801 1867 4877 oportune
1885 4791 2055 4855 collectum
2072 4790 2210 4876 legendo

558 4897 729 4961 addiscere
760 4898 887 4983 poterit,
919 4896 1015 4960 ruodo
1047 4909 1155 4961 autem
1188 4896 1303 4961 cadem
1334 4899 1415 4961 ratio
1446 4897 1550 4974 docet,
1583 4899 1666 4961 sicut
1696 4904 1816 4983 supral
1840 4899 2058 4983 significatum
2087 4909 2145 4978 est,
2176 4908 2211 4961 ut
2230 4920 2259 4958 ro

557 5028 644 5068 nunc
668 5003 710 5066 ad
734 5005 959 5067 auctoritatem
984 5015 1170 5067 sanctorum
1194 5017 1333 5090 patrum,
1359 5005 1413 5089 qui
1430 5004 1505 5067 inde
1523 5003 1647 5090 aliquid
1664 5006 1863 5090 scripserunt
1879 5003 2038 5090 nobisque
2055 5005 2210 5089 scriptum

558 5111 768 5196 reliquerunt,
785 5109 957 5173 redeamus
974 5123 1006 5173 et
1022 5109 1203 5188 videamus,
1227 5111 1254 5173 si
1271 5109 1386 5173 eadem
1403 5112 1578 5174 arrctoritas
1595 5112 1809 5195 praemissam
1826 5113 1985 5175 rationem
2002 5109 2210 5197 congruendo

558 5217 719 5280 affirmare
744 5215 864 5280 debeat
887 5240 928 5280 an
953 5239 1027 5282 non.

665 5322 805 5386 Videtur
827 5323 927 5408 igitur
950 5321 1053 5404 nobis,
1086 5324 1234 5409 quamvis
1265 5321 1373 5407 plures
1404 5322 1480 5385 inde
1511 5325 1543 5386 in
1575 5323 1708 5410 reliquis
1739 5324 1930 5389 tractatibus
1955 5326 2031 5400 suis,
2064 5347 2145 5411 quos
2169 5324 2209 5388 de

559 5441 643 5494 statu
678 5441 810 5493 sanctae
841 5429 906 5493 Dei
942 5429 1101 5493 ecclesiae
1138 5430 1316 5515 inspirante
1352 5427 1475 5514 Spiritu
1510 5440 1622 5494 sancto
1659 5430 1801 5496 studiose
1837 5443 2020 5512 texuerunt,
2056 5430 2210 5496 nonnulla
2229 5451 2259 5491 rs

668 5633 698 5681 12
718 5631 764 5680 ido
785 5630 816 5680 P.
877 5633 911 5681 20
931 5629 1050 5681 inlaesus
1071 5629 1101 5680 P.
1164 5632 1197 5680 22
1217 5625 1366 5691 adorando]
1389 5630 1491 5680 orande
1513 5629 1542 5679 P.
1606 5633 1709 5681 aanor
1730 5626 1778 5696 illi]
1799 5632 1899 5683 stillis
1921 5632 1950 5682 P.
2015 5634 2049 5682 32
2069 5627 2114 5694 sd]
2136 5635 2159 5682 si
2179 5631 2210 5682 P.

559 5719 743 5770 confirmando
764 5719 793 5769 P.

670 5901 698 5970 l)
723 5901 754 5957 V.
777 5921 867 5976 supro
886 5921 918 5976 p.
937 5906 998 5959 523
1022 5902 1040 5956 l.
1059 5904 1100 5959 32
1114 5920 1175 5976 sqq.
