4884 6717
348 2231 367 2271 1.
377 2229 452 2278 lom,
461 2230 494 2268 18.

336 2340 355 2379 1.
362 2336 412 2380 eor.
420 2336 454 2385 1⁰,
461 2338 493 2377 11.

513 521 577 584 522
984 527 1036 583 44.
1073 526 1290 583 cunensium
1314 525 1539 580 PABlSlENSE
1563 526 1600 580 A.
1622 524 1696 580 825.

513 725 627 779 sancta
649 714 745 801 plebe
768 737 833 778 non
858 714 961 779 solum
985 713 1117 794 habere,
1150 712 1207 777 sed
1237 714 1335 777 etiam
1359 712 1496 776 adorare
1520 711 1642 775 volunt.
1691 711 1837 792 Quorum
1861 712 2081 778 altercationis
2105 713 2169 776 dis-

514 819 645 885 cordiae
679 821 911 885 sumnra*talis
944 831 1003 902 est,
1033 834 1069 885 nt
1101 819 1248 885 nolentes
1280 819 1351 883 illas
1384 817 1506 883 habere
1540 819 1686 882 volentes
1716 842 1777 883 nec
1808 819 1928 884 habere
1954 821 2169 900 consentiant,

513 926 659 991 volentes
682 950 761 991 vero
786 927 932 992 nolentes
956 929 1054 991 etiam
1078 926 1214 992 adorare
1240 925 1452 1012 compellant3
1477 927 1533 1011 qui
1557 925 1633 989 hinc
1658 938 1689 988 et
1708 926 1784 989 inde
1800 928 1833 990 in
1851 926 1982 990 diversa
1997 925 2169 990 tendentes

512 1032 671 1098 adversus
702 1033 903 1116 alterutrum,
934 1036 1003 1098 sive
1034 1034 1176 1098 humana
1205 1033 1487 1118 argumentatione
1518 1031 1571 1095 vel
1602 1034 1727 1096 ratione
1759 1033 1828 1095 sive
1861 1035 1958 1097 etiam
1991 1056 2033 1096 ex
2057 1033 2170 1096 divina

512 1142 706 1205 auctoritate
741 1141 794 1204 vel
829 1151 1015 1205 sanctorum
1050 1153 1177 1227 patrum
1214 1140 1355 1225 scriptis,
1390 1138 1551 1203 voluntati
1586 1160 1664 1202 suae
1699 1151 1856 1225 excerpta
1885 1139 1939 1203 vel
1974 1151 2201 1203 coacervatas

513 1246 646 1328 habent,
677 1258 713 1311 ut
742 1249 889 1334 utrisque
920 1247 1061 1328 videtur,
1093 1269 1238 1331 congrua
1267 1246 1408 1333 plurima
1431 1247 1625 1327 testimonia,
1657 1245 1775 1332 quibus
1799 1257 1832 1310 et
1859 1247 1913 1309 isti
1944 1269 2036 1310 suam
2067 1258 2099 1310 ct
2121 1245 2167 1310 illi

515 1365 649 1418 econtra
671 1354 841 1418 vindicare
866 1366 899 1419 et
922 1353 1068 1418 obtinere
1094 1377 1185 1418 suam
1209 1364 1325 1439 putant
1348 1374 1443 1439 posse
1469 1354 1672 1416 sententiam.

620 1460 728 1541 Unde,
753 1461 836 1525 sicut
861 1460 994 1546 dignum
1019 1474 1050 1524 et
1073 1482 1151 1524 vere
1176 1459 1309 1545 dignum
1334 1472 1367 1522 ct
1390 1461 1514 1547 iustum,
1535 1471 1593 1540 est,
1624 1471 1660 1522 ut
1689 1469 1866 1544 praeeunte
1892 1459 2032 1545 Spiritus
2064 1460 2170 1523 sancti

513 1569 631 1632 virtute
656 1567 709 1631 ille
733 1569 819 1631 inter
843 1589 898 1631 eos
929 1569 963 1631 in
993 1568 1124 1631 nomine
1149 1566 1284 1631 Domini
1314 1566 1392 1630 talia
1416 1577 1621 1630 correcturus
1652 1577 1684 1629 et
1714 1565 1756 1629 ad
1780 1567 1867 1630 viam
1898 1567 2044 1629 veritatis
2077 1588 2170 1630 sanc·

513 1675 636 1737 tissime
669 1673 890 1738 moderamine
920 1673 1113 1738 reducturus
1148 1674 1272 1759 primns
1307 1675 1341 1736 in
1376 1671 1562 1737 hominibus
1597 1671 1720 1736 arbiter
1754 1686 1913 1752 occurrat,
1949 1695 2046 1758 quem
2076 1672 2170 1736 Deus
2190 1698 2216 1734 ro

514 1782 719 1866 omnipotens
742 1783 776 1843 in
800 1780 877 1843 sede
902 1780 1082 1865 apostolica
1105 1779 1265 1844 collocare
1291 1801 1467 1865 eorumque
1491 1780 1651 1843 vicarium
1676 1778 1783 1843 eidem
1806 1790 1939 1842 sanetae
1964 1800 2042 1843 suae
2066 1778 2169 1842 ecclc·

515 1889 583 1952 siae
615 1887 693 1950 dare
725 1886 877 1971 dignatus
908 1899 1023 1950 est-
1054 1898 1087 1950 ct
1117 1885 1158 1950 ob
1190 1886 1253 1950 hoc
1284 1888 1314 1950 ei
1344 1909 1462 1949 nomen
1493 1885 1635 1971 speciale
1666 1886 1699 1949 in
1731 1897 1797 1948 toto
1828 1884 1907 1948 orbe
1939 1899 2098 1949 terrarum
2128 1883 2170 1949 ab

517 1993 632 2058 cadem
657 2005 771 2057 sancta
794 1994 859 2057 Dei
884 1992 1025 2057 ecclesia
1054 2015 1132 2079 prae
1164 1992 1313 2057 omnibus
1337 1991 1545 2078 pontificibus
1570 1991 1737 2056 decretum
1761 2004 1820 2070 est,
1853 2005 1888 2055 ut
1911 1991 1997 2055 solus
2020 2015 2086 2055 non
2110 2014 2171 2056 sua

514 2100 682 2180 abusione,
707 2099 765 2163 scd
788 2111 950 2164 tantorum
974 2100 1193 2185 apostolorum
1217 2102 1409 2164 auctoritate
1426 2099 1620 2164 universalis
1635 2120 1723 2185 papa
1740 2097 1877 2180 dicatur,
1902 2097 2064 2163 scribatur
2080 2109 2114 2162 et
2129 2098 2169 2163 ab

516 2206 666 2271 omnibns
689 2206 849 2271 habeatur
865 2246 908 2254 —-
925 2218 957 2269 et
980 2207 1066 2292 quia,
1091 2208 1176 2271 sicut
1199 2206 1349 2270 omnibus
1372 2217 1484 2270 notum
1501 2217 1558 2286 est,
1580 2205 1708 2269 dicente
1725 2204 1870 2268 Iohanne
1887 2205 2051 2290 apostolo:
2076 2205 2167 2270 Horo
2190 2229 2216 2267 rs

514 2317 687 2378 tzorsfsaium
711 2329 755 2378 eat
777 2325 809 2377 ct
824 2312 943 2377 Paulo:
968 2314 1047 2394 Noa,
1072 2318 1104 2378 iu
1128 2339 1205 2400 quos
1220 2317 1306 2401 fines
1328 2314 1523 2377 saeculorum
1549 2313 1745 2391 devenerunt,
1770 2321 1801 2374 et
1817 2311 1891 2374 ideo
1908 2321 2036 2396 tempus
2060 2312 2168 2390 instat,

516 2419 586 2483 dies
610 2420 723 2484 iudicii
747 2419 870 2506 absque
895 2419 961 2484 ulla
985 2420 1137 2484 diuturna
1160 2419 1314 2483 dilatione
1339 2421 1589 2505 appropinquat,
1622 2417 1701 2481 nulli
1732 2417 1877 2498 dubium,
1910 2419 1988 2503 quin
2019 2417 2169 2482 diabolus

514 2528 600 2591 inter
622 2526 747 2613 reliqua
770 2527 961 2613 perditionis
986 2549 1064 2590 suae
1088 2537 1281 2611 argumenta
1304 2526 1383 2590 illud
1406 2527 1582 2611 praecipue
1608 2524 1784 2604 contendit,
1810 2527 1902 2588 utin
1922 2526 2098 2588 novissimo
2116 2524 2169 2588 die

516 2645 649 2697 sanctae
673 2634 738 2697 Dei
769 2632 928 2697 ecclesiae
961 2634 1129 2698 caritatem
1160 2644 1307 2696 mutuam
1338 2631 1475 2712 scindat,
1506 2633 1752 2696 unanimitatem
1782 2615 1842 2717 per
1873 2629 2053 2717 quamlibet
2076 2653 2169 2694 occa·

517 2742 641 2804 sionem
656 2740 769 2822 findat,
793 2740 922 2804 viscera
945 2740 1127 2804 dilectionis
1152 2751 1348 2825 corrumpat,
1372 2751 1408 2802 ut
1424 2762 1495 2803 eam
1511 2761 1576 2802 rron
1592 2741 1625 2802 in
1642 2761 1723 2824 pace
1741 2739 1889 2824 superius
1907 2747 2169 2817 commemorata,
2191 2761 2218 2799 ao

517 2847 576 2911 sed
592 2846 761 2910 discissam
779 2857 811 2909 et
829 2846 1006 2910 laceratam
1030 2846 1100 2910 dies
1124 2845 1177 2909 ille
1201 2846 1381 2910 horrendus
1405 2846 1560 2909 inveniat.
1597 2845 1664 2911 Sed
1687 2869 1748 2909 nec
1771 2843 1852 2908 illud
1875 2844 1963 2926 latet,
1988 2843 2076 2930 quod
2099 2845 2170 2930 ipse

516 2953 632 3018 infelix
661 2953 840 3018 infelicium
870 2953 1136 3039 miserrimusque
1168 2954 1311 3016 omnium
1341 2954 1532 3016 miserorum
1563 2975 1628 3016 non
1653 2963 1753 3028 curat,
1786 2975 1845 3037 per
1874 2950 2054 3037 quamlibet
2076 2973 2171 3014 occa-

517 3062 643 3125 sionem
667 3060 879 3147 corporalem,
905 3059 1092 3145 spiritalem,
1117 3058 1325 3140 mundanam,
1350 3058 1606 3123 ecclesiasticam
1630 3058 1663 3121 id
1680 3058 1809 3121 efficere
1826 3060 1938 3144 possit,
1963 3058 2039 3121 dnm
2061 3068 2170 3120 tamen

517 3166 663 3254 quolibet
686 3180 876 3252 argumento
901 3168 970 3230 eius
986 3166 1059 3230 Deo
1080 3166 1247 3252 placitam,
1271 3178 1415 3229 mutuam
1433 3167 1466 3228 in
1483 3165 1649 3250 diligendo
1666 3164 1860 3229 soliditatem
1878 3164 2028 3229 scindere
2044 3163 2169 3247 valeat,

517 3287 550 3338 et
574 3298 647 3339 curn
671 3276 844 3338 universus
869 3275 899 3337 ei
924 3272 1164 3338 ecclesiasticus
1189 3272 1268 3336 ordo
1292 3274 1407 3336 merito
1432 3271 1566 3336 obviare
1591 3270 1718 3350 debeat,
1751 3270 1857 3334 nullus
1887 3283 1996 3335 tamen
2025 3269 2085 3334 sub
2109 3270 2172 3334 hac
2189 3293 2217 3331 as

518 3381 704 3445 conditione
728 3383 843 3445 maiori
867 3381 1098 3470 constringitur
1122 3378 1232 3443 debito
1257 3402 1354 3465 quam
1379 3378 1443 3460 ille,
1475 3380 1531 3465 qui
1561 3389 1650 3442 tanto
1682 3379 1714 3441 in
1739 3377 1816 3441 sede
1842 3377 2020 3463 apostolica
2044 3376 2171 3441 illorum

518 3489 709 3552 auctoritate
734 3511 792 3573 pro
816 3510 928 3550 eorum
951 3487 1136 3550 reverentia
1158 3487 1192 3549 in
1215 3484 1394 3549 universali
1410 3485 1530 3550 mundo
1546 3508 1584 3549 ac
1601 3484 1657 3549 tali
1674 3484 1826 3548 honorari
1846 3485 1964 3547 meruit
1980 3483 2175 3570 privilegi03-

519 3596 574 3680 qui
604 3607 714 3659 tamen
744 3593 939 3657 universalis
966 3594 1082 3657 merito
1113 3616 1177 3656 non
1208 3592 1337 3674 dicitur,
1373 3593 1401 3655 si
1430 3615 1489 3678 pro
1520 3591 1696 3655 universali
1728 3590 1888 3655 ecclcsiae
1921 3603 2006 3655 statu
2034 3589 2170 3672 viribus,

518 3699 636 3787 quibus
659 3699 756 3782 valet,
780 3723 845 3764 non
870 3701 1069 3786 agonizatur.

625 3808 729 3889 Haec,
754 3807 872 3872 domne
895 3820 989 3893 pater
1013 3830 1051 3871 ac
1074 3818 1140 3871 toto
1165 3805 1286 3870 mundo
1310 3805 1497 3869 venerande
1522 3818 1619 3891 atque
1648 3804 1827 3868 reverende
1859 3806 2061 3868 sanctissime
2092 3827 2170 3889 pon·
2190 3828 2218 3866 so

518 3914 611 3997 tifex,
640 3915 682 3978 ad
706 3913 935 3979 insinuandam
959 3915 1107 3978 intanta
1137 3936 1172 3977 re
1196 3914 1314 3977 mentis
1338 3926 1468 3975 nostrae
1501 3912 1707 3976 devotionem
1737 3912 1946 3996 praemittere
1978 3910 2169 3975 studuimus.

624 4020 755 4085 Abhinc
779 4044 868 4103 vero,
899 4022 971 4085 sia
992 4021 1066 4084 Deo
1091 4019 1317 4084 conservanda
1347 4018 1474 4083 almitas
1504 4030 1614 4083 vestra
1637 4021 1682 4082 ita
1705 4018 1850 4103 elegerit,
1874 4040 1940 4081 non
1963 4018 2169 4100 insinuando,

518 4129 577 4193 sed
612 4127 828 4209 admonendo,
864 4127 1004 4213 qualiter
1034 4128 1213 4191 communis
1244 4126 1364 4211 legatio
1399 4137 1510 4189 nostra
1541 4126 1582 4189 ad
1612 4125 1700 4189 illam
1731 4137 1877 4189 sarratam
1901 4124 1966 4188 Dei
1998 4123 2170 4188 ecclesiam

519 4235 745 4321 corrigendam
780 4234 877 4320 dirigi
912 4235 1025 4320 possit,
1060 4232 1252 4297 subnectere
1288 4232 1485 4315 curabimus
1520 4255 1585 4296 non
1619 4242 1655 4295 ut
1689 4244 1821 4296 sanctae
1857 4243 1889 4295 et
1919 4254 1939 4294 a
1969 4230 2042 4294 Deo
2074 4230 2170 4294 datae

518 4342 698 4428 sapientiae
722 4352 862 4423 vestrae,
886 4339 974 4427 quod
998 4338 1091 4420 absit,
1115 4339 1211 4403 altius
1235 4339 1469 4425 sublimiusque
1493 4338 1723 4425 progrediendi
1747 4339 1920 4401 terminum
1939 4360 2060 4424 ponere
2077 4360 2169 4423 prae·
2189 4358 2217 4397 as

518 4449 760 4535 sumpserimus,
785 4447 844 4512 scd
867 4470 908 4511 ne
929 4446 974 4528 id,
999 4446 1085 4532 quod
1103 4446 1222 4510 exinde
1240 4445 1333 4510 nobis
1351 4447 1580 4532 omnipotentis
1596 4445 1661 4508 Dei
1677 4443 1902 4508 misericordia
1918 4444 1961 4508 ad
1977 4442 2170 4530 obsequium

517 4567 662 4619 vestrum
685 4567 718 4618 ct
741 4554 877 4619 salutem
901 4568 1044 4618 nostram
1065 4553 1212 4616 conferre
1237 4552 1371 4637 dignata
1391 4565 1450 4635 est,
1475 4552 1602 4616 silentio
1619 4564 1813 4636 tegeremus
1851 4551 1942 4616 Sicut
1956 4551 2057 4614 filium
2075 4550 2171 4615 decet

517 4664 629 4748 patris,
660 4664 693 4726 in
724 4663 848 4746 gremio
879 4661 1039 4725 examinis
1069 4661 1169 4723 vestri
1201 4659 1441 4739 collocavimus,
1473 4658 1587 4722 conlisi
1617 4660 1651 4721 in
1679 4659 1832 4739 Domino,
1865 4657 1952 4744 quod
1982 4658 2052 4744 ipse
2076 4656 2170 4721 vobis

517 4769 637 4833 exinde
662 4769 749 4855 quod
773 4767 835 4831 sibi
859 4767 1013 4853 placitum
1039 4777 1071 4831 ct
1093 4765 1297 4852 acceptabile
1322 4779 1371 4829 est
1393 4765 1552 4851 inspirare
1577 4763 1774 4849 dignabitur.

625 4876 692 4941 Nos
716 4888 824 4939 tamen
848 4897 914 4938 non
938 4873 1098 4959 synodum
1123 4871 1364 4958 congregando,
1389 4872 1458 4952 sed,
1483 4870 1757 4958 quemadmodum
1782 4893 1802 4933 a
1817 4868 1911 4934 vobis
1935 4870 2170 4956 postulavimus
2189 4893 2218 4931 ro

517 4983 746 5068 licentiamque
771 4980 892 5066 agendi
916 4981 1121 5067 percepimus
1133 4985 1154 5062 ¹,
1178 5002 1244 5043 una
1267 5002 1341 5042 cum
1365 4976 1578 5043 familiaribus
1593 4979 1722 5058 nostris,
1746 4976 1822 5040 filiis
1838 4978 1987 5057 vestrisss',
2013 4989 2170 5063 qnantum

517 5113 575 5176 pro
599 5087 832 5176 multiplicibus
857 5085 1128 5152 sollicitudinibus
1152 5087 1245 5171 regni
1270 5085 1407 5149 diversis
1431 5086 1581 5172 occupati
1605 5107 1665 5170 per
1687 5082 1858 5148 intervalla
1888 5085 2063 5169 potuimus,
2094 5106 2169 5148 con·

518 5196 663 5260 siderare
688 5195 878 5276 studuimus,
903 5193 983 5281 quid
1006 5193 1142 5257 almitati
1166 5204 1294 5256 vestrae
1326 5191 1366 5256 de
1396 5202 1487 5255 tanta
1511 5192 1705 5255 necessitate
1731 5190 1915 5276 significare
1939 5192 2168 5276 potuissemus,

624 5455 657 5503 26
677 5447 796 5514 illorum}
816 5451 868 5500 scil.
889 5448 1086 5515 apostolorum.
1155 5450 1188 5497 33
1208 5441 1498 5510 illam-ecclesiam]
1517 5447 1569 5496 scil.
1590 5448 1695 5513 imperii
1710 5444 1899 5497 Orientalium.
1967 5448 2000 5497 at
2021 5453 2047 5496 ct
2058 5445 2125 5496 deest
2138 5441 2169 5497 P.

626 5661 654 5745 1)
681 5668 729 5741 CJ.
751 5669 871 5736 Siurson,
892 5670 910 5722 l.
928 5669 947 5723 l.
968 5666 991 5732 1,
1009 5670 1073 5724 248
1095 5685 1164 5721 aran.
1183 5669 1210 5723 3.
1286 5654 1316 5740 2)
1342 5663 1456 5738 Syuodo
1479 5663 1674 5734 interfuerunt
1696 5663 1857 5720 Hieremias
1881 5662 2051 5720 dertonensis
2073 5662 2169 5719 arcti·
2187 5681 2217 5720 ts

515 5777 670 5853 episcopua,
687 5776 774 5832 Iouna
790 5774 1012 5840 Aurelianensis,
1031 5773 1186 5842 Freculfus
1203 5769 1396 5839 Leaeovieusis,
1413 5768 1595 5846 Halitparins
1609 5769 1831 5840 Cauteracensis,
1844 5769 2010 5826 Arrtalarina
2024 5770 2169 5828 illettensis

516 5883 646 5960 episcopi,
664 5882 824 5958 eldegarius
840 5881 971 5956 qnidam,
988 5881 1028 5950 rs.
1048 5879 1167 5947 Sitrison,
1188 5879 1206 5933 l.
1224 5879 1242 5933 l.
1264 5876 1863 5951 twann.10.atamenamaapra
1878 5895 1911 5951 p.
1930 5879 1971 5935 47
1973 5883 1991 5935 3
2014 5879 2032 5934 l.
2051 5881 2090 5936 35
2106 5897 2167 5953 sqq.
