4884 6717
523 475 588 536 476
1011 478 1062 533 44.
1088 476 1307 534 CONCILIUM
1331 477 1558 535 Paalslansa
1583 479 1617 533 A.
1639 477 1715 534 825.

632 666 708 731 Duo
738 666 825 730 enim
855 664 1000 751 capitula
1028 688 1149 751 magna
1179 676 1211 729 et
1241 666 1419 753 praecipua
1449 676 1500 729 est
1527 664 1622 729 nobis
1653 664 1744 729 cordi
1774 665 1935 746 intimare,
1971 687 2070 730 unum
2100 665 2180 752 qnia

524 773 700 860 dispositor
730 773 872 836 omnium
901 770 1061 836 bonarum
1083 794 1202 854 rerum,
1234 771 1383 837 dominus
1407 772 1499 836 lesus
1523 770 1671 837 Christus
1701 794 1799 835 verus
1822 771 1925 852 Deus,
1956 793 2015 835 nos
2039 771 2179 837 adduxit

525 879 569 943 ad
591 879 720 965 imperii
743 876 946 964 dignitatem,
971 877 1108 943 alterum
1132 879 1209 964 quia
1231 879 1378 964 permisit
1401 890 1534 964 propter
1557 877 1718 964 quaedam
1742 888 1880 963 peccata
1903 875 2042 941 subiecti
2065 877 2178 964 populi

525 987 576 1050 sui
598 986 772 1072 provenire
796 984 954 1070 quasdam
978 983 1214 1049 tribulationes.
1263 984 1329 1049 Sed
1352 995 1388 1050 ut
1410 984 1538 1049 facilins
1562 984 1698 1070 intelligi
1721 985 1832 1070 possit,
1860 982 2005 1048 breviori
2028 1006 2178 1049 sermone

525 1090 748 1178 conprehendi
770 1101 887 1176 potest.
934 1090 1089 1155 Attamen
1113 1113 1248 1155 necesse
1272 1090 1366 1155 nobis
1390 1091 1529 1172 videtur,
1559 1101 1596 1155 ut
1618 1091 1745 1154 initium
1769 1092 1827 1171 rei,
1853 1113 1951 1176 quam
1973 1092 2213 1176 prosecuturi⁶

525 1221 646 1279 sumus,
670 1207 810 1263 tractare
834 1197 1024 1262 inchoemus
1047 1197 1110 1262 hoc
1133 1197 1241 1261 modo.

631 1305 757 1391 Igiturl
791 1316 938 1390 tempore
972 1304 1092 1368 Leonis
1103 1310 1124 1379 ²,
1161 1305 1216 1389 qui
1251 1315 1326 1368 ante
1361 1326 1420 1368 nas
1450 1304 1511 1369 hoc
1547 1305 1718 1390 imperium
1753 1304 1867 1384 tenuit,
1903 1303 2035 1390 quidam
2070 1305 2177 1384 homo,

526 1412 669 1477 Thomas
699 1412 839 1492 nomine,
871 1411 995 1496 antiqui
1019 1409 1142 1475 diaboli
1169 1410 1348 1496 discipulus
1372 1411 1498 1475 eteius
1527 1432 1660 1496 operum
1688 1421 1856 1496 promptus
1880 1422 2084 1496 perpetrator
2106 1412 2177 1476 fuit.

525 1519 568 1600 Is,
593 1542 666 1583 cum
691 1529 778 1581 esset
801 1516 931 1581 cuidam
956 1539 999 1580 ex
1021 1518 1173 1581 maximis
1197 1509 1543 1603 patriciissubiectus,
1574 1527 1731 1602 tempore,
1762 1539 1825 1603 quo
1849 1516 1984 1581 Harena
2006 1518 2178 1603 imperium

526 1627 629 1689 tenuit
638 1629 660 1705 Β,
684 1623 834 1688 fraudem
858 1635 1011 1710 operatus
1035 1625 1140 1687 estin
1164 1622 1330 1687 dominum
1355 1647 1459 1702 suum,
1484 1623 1610 1688 scilicet
1632 1621 1809 1687 concubuit
1831 1646 1905 1687 cum
1928 1646 2031 1688 uxore
2056 1623 2178 1688 domini
2200 1643 2227 1681 ιο

526 1733 587 1796 sui.
623 1730 706 1795 Cum
731 1730 811 1794 haec
835 1752 887 1794 res
912 1730 954 1794 ad
977 1731 1124 1794 notitiam
1148 1732 1362 1816 pervenisset,
1387 1731 1531 1817 profugit
1553 1732 1588 1793 in
1610 1730 1740 1810 Persas,
1764 1732 1882 1794 timens
1906 1729 2044 1816 legalem
2068 1730 2178 1795 subire

527 1839 730 1902 sententiam.
778 1837 844 1918 Qui
868 1860 942 1901 curn
965 1836 1031 1901 illic
1055 1841 1162 1901 r‘noras
1186 1837 1319 1901 fecisset
1342 1859 1361 1900 a
1385 1836 1500 1901 diebus
1524 1837 1690 1923 praefatae
1714 1836 1866 1901 Harenas
1893 1859 1996 1923 nsque
2020 1837 2062 1901 ad
2085 1860 2178 1924 prae-

527 1944 650 2009 dictum
672 1945 828 2026 Leonem,
859 1943 955 2008 fidem
981 1942 1101 2007 Christi
1131 1942 1299 2029 abnegans
1330 1955 1362 2007 et
1392 1942 1453 2008 hoc
1484 1944 1579 2008 modo
1610 1943 1755 2029 proditor
1777 1942 1854 2006 fidei
1878 1943 2084 2008 Christianae
2107 1944 2177 2024 fuit,

528 2074 591 2138 quo
616 2051 743 2116 facilius
767 2052 926 2137 potuisset
949 2049 1065 2114 multos
1088 2049 1237 2114 infideles
1261 2049 1516 2114 Sarracenorum
1541 2061 1573 2114 et
1596 2061 1777 2114 ceterarum
1801 2049 1938 2114 aliarum
1966 2051 2111 2136 gentium
2135 2051 2177 2114 ad

528 2182 619 2223 suam
649 2157 830 2243 perducere
854 2156 1064 2238 voluntatem,
1095 2154 1356 2242 suggerebatque
1388 2158 1445 2238 eis,
1478 2156 1565 2244 quod
1595 2158 1666 2243 ipse
1690 2166 1776 2220 esset
1799 2154 2063 2238 Constantinus⁴,
2094 2156 2178 2220 filius
2200 2176 2226 2214 rt

528 2287 626 2352 saepe
651 2264 758 2328 dictae
782 2264 935 2328 Harenas
958 2264 1185 2348 imperatricis
1217 2275 1250 2326 et
1280 2263 1366 2348 quod
1397 2262 1479 2327 alter
1501 2286 1560 2349 pro
1585 2286 1623 2326 eo
1648 2273 1734 2326 esset
1757 2262 1858 2326 oculis
1882 2263 2029 2350 privatus
2053 2265 2178 2349 etipse

527 2371 639 2436 inlesis
664 2371 764 2435 oculis
789 2393 888 2434 sanus
912 2371 1080 2434 evasisset.
1126 2370 1191 2434 Pro
1216 2392 1282 2455 qua
1305 2392 1340 2433 re
1364 2370 1523 2455 praedicti
1547 2368 1685 2456 gentiles
1709 2370 1740 2433 ei
1764 2368 1991 2433 adhaeserunt.
2034 2371 2178 2435 Primum

528 2478 660 2564 quidem
684 2478 792 2563 coepit
816 2477 960 2541 cumeis
985 2498 1140 2540 exercere
1164 2475 1335 2540 latrocinia
1365 2487 1398 2540 et
1427 2476 1507 2540 alios
1537 2477 1571 2539 vi
1601 2474 1732 2539 sibimet
1754 2477 1889 2558 sociare,
1919 2476 2076 2562 quosdam
2099 2499 2178 2541 vero

527 2609 587 2672 per
616 2585 780 2649 dationem
810 2584 1033 2669 pecuniarum,
1069 2581 1229 2669 quosdam
1264 2582 1395 2668 quidem
1430 2582 1587 2647 honorum
1624 2593 1657 2646 et
1687 2582 1882 2667 dignitatum
1911 2583 2178 2669 promissionibus

528 2691 723 2757 sollicitavit.
759 2691 803 2754 Et
820 2701 855 2754 ut
871 2691 953 2754 haec
973 2689 1226 2775 conpendiosius
1243 2688 1468 2775 expediamus,
1493 2712 1566 2753 cum
1591 2689 1678 2753 idem
1695 2689 1837 2754 Thomas
1854 2691 1968 2753 exiens
1985 2689 2026 2754 de
2042 2690 2178 2755 Perside
2198 2710 2226 2748 2⁰

527 2822 601 2864 cum
626 2798 816 2863 sarracenis
847 2808 880 2860 et
910 2796 1029 2872 Persis,
1060 2794 1204 2876 Hiberis,
1235 2796 1400 2860 Armeniis
1431 2807 1464 2860 et
1485 2795 1628 2882 Avasgis
1659 2807 1691 2860 et
1720 2796 1854 2883 reliquis
1884 2797 2037 2882 gentibus
2068 2797 2178 2862 alieni·

526 2929 683 2992 genarum
712 2917 858 2990 tempore
889 2903 1049 2989 praedicti
1072 2903 1193 2966 Leonis
1225 2901 1332 2966 subito
1363 2924 1436 2967 cum
1467 2903 1637 2988 praedicta
1666 2925 1764 2967 manu
1794 2903 1904 2968 valida
1934 2903 2179 2991 perprocliaret,

527 3014 708 3099 direptione
733 3009 795 3075 sibi
819 3009 965 3073 subdidit
988 3020 1090 3073 toturn
1113 3009 1311 3073 Armoeniae
1335 3008 1499 3088 ducatum,
1530 3008 1625 3072 simul
1653 3020 1686 3073 et
1708 3009 1862 3074 ducatum
1887 3009 2063 3093 Chaldeae,
2095 3034 2178 3098 quae

525 3143 606 3204 gens
636 3129 779 3183 montem
810 3115 994 3180 Caucasum
1018 3115 1140 3196 incolit,
1171 3138 1300 3179 necnon
1330 3128 1363 3179 et
1392 3115 1509 3180 ducem
1536 3117 1806 3180 Armeniacoruru
1837 3140 1910 3182 cum
1941 3141 2039 3182 manu
2069 3103 2180 3181 valida

526 3225 657 3290 devicit.
2198 3242 2228 3281 ’ὁ

633 3332 695 3396 His
720 3354 798 3416 ergo
822 3332 869 3395 ita
893 3331 1003 3415 gestis,
1027 3339 1063 3393 ut
1085 3327 1226 3414 plurima
1249 3330 1433 3393 omittamus
1456 3341 1589 3416 propter
1612 3328 1867 3415 superfluitatem
1884 3329 2068 3412 verborum,
2093 3354 2178 3418 quae

527 3440 561 3503 in
586 3438 645 3503 hac
669 3449 861 3525 tempestate
886 3434 1129 3501 tribulationum
1154 3438 1369 3521 contigerunt,
1401 3437 1470 3499 eius
1500 3438 1630 3522 tyranni
1655 3438 1810 3522 impetum
1833 3460 1898 3501 non
1922 3437 2034 3501 valens
2058 3460 2178 3502 memo·

527 3558 616 3610 ratus
633 3545 700 3609 Leo
725 3547 901 3631 imperator
925 3544 1084 3607 sustinere
1101 3543 1182 3606 etin
1199 3542 1249 3605 his
1266 3542 1424 3627 angustiis
1442 3544 1644 3623 constitutus,
1669 3542 1709 3606 de
1725 3545 1972 3628 recuperatione
1989 3545 2177 3631 desperans,

526 3676 547 3717 a
571 3650 766 3739 quibusdam
790 3649 947 3738 inprobis,
979 3649 1201 3714 coniuratione
1225 3650 1259 3712 in
1283 3671 1357 3713 eum
1381 3649 1478 3730 facta,
1502 3647 1608 3713 subito
1633 3651 1759 3713 occisus
1784 3656 1863 3714 esth
1912 3650 1984 3731 Quo
2008 3651 2178 3717 interfecto

527 3770 657 3824 etcum
680 3781 775 3822 nemo
799 3768 877 3822 tunc
902 3759 1103 3843 imperasset,
1134 3779 1194 3841 per
1224 3755 1420 3820 adiutorium
1451 3758 1552 3842 patris
1576 3767 1609 3820 ct
1632 3756 1688 3820 filii
1713 3768 1745 3820 et
1769 3757 1909 3842 Spiritus
1938 3760 2052 3839 sancti,
2082 3760 2178 3823 unius
2198 3776 2229 3814 ⁸0

527 3864 812 3931 consubstantialis
836 3863 1026 3944 divinitatis,
1050 3874 1083 3927 et
1106 3885 1165 3950 per
1188 3864 1438 3926 intercessiones
1463 3863 1685 3927 dominatricis
1709 3874 1742 3926 et
1764 3865 1975 3929 intemeratae
1999 3864 2065 3928 Dei
2088 3866 2178 3951 geni-

525 3976 615 4038 tricis
640 3985 673 4037 et
696 3973 838 4036 omnium
864 3982 1049 4034 sanctorum
1074 3973 1228 4034 convenit
1257 3971 1410 4034 universa
1441 3969 1611 4034 multitudo
1642 3969 1820 4034 secundum
1851 3972 2019 4057 antiquum
2045 3994 2177 4046 morem,

526 4080 680 4145 videlicet
702 4077 909 4142 beatissimus
933 4077 1150 4163 patriarchali,
1174 4076 1306 4161 gloriosi
1324 4077 1452 4162 patricii
1469 4078 1579 4157 nostri,
1604 4076 1755 4140 inlustres
1772 4089 1937 4141 senatores
1954 4088 1987 4141 et
2002 4077 2177 4163 principes,

527 4189 582 4275 qui
606 4187 671 4251 illic
695 4197 773 4250 tuuc
797 4185 967 4265 affuerunt,
999 4184 1203 4247 diversarum
1227 4185 1479 4270 provinciarum.
1527 4183 1673 4264 Quorum
1698 4185 1840 4247 omniurn
1865 4206 2026 4249 consensu
2050 4183 2177 4248 adhoc

525 4296 698 4381 imperium
723 4291 840 4356 elevati
865 4315 985 4371 sunaus,
1016 4292 1158 4354 maxime
1189 4300 1324 4375 proptor
1352 4291 1558 4353 imminentes
1581 4291 1749 4375 angustias
1774 4301 1806 4353 et
1829 4289 2065 4372 tribulationes,
2096 4314 2177 4377 quas
2198 4308 2228 4346 ³⁶

525 4399 669 4466 faciebat
699 4397 862 4462 homicida
892 4397 945 4461 illc
976 4409 1008 4461 et
1038 4396 1184 4482 proditor
1213 4398 1349 4482 patriae.
1396 4396 1531 4461 Fuimus
1561 4397 1646 4461 enirn
1670 4397 1736 4461 noti
1760 4395 1951 4462 inlustribus
1975 4396 2178 4484 principibus

525 4508 643 4571 nostris
667 4518 700 4571 et
724 4506 802 4569 cari.

632 4613 705 4676 Hoc
736 4611 832 4676 modo
857 4610 898 4675 ad
928 4611 1098 4695 imperium
1129 4611 1286 4696 provecti,
1318 4611 1500 4673 invenimus
1525 4608 1727 4673 Christianos
1751 4609 1874 4674 divisos
1898 4621 1930 4674 et
1953 4609 2178 4675 discordantes

525 4732 567 4802 et,
591 4731 627 4783 ut
650 4719 759 4782 verius
783 4717 940 4796 dicamus,
971 4716 1126 4801 plurimos
1156 4717 1340 4779 invenimus
1370 4714 1456 4779 illius
1480 4717 1571 4802 impii
1595 4718 1726 4801 tyranni
1755 4739 1897 4781 errorem
1921 4730 1954 4780 et
1977 4718 2177 4803 impietatem

632 4987 727 5055 2nos]
747 4999 840 5042 noster
859 4991 890 5042 P.
981 4993 997 5041 3
1021 4989 1086 5055 quia
1104 4989 1187 5053 suppl.
1206 5005 1219 5039 c
1237 4988 1300 5038 coni.
1393 4991 1425 5038 19
1451 5005 1500 5054 per
1518 4984 1666 5051 dationem]
1686 4989 1723 5038 ito
1740 5006 1753 5039 e
1770 4990 1843 5050 cont,
1869 4990 2022 5054 perditione
2041 4989 2072 5051 P,
2099 5006 2177 5055 prse-
2195 5001 2229 5039 40

524 5085 630 5134 bitioue
648 5082 705 5131 edd.
778 5083 812 5131 20
832 5081 975 5147 expediam
997 5079 1026 5129 P.
1100 5093 1160 5127 cum
1178 5078 1262 5142 suppl.
1282 5094 1294 5126 e
1312 5078 1375 5128 coni.
1449 5079 1481 5127 at
1503 5072 1572 5142 eius]
1593 5079 1672 5128 cuius
1692 5076 1722 5128 P.

633 5297 663 5366 1)
694 5298 741 5354 De
773 5296 923 5354 Michaelis
949 5295 990 5353 II.
1030 5295 1116 5353 Balbi
1141 5289 1347 5368 (sao—829)
1377 5294 1464 5351 initiis
1487 5303 1513 5350 et
1537 5294 1672 5351 seditione
1704 5295 1828 5352 Thomas
1852 5295 1894 5366 cs.
1921 5294 2075 5365 Schlosaer,
2110 5297 2128 5352 l.
2157 5298 2176 5353 l.

521 5424 553 5480 p.
570 5406 698 5479 d3laqq.
720 5406 780 5463 437
791 5423 851 5480 sqq.
892 5404 931 5459 H.
958 5401 1061 5460 Gelzer
1083 5402 1164 5477 apud
1186 5402 1224 5457 K.
1251 5400 1456 5471 Ix'rnrubaclrer,
1482 5399 1658 5459 ‘Geschiclrte
1680 5402 1732 5458 der
1754 5401 1981 5474 Qzanunuclren
2005 5400 2176 5458 Litterutnr’

526 5511 569 5566 ed.
593 5514 624 5570 2.
648 5531 680 5584 p.
705 5513 773 5570 967.
866 5509 897 5578 2)
930 5510 960 5566 V.
978 5509 1128 5566 Amnenius
1151 5503 1366 5582 (ala-ato).
1460 5507 1490 5576 3)
1515 5508 1703 5577 797—802;
1734 5508 1775 5579 cs.
1801 5506 1913 5577 Gelzer,
1938 5509 1956 5563 l.
1974 5509 1993 5563 ἱ.
2013 5527 2046 5583 p.
2063 5509 2121 5567 964
2132 5528 2175 5584 sq.

528 5615 559 5690 4)
582 5616 629 5673 VI.
654 5608 860 5692 (7ao-797),
877 5617 959 5695 filius
983 5615 1087 5672 Leonis
1109 5614 1128 5670 I
1133 5615 1164 5671 V.
1188 5607 1381 5688 (775-780)
1406 5623 1433 5671 et
1454 5614 1561 5683 frenes,
1586 5614 1663 5670 cuitu
1685 5614 1761 5670 iussu
1783 5616 1843 5673 797
1859 5614 1930 5690 Aug.
1952 5617 1987 5674 15
2010 5622 2178 5670 carceratus
2195 5631 2228 5670 ss

526 5731 581 5792 esa·
605 5724 646 5793 cf.
672 5723 825 5791 Sclrlosaer,
850 5725 868 5778 l.
885 5725 903 5780 l.
924 5743 956 5797 p.
974 5725 1035 5781 325
1045 5741 1106 5797 sqq.
1188 5720 1218 5789 5)
1243 5722 1327 5777 Anno
1345 5725 1436 5788 820.,·
1459 5723 1500 5792 cf.
1518 5720 1672 5788 setona,
1696 5721 1715 5775 l.
1731 5722 1750 5776 l.
1769 5741 1803 5796 p.
1818 5724 1953 5797 aaasqq.
2034 5719 2065 5790 6)
2089 5719 2177 5777 Anto-

524 5829 589 5886 nius
612 5828 636 5884 1.
661 5829 843 5886 Kassimatas
866 5825 1079 5904 (aar-834);
1111 5828 1152 5898 cf.
1178 5827 1291 5898 Hefele,
1316 5829 1334 5882 l.
1351 5828 1369 5882 l.
1395 5827 1449 5895 IV,
1472 5831 1502 5886 2.
1526 5829 1574 5886 39.
1622 5825 1734 5895 Gelzer,
1759 5828 1777 5883 l.
1794 5828 1813 5883 l.
1832 5847 1866 5902 p.
1883 5829 1969 5887 1149.
