4884 6717
676 499 728 557 59.
765 498 984 556 CONCILIUM
1008 496 1327 554 CENOMANNIOUM
1350 497 1388 552 A.
1409 495 1485 551 840.
1842 486 1906 549 '185

253 690 392 776 quisque
416 699 561 753 nostrum
585 685 713 768 obierit,
736 687 960 773 unusquisque
974 684 1130 750 decanus
1152 685 1287 748 nomina
1310 683 1350 747 de
1374 685 1441 747 suis
1466 680 1646 747 iunioribus
1662 682 1850 768 conscripta
1872 681 1907 744 in

252 806 364 862 nostra
387 818 447 882 per
470 793 599 880 singula
621 805 768 881 tempora
791 792 905 857 sinodo
930 791 1057 857 deferat
1079 802 1112 856 et
1133 791 1356 877 unusquisque
1372 800 1518 854 nostrum
1535 811 1594 876 pro
1610 787 1673 853 illis
1688 788 1804 852 missas
1820 809 1906 852 com-

251 902 340 990 pleat
363 901 431 966 XII
462 924 536 966 cum
566 898 785 965 oblationibus
816 910 849 963 et
878 898 1012 985 reliquis
1042 896 1243 962 orationibus
1274 909 1306 961 et
1327 895 1476 982 vigiliam
1499 918 1573 960 cum
1593 895 1693 960 VIIII
1716 893 1850 981 psalmis
1874 906 1907 959 et

252 1008 388 1074 totidem
411 1006 606 1073 lectionibus
637 1017 670 1071 et
699 1006 913 1093 responsoriis
937 1028 1003 1070 una
1032 1028 1106 1069 oum
1130 1003 1312 1069 matutinali
1343 1004 1472 1067 sinaxi¹
1496 1001 1634 1067 fideliter
1659 1025 1720 1089 pro
1743 1001 1905 1066 defunctis

221 1114 407 1182 afratribus
431 1125 568 1201 peragat
598 1125 631 1178 et
660 1115 708 1178 sic
731 1113 793 1178 hoc
816 1113 925 1194 faciat,
957 1113 1041 1176 sicut
1063 1111 1134 1176 vult
1156 1134 1216 1198 pro
1248 1133 1283 1175 se
1306 1110 1387 1192 fieri,
1419 1108 1549 1197 quando
1579 1109 1641 1174 hoc
1672 1108 1759 1174 idem
1790 1110 1820 1173 ei
1849 1108 1906 1173 ad*

253 1223 390 1303 venerit,
416 1235 448 1285 et
472 1222 557 1286 sicut
579 1232 654 1285 ante
678 1218 819 1284 tribunal
842 1219 982 1283 districti
1005 1217 1123 1283 iudicis
1146 1219 1306 1282 rationem
1329 1239 1372 1282 ex
1395 1217 1457 1282 hoc
1481 1216 1618 1281 reddere
1641 1214 1790 1297 voluerit,
1819 1215 1906 1302 qnod

253 1329 306 1394 hic
331 1350 439 1392 coram
463 1327 537 1392 Deo
568 1337 601 1392 et
630 1349 739 1391 coram
769 1339 880 1390 nostro
911 1324 1065 1412 pontifice
1096 1335 1129 1388 at
1159 1346 1270 1389 coram
1299 1322 1393 1388 nobis
1424 1322 1575 1387 omnibus
1598 1345 1633 1387 se
1656 1322 1767 1388 facere
1791 1333 1905 1409 sponte

253 1436 410 1522 promisit.
458 1433 598 1499 Tribuat
619 1434 781 1498 Dominus
805 1433 1019 1519 omnipotens,
1051 1443 1087 1497 ut
1110 1432 1157 1495 sic
1181 1429 1257 1495 inde
1281 1430 1451 1510 faciamus,
1482 1442 1606 1495 utnon
1629 1428 1905 1515 dampnationem,

253 1546 311 1607 sed
334 1542 463 1629 plenam
488 1539 733 1622 retributionem
757 1562 800 1603 ex
829 1539 880 1603 his
903 1561 924 1603 a
946 1538 1076 1603 domino
1100 1538 1174 1602 Deo
1205 1548 1315 1602 nostro
1345 1538 1514 1624 percipere
1544 1535 1713 1601 valeamus
1744 1547 1776 1600 et
1805 1536 1905 1600 vitam

208 1647 375 1716 rehabere
400 1649 631 1735 sempiternam
654 1646 823 1711 valeamus
846 1645 1024 1710 auxiliante
1048 1645 1179 1709 domino
1210 1655 1321 1708 nostro
1344 1642 1443 1708 Ihesu
1466 1641 1606 1723 Christo,
1638 1643 1790 1729 quicum
1813 1653 1905 1730 patre

254 1766 287 1820 et
310 1754 434 1842 Spiritu
458 1766 570 1819 sancto
594 1755 676 1818 vivit
699 1764 732 1817 et
754 1752 912 1839 gloriatur
934 1752 1027 1816 Deus
1049 1774 1110 1838 per
1132 1752 1242 1816 omnia
1266 1749 1376 1814 secula
1398 1748 1591 1815 seculorum.
1637 1749 1754 1814 Amen.

360 1914 433 1979 Hac
457 1926 507 1979 est
529 1914 639 1993 missa,
664 1935 747 1999 quae
771 1935 830 1999 pro
854 1912 973 1977 domno
997 1913 1151 1999 episcopo
1182 1922 1215 1975 et
1244 1931 1304 1997 pro
1329 1908 1477 1974 omnibus
1508 1908 1570 1974 sibi
1595 1910 1775 1974 commissis
1798 1907 1849 1972 bis
1873 1910 1907 1972 in

254 2043 450 2108 unaquaque
475 2019 668 2098 ebdomada,
692 2018 727 2084 id
751 2029 801 2084 est
823 2019 901 2084 IIII.
927 2029 959 2083 et
980 2018 1038 2083 VI.
1062 2018 1155 2100 feria,
1185 2040 1251 2082 una
1281 2040 1356 2082 cum
1385 2015 1507 2082 letania
1530 2015 1701 2102 adimpleri
1731 2014 1843 2097 debet3
1875 2026 1908 2080 et

255 2139 329 2215 post
352 2129 448 2192 istam
471 2125 682 2214 subsequitur
704 2125 770 2207 illa,
795 2148 893 2212 quarn
917 2123 1094 2212 pronubis
1118 2126 1150 2188 in
1175 2125 1317 2188 invicem
1342 2145 1460 2190 canere
1485 2120 1658 2205 debemus3
1683 2132 1715 2186 et
1730 2133 1804 2208 post
1819 2120 1907 2186 illam

211 2263 236 2302 u
255 2234 464 2322 subsequitur
486 2233 552 2316 illa,
577 2255 675 2320 quam
698 2255 757 2320 pro
781 2231 936 2297 fratribus
960 2232 1078 2296 nostris
1102 2230 1265 2296 defunctis
1290 2240 1422 2295 cantare
1447 2228 1613 2294 debemus.

862 2356 1008 2421 Missa
1043 2354 1305 2421 cotidiana.

371 2467 405 2534 V.
440 2466 543 2529 Intret
566 2466 669 2530 oratio
692 2487 774 2529 mea.
823 2462 965 2529 Sanctae
987 2462 1054 2528 Dei
1076 2463 1252 2549 genetricis
1274 2462 1400 2526 Mariae
1424 2484 1464 2526 ac
1491 2459 1660 2526 beatorum
1690 2462 1909 2548 apostolomm

255 2575 325 2637 sive
348 2583 528 2659 martyrum
551 2583 681 2636 tuorum
697 2570 850 2636 Gcrvasii
866 2581 899 2635 et
914 2570 1078 2634 Prothasii
1101 2582 1200 2656 atque
1224 2569 1329 2633 sancti
1345 2568 1502 2656 Stephani
1527 2566 1687 2654 simulque
1710 2568 1908 2655 reliquorum

254 2680 421 2744 martirum
446 2690 479 2743 et
501 2679 723 2744 confessorum
746 2679 975 2763 virginumque
1000 2687 1098 2763 atque
1122 2677 1266 2741 omnium
1289 2685 1474 2739 sauctomm
1496 2684 1624 2740 tuorum
1648 2673 1787 2740 assiduis
1811 2676 1907 2739 iuter·

210 2815 238 2856 so
256 2783 459 2851 cessionibus
490 2807 699 2872 quaesumus,
732 2784 875 2849 salvator
903 2782 1028 2866 mundi,
1063 2782 1248 2871 pontificem
1279 2794 1425 2847 nostrum
1455 2780 1626 2846 Aldricum
1656 2780 1909 2848 misericorditer

257 2904 390 2980 protege
414 2893 600 2979 pariterque
625 2893 656 2956 ei
679 2890 900 2956 familiaritate
924 2900 1022 2978 atque
1046 2890 1328 2975 consanguinitate
1353 2890 1543 2954 coniunctos
1560 2899 1593 2952 et
1608 2910 1719 2953 omnes
1735 2887 1798 2953 sibi
1822 2910 1908 2953 eom·

255 3001 371 3064 missos
394 3000 563 3085 utriusque
580 2998 714 3080 ordinis,
738 2998 826 3063 viros
842 3010 875 3063 et
890 2997 1039 3080 feminas,
1063 2995 1105 3061 ab
1129 2996 1216 3061 omni
1240 2997 1402 3082 pravitate
1419 2994 1559 3059 defende
1576 3005 1609 3059 et
1624 2995 1802 3060 secundum
1819 3006 1909 3060 tuam

255 3105 456 3171 voluntatem
480 3107 527 3170 eis
550 3106 663 3170 rivere
686 3104 793 3170 tribue
818 3126 1011 3191 omnemque
1035 3103 1192 3191 populum
1207 3101 1427 3167 Christianum
1451 3101 1705 3167 misericorditer
1727 3101 1853 3166 custodi
1877 3113 1910 3166 et

256 3212 427 3277 animabus
450 3211 644 3277 famulorum
668 3211 929 3297 famularumque
952 3220 1080 3275 tuarum
1104 3210 1248 3274 omnium
1271 3207 1334 3273 sibi
1353 3209 1598 3273 commissorum
1615 3220 1648 3273 et
1663 3209 1908 3273 commissarum

211 3349 239 3389 as
257 3330 354 3405 atque
390 3335 580 3384 cunctorum
616 3328 871 3405 cunctarumque
907 3318 940 3381 in
975 3315 1105 3381 Christo
1140 3317 1377 3402 quiescentium
1419 3316 1565 3402 requiem
1605 3314 1711 3379 tribue
1747 3313 1909 3401 benignus

257 3428 488 3513 sempiternam
512 3436 545 3490 et
567 3437 754 3490 sanctorum
776 3435 904 3490 tuorum
928 3422 1075 3488 coetibus
1099 3423 1288 3487 consociare
1313 3422 1457 3508 digneris
1480 3423 1650 3509 propitius.
1696 3422 1771 3487 Per.

366 3533 514 3620 Epistola
537 3533 584 3597 od
609 3531 807 3597 Colosenses:
830 3532 972 3612 Fratres,
996 3556 1057 3596 noa
1081 3554 1237 3595 cessamus
1254 3554 1319 3616 pro
1343 3530 1430 3594 vobo
1453 3544 1576 3595 orontes
1599 3544 1628 3594 et
1646 3530 1848 3616 postulamus.
1929 3547 2033 3598 conus

364 3640 404 3704 R.
441 3639 582 3703 Domine
607 3636 737 3702 exaudi.

372 3747 406 3811 V.
441 3746 491 3811 Ne
515 3755 654 3809 avertas.

212 3882 240 3922 ro
365 3853 574 3940 Eooaqeliam
599 3852 768 3917 secuudum
785 3852 966 3916 Iohannem.
1002 3850 1041 3915 In
1064 3849 1119 3914 illo
1143 3861 1289 3936 tempore
1312 3851 1482 3915 sublevatis
1497 3848 1608 3915 Ibesus
1626 3851 1726 3916 oculis
1742 3852 1776 3914 in
1792 3851 1910 3914 coelum
1928 3867 2056 3918 arcun,

259 3963 359 4028 dama:
388 3960 493 4041 Pater,
526 3974 558 4024 ut
586 3961 644 4024 abi
670 3983 725 4048 apo
754 3984 823 4024 sam
856 3973 885 4023 ct
913 3959 969 4023 itti
995 3960 1059 4022 siut
1089 3982 1216 4037 mecum,
1251 3971 1286 4021 ut
1313 3957 1442 4022 uideant
1470 3957 1645 4021 claritatem
1673 3981 1785 4038 mom,
1815 3981 1910 4042 qaam
1962 3923 2027 3970 ΜΨ

259 4068 379 4135 dederi
400 4067 488 4148 miti,
520 4068 597 4152 qaia
621 4066 768 4132 dilexisti
794 4089 841 4129 ma
864 4079 934 4130 aute
957 4064 1072 4129 mandi
1095 4066 1350 4128 constabatiouam.
1397 4063 1493 4128 Pater
1522 4066 1611 4144 iuste,
1641 4063 1777 4128 mandas
1800 4078 1826 4128 ta
1849 4087 1911 4128 aon

259 4176 410 4264 copnovit,
441 4197 495 4261 epo
525 4187 627 4237 oaoem
657 4174 735 4238 novi
762 4187 799 4252 te,
829 4186 858 4236 at
879 4172 931 4236 tii
957 4185 1172 4258 coposuerunt,
1203 4173 1280 4256 quio
1309 4185 1342 4235 tu
1371 4195 1418 4235 me
1442 4172 1569 4250 misisti,
1598 4184 1627 4236 et
1647 4184 1750 4234 aotam
1768 4171 1846 4258 feci
1865 4173 1911 4235 eis

259 4306 369 4347 nomeu
392 4296 477 4346 utam
501 4294 530 4344 et
551 4294 654 4344 notum
672 4279 814 4366 faciam,
839 4293 872 4343 ut
893 4278 1031 4358 dilectio,
1061 4301 1124 4362 quo
1154 4277 1301 4342 dilexisti
1320 4302 1379 4358 me,
1407 4278 1441 4342 ia
1464 4279 1546 4363 ipsis
1567 4279 1611 4341 sit
1632 4290 1661 4341 et
1683 4301 1737 4365 epo
1760 4279 1794 4340 io
1818 4280 1908 4364 r'psia

214 4415 241 4456 aa
370 4387 614 4475 Offert(orium).
650 4383 782 4449 Exaudi
805 4383 908 4448 Deus.

368 4493 503 4559 Sacram.
545 4490 730 4557 Oblationis
754 4490 860 4573 huius,
884 4490 1036 4571 Domine,
1060 4489 1191 4576 placare
1214 4486 1404 4554 muneribus
1421 4500 1453 4554 et
1468 4487 1744 4554 intercedentibus
1761 4486 1910 4554 omnibus

260 4600 382 4665 sanctis
406 4600 470 4664 tuis
492 4609 628 4687 protege
652 4599 838 4686 pontificem
862 4608 1007 4661 nostrum
1032 4594 1201 4660 Aldricum
1225 4605 1257 4660 et
1280 4618 1393 4661 omnes
1416 4595 1478 4660 sibi
1502 4596 1691 4661 commissos
1708 4596 1910 4660 commissas·

261 4729 324 4794 que
348 4719 445 4792 atque
470 4727 598 4770 ornnem
621 4702 777 4792 populum
802 4702 1022 4768 Christianum
1047 4726 1067 4767 a
1090 4704 1216 4768 cunctis
1241 4700 1380 4767 defende
1403 4702 1557 4789 periculis
1574 4713 1606 4767 et
1622 4701 1792 4767 animabus
1808 4701 1910 4767 famu·

259 4813 363 4879 lorum
387 4811 646 4898 famularumque
676 4821 804 4876 tuarum
835 4810 978 4876 omnium
1002 4808 1065 4875 sibi
1089 4809 1335 4875 commissorum
1359 4810 1667 4896 commissarumque
1692 4820 1789 4895 atque
1814 4830 1911 4873 cunc·

212 4948 243 4988 eo
259 4931 366 4986 torum
396 4931 653 5006 cunetammque
684 4919 718 4982 in
742 4916 871 4982 Christo
903 4917 1138 5004 quiescentium
1169 4938 1228 5004 per
1256 4915 1339 4981 haec
1369 4927 1483 4981 sancta
1505 4915 1665 4981 sacrificia
1687 4916 1911 4980 remissionem

261 5029 404 5093 omniurn
427 5024 534 5091 tribue
558 5035 768 5113 peccatorum
793 5035 824 5088 et
847 5024 948 5088 vitam
972 5021 1093 5088 habere
1117 5022 1261 5088 concede
1285 5022 1526 5109 sempiternam.
1691 5015 1697 5022 ’

367 5135 546 5222 Praefatio.
587 5131 675 5196 Vere
706 5130 841 5216 dignum
871 5143 934 5195 etc.
965 5142 998 5194 et
1027 5141 1114 5194 tuam
1146 5128 1351 5194 clementiam
1380 5129 1521 5217 profusis
1553 5128 1704 5215 precibus
1727 5128 1911 5215 implorare,

261 5252 297 5306 ut
319 5239 542 5306 intercedente
565 5237 663 5303 beata
686 5248 720 5302 et
742 5237 883 5324 gloriosa
907 5259 1036 5324 semper
1058 5237 1184 5323 virgine
1208 5234 1275 5299 Dei
1298 5236 1456 5321 genitrice
1479 5235 1585 5301 Maria
1613 5236 1798 5322 sanctisque
1827 5256 1911 5298 mar·

262 5346 377 5413 tiribus
401 5347 465 5410 tuis
489 5345 651 5411 Gervasio
675 5355 707 5409 et
729 5342 901 5409 Prothasio
925 5344 995 5408 sire
1019 5354 1132 5408 sancto
1156 5341 1323 5428 Stephano
1355 5351 1387 5406 et
1410 5342 1560 5409 omnibus
1584 5343 1705 5408 sanctis
1728 5342 1791 5407 tuis
1815 5363 1913 5406 cunc·

214 5550 244 5590 ω
370 5531 404 5580 12
422 5524 493 5592 Hac]
520 5529 594 5579 LIX.
609 5527 752 5594 praetristia
768 5527 872 5588 Bolon,
898 5527 915 5577 l.
934 5527 952 5577 ἱ.
970 5526 1024 5588 ΙΙΙ,
1042 5529 1101 5576 148.
1193 5527 1226 5575 15
1252 5519 1343 5590 quam]
1364 5541 1436 5590 qnae
1457 5525 1485 5577 C.
1577 5527 1607 5577 rt
1628 5525 1697 5574 V==
1712 5525 1815 5576 Versus
1833 5523 1873 5575 bic
1890 5532 1915 5575 at

262 5618 342 5685 infre.
415 5619 449 5669 26
467 5613 530 5683 Per]
548 5617 600 5669 scil.
622 5616 748 5669 Christum
766 5615 895 5666 domium
913 5623 1042 5674 acernam
1060 5633 1082 5665 a.
1098 5631 1127 5680 p.
1143 5618 1192 5664 786
1211 5614 1228 5664 l.
1242 5619 1267 5665 6.
1340 5615 1374 5665 28
1393 5614 1418 5665 R
1432 5635 1462 5653 =
1478 5615 1697 5681 Responsorium.
1771 5615 1805 5664 30
1823 5614 1912 5664 Eran-

262 5707 364 5774 geiium
382 5707 448 5758 deest
468 5707 496 5759 0·
569 5709 601 5758 sl
622 5701 715 5769 Pater}
736 5721 805 5771 quos
825 5704 925 5754 dedisti
944 5703 1009 5754 mihi
1028 5701 1092 5755 reio
1111 5702 1206 5754 Baua
1223 5704 1339 5769 suppia
1361 5703 1476 5770 Vulpem.

373 5853 402 5922 1)
428 5851 477 5925 Cf.
500 5852 641 5931 Dacauye
662 5873 686 5909 s.
710 5872 736 5910 a.
759 5850 887 5925 syrim

318 5970 361 6011 aa.
372 5968 472 6009 consuo
485 5968 516 6012 rt
