4884 6717
630 485 696 548 516
1099 492 1153 550 44.
1187 492 1407 550 CONCILIUM
1429 492 1657 552 PARISIRNSE
1681 493 1718 548 A.
1740 492 1816 552 825.

632 688 734 758 omnia,
757 706 830 760 quae
852 688 1000 760 pinguntur
1021 695 1107 760 atque
1129 687 1270 761 fingrmtur
1293 707 1327 744 ex
1350 690 1446 761 aliqua
1468 691 1582 744 materie
1605 691 1712 745 metalli
1727 697 1776 744 aut
1791 689 1860 760 ligni
1875 689 1921 743 vel
1937 689 2133 758 cuiuscumque
2147 687 2191 744 rei
2205 696 2294 758 aptae

633 797 670 854 ed
692 812 778 865 opera
799 795 975 865 huiusmodi„
990 813 1062 866 quae
1087 796 1169 850 etiam
1191 796 1320 851 videntur
1341 797 1370 850 iu
1392 797 1494 850 somnis
1517 804 1546 851 et
1568 814 1662 852 omnes
1684 796 1744 852 fere
1767 796 1901 866 imagines
1926 812 2019 854 aarum
2040 812 2143 864 rerum,
2174 813 2295 865 quarum

595 939 599 948 ·
633 902 767 973 imagines
796 909 868 970 sunt,
897 902 1036 972 appellari
1064 902 1220 956 nominibus
1253 904 1351 957 solent.
1397 903 1465 967 Quis
1494 904 1566 957 euim
1597 910 1649 972 est,
1677 904 1725 973 qui
1754 903 1893 957 hominem
1923 903 2025 973 pictum
2055 902 2162 957 dubitet
2189 919 2294 956 vocare

633 1008 793 1064 hominem?
816 1009 1057 1080 ,Quandoquidem
1081 1015 1112 1066 et
1133 1010 1300 1080 singulorum
1324 1027 1494 1080 quorumque
1517 1011 1653 1080 picturam
1669 1028 1729 1064 cum
1746 1010 1901 1080 aspicimus,
1923 1010 2035 1080 propria
2051 1025 2163 1079 quoque
2180 1010 2293 1063 nomina

634 1115 823 1170 incunctanter
852 1115 1025 1184 adhibemus,
1053 1116 1132 1169 velut
1162 1133 1224 1169 cum
1252 1117 1389 1170 intuentes
1420 1116 1544 1170 tabulam
1573 1124 1622 1171 aut
1644 1117 1778 1187 parietem
1801 1117 1930 1171 dicimus:
1961 1118 2014 1171 Ille
2037 1115 2135 1171 Cicero
2159 1125 2211 1180 est,
2241 1117 2292 1170 ille
2315 1130 2328 1172 t

636 1221 791 1288 Sallustius,
822 1222 870 1277 ille
893 1221 1028 1290 Achilles,
1056 1222 1105 1276 ille
1128 1222 1243 1290 Hector,
1271 1222 1324 1276 boo
1353 1223 1455 1276 flumen
1479 1222 1596 1294 Symois,
1625 1224 1675 1277 illa
1703 1224 1801 1293 Roma,
1831 1241 1892 1277 eum
1924 1224 1999 1279 aliud
2025 1224 2092 1278 uihil
2122 1223 2178 1277 sint
2206 1237 2292 1293 quam

634 1330 726 1400 pictae
756 1329 899 1400 imagines.
951 1329 1034 1385 Unde
1057 1327 1206 1383 Cherubim
1236 1346 1299 1382 cnm
1328 1329 1382 1382 sint
1410 1330 1525 1383 caelitus
1547 1337 1708 1399 potestates,
1742 1330 1835 1392 factae
1864 1337 1959 1384 tamen
1988 1347 2021 1385 er
2055 1329 2181 1396 metallo,
2215 1331 2292 1400 quod

634 1435 781 1505 imperavit
803 1435 890 1501 Deus,
913 1453 995 1505 super
1017 1452 1110 1489 arcam
1132 1436 1289 1490 testamenti
1311 1453 1429 1506 magnae
1452 1436 1492 1489 roi
1515 1436 1711 1507 significandae
1734 1437 1834 1507 gratia,
1857 1455 1912 1491 nou
1934 1437 2011 1491 aliud
2033 1453 2117 1506 quarn
2140 1435 2291 1490 Cherubim

635 1542 686 1596 illa
708 1559 821 1612 quoque
844 1540 976 1613 figmenta
999 1543 1161 1596 vocitantur.
1196 1541 1267 1596 Item
1290 1516 1413 1612 quisquis
1436 1543 1512 1596 videt
1534 1543 1676 1612 somnium,
1698 1563 1755 1598 non
1776 1542 1856 1597 dicit:
1885 1543 1951 1597 Vidi
1973 1543 2121 1614 imaginem
2143 1544 2290 1613 Augustini

637 1656 685 1703 aut
701 1648 881 1719 simpliciani,
904 1650 954 1702 sed
977 1649 1033 1702 vidi
1047 1649 1232 1720 Augustinum
1255 1657 1302 1702 aut
1319 1648 1533 1719 Simpliciaumn,
1556 1667 1616 1704 cum
1640 1668 1673 1704 eo
1697 1657 1830 1721 tempore,
1853 1667 1909 1720 quo
1931 1651 1990 1704 tale
2012 1649 2119 1720 aliquid
2142 1650 2218 1718 vidit,
2239 1667 2291 1703 nos
2310 1665 2335 1704 ιο

635 1756 832 1826 ignoraremus.
868 1755 964 1826 Usque
987 1756 1058 1809 adeo
1082 1756 1258 1809 manifestum
1281 1763 1324 1808 est
1345 1773 1400 1809 nou
1422 1756 1496 1825 ipsos
1518 1757 1652 1825 homines,
1674 1758 1722 1811 sed
1746 1757 1879 1828 imagines
1898 1775 1992 1811 eorum
2006 1757 2108 1826 rideri3
2132 1763 2161 1809 et
2179 1756 2290 1810 Pharao

495 1868 617 1909 crosna.
637 1863 725 1932 spicas
747 1879 776 1915 se
799 1862 867 1914 dixit
888 1861 988 1916 vidisse
1009 1862 1038 1916 in
1060 1862 1160 1916 somnis
1182 1869 1211 1915 et
1232 1862 1327 1924 boses,
1348 1881 1403 1915 non
1424 1864 1561 1932 spicamm
1580 1869 1628 1917 aut
1643 1863 1727 1917 boum
1744 1863 1885 1933 imagines.
1920 1862 1948 1916 Si
1965 1863 2046 1934 igitur
2060 1863 2168 1933 liquido
2183 1871 2292 1918 constat

511 1924 546 1970 41,
554 1921 575 1963 S.
582 1922 604 1961 ὁ.

635 1968 790 2022 nominibus
811 1986 907 2022 earum
928 1986 1027 2034 rerum,
1056 1986 1174 2039 quarum
1202 1969 1336 2040 imagines
1365 1979 1435 2036 sunt,
1463 1971 1574 2024 easdem
1606 1970 1739 2041 imagines
1761 1969 1908 2039 appellari,
1927 1987 1989 2024 ‚non
2016 1970 2113 2024 mirum
2136 1979 2185 2038 est,
2215 1972 2291 2040 quod

457 2063 770 2145 ⁶¹·1·R0⁸·²⁸·seriptura
791 2074 858 2128 dicit
879 2073 1055 2130 Samuhelem
1076 2075 1163 2129 visum
1186 2078 1219 2129 et
1242 2077 1361 2129 cetera.

500 2120 523 2157 11
532 2128 582 2166 sqq.

642 2233 645 2240 .
744 2171 828 2236 Item
843 2172 1020 2256 Augustini
1043 2173 1076 2235 in
1099 2170 1182 2235 libro
1206 2172 1247 2236 de
1272 2172 1421 2236 doctriua
1437 2170 1623 2237 Christiana
1639 2173 1799 2237 secundo:
1824 2178 1958 2254 Signum¹
1974 2191 2016 2237 est
2031 2183 2104 2237 enim
2120 2200 2164 2237 res
2179 2193 2290 2253 praeter
2309 2195 2337 2234 rs

594 2339 598 2345 .
638 2289 768 2358 speciem,
789 2305 874 2362 quam
896 2288 1005 2359 ingerit,
1026 2288 1150 2342 sensibus
1171 2289 1247 2342 aliud
1269 2289 1374 2359 aliquid
1397 2307 1430 2343 ex
1452 2307 1482 2342 sc
1505 2289 1608 2343 iaciens
1630 2290 1658 2343 in
1673 2290 1868 2360 cogitationem
1883 2291 1988 2358 venire,
2009 2290 2079 2344 sieut
2094 2291 2208 2362 vestigio
2230 2292 2289 2344 viso

637 2396 767 2452 transisse
790 2395 902 2464 animal,
924 2395 1000 2449 cuius
1022 2395 1165 2466 vestigium
1189 2404 1239 2462 cst,
1261 2396 1414 2466 cogitamus
1436 2405 1464 2449 et
1486 2397 1544 2450 viso
1566 2396 1642 2450 fumo
1658 2397 1749 2468 ignem
1766 2397 1876 2451 subesse
1892 2398 2089 2468 cognoscimus.
2123 2394 2290 2469 Signorum²

637 2502 720 2572 igitur
741 2503 797 2556 alia
819 2510 881 2556 sunt
902 2502 1050 2568 naturalia,
1071 2502 1127 2555 alia
1149 2502 1224 2557 data.
1257 2496 1365 2573 Signa³
1386 2503 1451 2555 data
1470 2510 1541 2572 sunt,
1564 2520 1636 2572 quae
1652 2504 1780 2557 divinitus
1795 2504 1822 2557 in
1839 2504 1978 2574 scripturis
1993 2504 2094 2558 sanctis
2108 2506 2290 2572 continentur,

636 2626 688 2680 per
708 2609 832 2664 homines
853 2609 932 2662 nobis
953 2609 1074 2662 iudicata
1096 2615 1166 2677 sunt,
1188 2609 1235 2679 qui
1259 2627 1293 2662 ea
1315 2610 1535 2678 conseripsenmt
1557 2610 1589 2663 et
1612 2611 1731 2663 cetera.

743 2711 841 2770 Ante⁴
862 2715 954 2769 omnia
974 2716 1059 2787 igitur
1079 2732 1148 2785 opus
1171 2723 1212 2770 est
1234 2716 1288 2770 Dei
1310 2716 1407 2769 timore
1430 2715 1552 2769 converti
1567 2717 1602 2769 ad
1619 2717 1837 2786 cognoscendam
1853 2717 1912 2771 eins
1927 2718 2106 2787 voluntatem,
2128 2718 2290 2788 quidnobis
2307 2729 2337 2767 so

637 2824 824 2892 appetendum
845 2822 1062 2894 timendumque
1083 2822 1245 2893 praecipiat.

741 2919 786 2982 Et
808 2919 910 2983 iufra:
936 2923 1033 2983 Illud⁵
1055 2930 1129 2999 quod
1152 2935 1194 2982 est
1215 2929 1364 2982 secundum
1386 2929 1568 2983 institutiones
1588 2928 1737 2998 homiuum,
1758 2930 1857 2999 partim
1879 2931 2094 3001 superstitiosum
2117 2937 2167 2998 est,
2187 2932 2289 3001 partim

634 3054 690 3092 non
712 3045 763 3092 cst.
808 3030 1051 3107 Superstitiosum⁶
1079 3043 1121 3090 est
1148 3036 1280 3106 quicquid
1306 3036 1457 3089 iustimtum
1488 3043 1530 3089 est
1559 3035 1595 3090 ab
1624 3035 1779 3090 bominibus
1808 3037 1843 3089 ad
1870 3035 1999 3091 facienda
2026 3044 2054 3091 et
2074 3038 2191 3091 colenda
2213 3039 2290 3092 idola

636 3142 777 3212 pertinens
799 3144 844 3196 vel
866 3143 902 3196 ad
924 3143 1069 3197 colendam
1091 3143 1161 3196 sicut
1181 3143 1273 3196 Deum
1295 3150 1458 3196 creaturam.

741 3239 786 3303 Et
808 3250 882 3325 post
905 3261 1012 3325 pauca
1035 3238 1070 3302 in
1093 3238 1207 3302 eodem
1232 3240 1378 3324 sequitur
1400 3238 1499 3303 libro:
1523 3244 1690 3319 Appetunt⁷
1712 3260 1804 3304 tamen
1820 3269 1914 3306 omues
1930 3252 2069 3321 quandam
2084 3252 2289 3306 similitudinem
2306 3267 2338 3306 aa

636 3355 664 3408 in
685 3354 874 3426 significando,
895 3364 926 3410 ut
947 3356 1007 3425 ipsa
1027 3355 1117 3427 signa,
1138 3356 1166 3409 in
1187 3364 1321 3426 quantum
1342 3363 1465 3425 possunt,
1486 3355 1576 3425 rebus,
1598 3373 1671 3426 quae
1693 3357 1889 3426 significantur,
1916 3358 2015 3411 similia
2037 3359 2098 3412 sint.
2144 3357 2199 3413 Sed
2220 3360 2289 3429 quia

635 3462 727 3515 multis
749 3462 836 3516 modis
858 3462 946 3516 simile
970 3462 1076 3532 aliquid
1098 3462 1180 3515 alicui
1201 3469 1293 3531 potest
1315 3481 1385 3532 esse,
1405 3481 1460 3516 non
1482 3469 1608 3516 constant
1628 3464 1698 3517 talia
1718 3464 1796 3535 sigua
1817 3465 1890 3518 inter
1910 3465 2043 3534 homines,
2069 3465 2119 3519 uisi
2141 3482 2289 3519 cousensus

636 3570 759 3622 accedat.
791 3565 845 3623 In⁸
860 3569 972 3638 pictmis
987 3586 1053 3622 vero
1070 3577 1099 3622 et
1113 3569 1208 3622 statuis
1224 3569 1379 3639 ceterisque
1394 3569 1546 3626 huiusmodi
1563 3571 1696 3624 simulatis
1711 3571 1841 3640 operibus
1856 3573 1973 3626 maxime
1988 3572 2137 3642 peritorum
2154 3571 2290 3626 artificum

635 3693 715 3729 nemo
738 3683 820 3742 errat,
842 3694 904 3730 cum
926 3676 1026 3730 similia
1048 3676 1156 3742 viderit,
1183 3683 1214 3729 ut
1243 3682 1385 3747 agnoscat,
1412 3677 1511 3746 quibus
1533 3677 1586 3730 sint
1612 3677 1693 3731 rebus
1715 3678 1823 3732 similia.
1867 3679 1904 3731 Et
1922 3679 1977 3731 boe
1998 3686 2086 3732 toturn
2107 3696 2194 3748 genus
2215 3680 2290 3734 inter

635 3782 773 3852 sapardus
794 3784 934 3842 bominum
955 3784 1078 3837 instituta
1099 3785 1297 3837 numerandum
1319 3792 1369 3852 est,
1390 3783 1441 3836 nisi
1463 3802 1525 3837 cum
1548 3785 1670 3854 interest,
1691 3785 1757 3853 quid
1780 3801 1883 3852 eorum,
1905 3802 1962 3855 qua
1983 3787 2019 3840 de
2041 3803 2125 3839 aalma
2147 3796 2175 3840 et
2194 3786 2242 3840 ubi
2259 3797 2289 3841 et
2306 3802 2340 3840 so

636 3890 753 3959 quando.
770 3898 799 3944 et
820 3891 897 3944 cuius
919 3890 1081 3943 auctoritate
1101 3888 1152 3943 fiat
1173 3891 1205 3943 et
1229 3891 1347 3944 cetera.

740 3986 824 4051 Item
853 3987 1028 4073 Augustini
1055 3987 1089 4050 in
1117 3985 1200 4050 libre
1232 3988 1326 4051 tertio
1356 3986 1518 4054 eiusdem:
1549 3992 1622 4062 uuit
1650 4015 1716 4052 vero
1744 4004 1792 4051 aut
1818 4005 1949 4068 operatm
1976 4006 2025 4052 aut
2051 4007 2198 4054 veneratur
2219 4002 2289 4055 utile

634 4102 741 4174 signum
763 4104 891 4158 ‹lirinitm
913 4084 1073 4171 iustimtum,
1103 4104 1179 4158 errius
1208 4104 1263 4157 vim
1285 4103 1567 4175 significationemque
1589 4105 1727 4174 intelligit,
1748 4122 1803 4157 nou
1825 4103 1876 4157 boc
1898 4112 2055 4174 veneratur,
2081 4107 2156 4176 quod
2178 4107 2291 4162 videtur

636 4217 665 4262 et
685 4210 791 4278 tramit,
812 4211 862 4264 sed
883 4211 952 4264 illud
973 4211 1073 4280 potius,
1102 4229 1157 4281 quo
1187 4211 1256 4264 talia
1285 4218 1384 4264 cuncta
1410 4211 1556 4265 referenda
1578 4220 1648 4265 sunt.
1693 4211 1771 4265 Talis
1793 4216 1887 4264 autem
1908 4212 1991 4266 homo
2013 4212 2142 4281 spiritalis
2165 4223 2194 4267 et
2216 4214 2291 4269 liber

634 4323 676 4374 est
698 4316 781 4370 etiam
801 4324 927 4386 tempore
948 4317 1095 4387 servitutis,
1116 4335 1171 4387 quo
1194 4317 1351 4370 carnalibus
1373 4318 1469 4371 animis
1490 4318 1610 4372 nondum
1632 4325 1744 4388 oportet
1763 4318 1843 4390 signa
1864 4319 1914 4372 illa
1935 4319 2063 4388 revelari,
2085 4336 2201 4390 quorum
2222 4322 2291 4392 ingo
2309 4336 2343 4374 aa

634 4423 780 4476 edomandi
802 4431 872 4476 suut.
916 4424 1002 4477 Tales
1023 4431 1115 4478 autem
1137 4423 1275 4493 spiritales
1298 4429 1376 4476 erant
1397 4424 1571 4493 patriarchae
1593 4441 1626 4478 ac
1648 4424 1800 4494 prophetae
1822 4443 1973 4496 omnesque
1995 4427 2023 4481 in
2044 4427 2149 4496 populo
2171 4427 2293 4495 israhel,

633 4546 685 4598 per
706 4545 776 4599 quos
796 4529 876 4583 nobis
899 4527 1015 4598 Spiritus
1037 4537 1146 4583 sanctus
1167 4531 1228 4599 ipsa
1250 4531 1443 4599 scripturarum
1460 4539 1487 4584 et
1509 4531 1612 4584 auxilia
1634 4539 1662 4585 et
1683 4532 1782 4585 solatia
1804 4533 1967 4587 ministravit
1990 4533 2022 4587 et
2045 4533 2165 4588 cetera.

739 4626 822 4690 Item
853 4627 956 4689 sancti
980 4625 1153 4689 Athanasii
1182 4628 1217 4689 in
1248 4648 1396 4690 sermone
1427 4639 1541 4712 quarto
1573 4627 1746 4693 adversum
1769 4630 1943 4693 Arrianus:
1979 4640 2182 4695 arriomanitae
2196 4635 2234 4712 ¹⁰,
2263 4651 2296 4698 ut

632 4743 736 4796 dictum
758 4749 809 4809 est,
830 4743 983 4796 iudicantes
1004 4744 1088 4796 semel
1111 4749 1326 4814 transgressores
1348 4743 1415 4797 lieri.

740 5023 756 5071 6
775 5021 909 5072 Salustius
929 5023 959 5072 P.
1033 5023 1067 5072 28
1087 5024 1184 5072 ceteris
1206 5022 1235 5072 P.
2315 5058 2349 5096 ω

741 5285 771 5370 1)
794 5291 975 5368 desperatione,
998 5291 1045 5347 De
1068 5291 1198 5352 doctam
1224 5290 1388 5350 Christiana
1412 5293 1448 5349 II
1465 5299 1522 5353 c.1
1545 5287 1618 5372 §R
1644 5293 1901 5370 Opp.111,1,19.
1973 5288 2003 5373 2)
2028 5296 2103 5354 [bia
2127 5291 2208 5374 §25
2235 5303 2255 5358 l.
2276 5305 2296 5359 l.

634 5389 664 5477 3)
690 5397 763 5456 laid.
787 5393 863 5474 §35
886 5400 904 5454 l.
929 5399 948 5454 l.
1047 5391 1078 5474 4)
1103 5397 1178 5455 laid.
1204 5394 1417 5474 110.7§9;
1442 5400 1683 5472 l.l.111‚1‚22.
1786 5394 2201 5479 5)1h2·a110.19§29;
2227 5410 2247 5465 1.
2269 5411 2295 5467 l.

631 5504 689 5574 ΙΙΙ,
706 5508 734 5575 1,
752 5508 798 5564 31.
869 5497 900 5582 6)
925 5504 1001 5562 loia.
1026 5510 1108 5564 a2t}
1129 5499 1154 5581 ἕ
1171 5509 1227 5574 30;
1252 5506 1271 5561 l.
1295 5508 1312 5561 l.
1384 5499 1414 5584 7)
1438 5506 1513 5563 laia.
1538 5507 1574 5564 II
1593 5528 1614 5564 c.
1633 5511 1675 5567 25
1698 5503 1721 5584 ,ξ
1738 5512 1793 5578 38,·
1817 5511 1835 5565 l.
1860 5511 1878 5565 l.
1903 5508 2006 5580 111,1,
2024 5513 2073 5569 37.
2152 5505 2184 5588 8)
2212 5514 2295 5575 laia.

630 5607 654 5685 ,si
671 5615 728 5681 aa·
751 5612 769 5667 l.
794 5613 812 5667 l.
897 5603 927 5689 9)
952 5611 1027 5668 Ibid.
1052 5612 1105 5668 ΙΙΙ
1123 5632 1146 5669 a.
1165 5616 1183 5672 9
1205 5607 1230 5688 §¹
1247 5615 1302 5682 13‚·
1326 5615 1344 5669 l.
1369 5615 1386 5669 l.
1412 5612 1468 5683 III,
1493 5618 1520 5684 1,
1544 5618 1595 5674 48.
1621 5629 1624 5633 “
1694 5606 1746 5691 10)
1769 5615 1953 5686 Athanasius,
1979 5614 2080 5673 Oratio
2104 5619 2124 5675 3
2147 5619 2298 5680 adeersum

631 5717 775 5775 Armanas
804 5738 827 5774 c.
854 5722 885 5788 1,-
922 5717 996 5794 opp.
1022 5720 1064 5776 cd.
1091 5718 1268 5778 Gimtimani
1289 5718 1313 5789 I,
1339 5723 1366 5789 1,
1390 5723 1461 5778 435.
1511 5719 1560 5792 Cf.
1586 5741 1645 5778 cam
1676 5723 1727 5780 loc
1757 5723 1816 5779 loco
1846 5730 1873 5777 et
1899 5722 2075 5799 mabsequcatz'
2105 5721 2195 5782 Cone.
2222 5727 2296 5786 Nic.
2315 5750 2348 5789 as

630 5833 687 5882 act.
711 5824 776 5894 JV,
802 5824 902 5882 Mauri
923 5825 1010 5896 XIII,
1036 5829 1085 5884 69.
