4884 6717
685 531 737 588 44.
773 531 992 590 CONCILIUM
1015 532 1243 588 PARISIENSE
1266 533 1303 588 Α.
1324 531 1399 588 825.
1805 525 1866 588 521

215 721 349 806 largitor
383 721 527 784 omnium
561 718 721 784 bonorum
751 718 914 784 Dominus
949 718 989 782 de
1020 717 1140 782 mundo
1171 717 1384 804 corporaliter
1412 717 1624 784 abscessurus
1653 742 1713 805 pro
1743 741 1869 784 summo

215 838 313 914 atque
336 826 492 891 altissimo
515 848 648 900 munere
672 823 823 890 fidelibus
846 826 913 890 suis
935 824 1043 890 dando
1066 825 1190 911 pariter
1212 836 1246 889 et
1268 824 1481 911 relinquendo
1505 825 1617 911 largiri
1640 825 1869 912 dignatusest,

215 934 345 999 dicens:
369 934 483 999 Pacem
507 958 608 998 meum
631 933 672 997 do
695 934 793 1012 vodc‘a,
811 956 925 1019 pacem
947 958 1048 998 meam
1071 933 1216 1017 relinquo
1243 934 1338 1012 codsa,
1362 931 1441 996 illud
1465 933 1564 997 etiam
1585 931 1722 1018 apostoli
1746 933 1870 1019 pariter
1888 957 2017 1006 aarum.

215 1041 427 1106 attentissime
441 1039 649 1125 cogitandum
666 1049 728 1103 est:
741 1039 855 1104 Pacem
867 1041 1042 1125 sequimini
1051 1054 1079 1103 et
1092 1041 1344 1118 sanctimoniam,
1360 1040 1429 1104 aiae
1440 1063 1503 1125 qua
1520 1064 1607 1104 nemo
1620 1040 1740 1104 videdit
1750 1040 1870 1120 Deam,·
1888 1063 1957 1105 neor.
1967 1064 2043 1116 mn.

183 1159 248 1213 set
270 1147 393 1212 idcirco
416 1145 514 1211 valde
542 1168 677 1211 necesse
708 1156 770 1227 est,
796 1155 833 1209 ut
863 1145 1010 1231 quisquis
1039 1144 1082 1209 ad
1112 1142 1201 1208 illam
1232 1146 1384 1230 patriam.
1402 1144 1568 1210 desiderat
1597 1146 1780 1232 pervenire,
1811 1143 1869 1210 ubi

214 1275 390 1339 numquam
422 1251 587 1317 discordia
616 1252 722 1338 potuit
751 1250 804 1315 vel
834 1252 953 1338 poterit
980 1252 1125 1332 introire,
1160 1249 1241 1315 illud
1271 1273 1474 1338 summopere
1505 1275 1602 1338 agere
1633 1251 1772 1333 studeat,
1808 1274 1869 1339 per

215 1359 303 1447 quod
327 1369 359 1423 et
381 1360 451 1445 ipsc
475 1358 563 1424 illam
578 1358 652 1422 Deo
669 1357 823 1444 placitam
840 1358 984 1422 caritatis
1004 1379 1119 1444 pacem
1144 1380 1219 1422 cum
1243 1357 1393 1422 omnibus
1418 1357 1538 1423 babere
1555 1358 1685 1424 studeat
1700 1369 1733 1422 et
1756 1380 1868 1423 omnes

215 1479 328 1532 contra
350 1465 437 1531 illam
461 1487 576 1552 pacem
601 1464 826 1530 discordantes
850 1463 891 1528 ad
916 1485 1028 1528 veram
1053 1462 1262 1528 concordiam
1286 1487 1443 1529 revocare
1467 1464 1653 1529 contendat.

321 1590 454 1656 Certum
479 1601 528 1654 est
551 1590 648 1671 enim,
672 1591 759 1676 quia,
784 1590 868 1653 sicut
892 1590 1074 1675 quisquam,
1099 1591 1126 1653 si
1151 1588 1288 1654 eandem
1312 1590 1491 1670 caritatem,
1516 1588 1604 1653 illam
1627 1589 1701 1653 Deo
1725 1588 1865 1675 placitae

171 1727 197 1766 ro
215 1698 426 1763 fraternitatis
451 1698 630 1776 caritatem,
655 1717 786 1760 servare
811 1696 930 1782 poterit
953 1706 985 1759 et
1007 1695 1156 1778 nolucrit,
1181 1695 1224 1759 ad
1254 1695 1409 1782 palatium
1436 1697 1581 1760 caritatis
1605 1696 1776 1783 pervenire
1800 1719 1865 1760 non

215 1805 343 1892 poterit,
368 1804 423 1884 ita,
447 1804 475 1866 si
499 1801 580 1883 illos,
606 1823 687 1888 quos
713 1813 826 1867 contra
849 1802 985 1866 eandem
1011 1801 1193 1866 dilectionis
1217 1803 1375 1866 unitatem
1399 1801 1594 1867 dissidentes
1618 1804 1809 1889 cognoverit
1832 1813 1866 1868 et

214 1912 286 1977 illos
309 1910 352 1975 ad
374 1921 484 1975 tantae
508 1907 720 1973 beatitudinis
744 1910 831 1973 viam
855 1930 1010 1972 revocare
1034 1909 1153 1994 poterit
1176 1921 1209 1974 et
1233 1910 1362 1989 virtute,
1387 1931 1452 1996 qua
1467 1909 1565 1991 valet,
1590 1910 1863 1990 concertarent,

214 2021 285 2105 ipse
320 2016 383 2081 sibi
418 2015 564 2080 eiusdem
595 2013 806 2080 beatitudinis
836 2016 969 2079 ianuam
999 2016 1079 2078 seris
1114 2014 1324 2079 validissimis
1360 2015 1492 2080 claudit.
1545 2015 1702 2082 Similiter
1737 2038 1866 2102 quoque

214 2126 391 2190 iustissimo
407 2123 472 2188 Dei
496 2121 618 2187 iudicio
643 2122 781 2187 eandem
806 2121 955 2186 calcandi
979 2123 1126 2186 semitam
1151 2120 1355 2186 obstaculum
1379 2121 1441 2186 sibi
1465 2123 1610 2209 opponit,
1635 2123 1662 2187 si
1686 2122 1865 2187 secundum

171 2261 196 2299 ιι
215 2232 379 2320 qualitatis
403 2253 481 2295 suae
504 2228 647 2311 modum,
672 2251 783 2294 omnes
807 2230 840 2293 in
863 2228 938 2293 Deo
961 2230 1130 2292 unanimes
1161 2251 1201 2292 ne
1232 2229 1265 2292 in
1296 2226 1462 2293 baratrum
1493 2228 1675 2295 discordiae
1699 2241 1866 2315 proruant,

215 2351 370 2427 quantum
394 2338 489 2401 reniti
513 2335 690 2422 praevalet,
714 2335 851 2400 viriliter
875 2359 939 2399 non
963 2335 1139 2400 contendit.
1175 2335 1270 2400 Haec
1286 2335 1329 2400 ad
1345 2336 1405 2400 hoc
1421 2358 1487 2399 non
1501 2335 1644 2401 humana
1659 2346 1866 2421 argumenta·

214 2448 301 2510 tione
326 2455 466 2531 reperta,
491 2442 549 2507 sed
573 2441 685 2506 divina
708 2453 776 2506 tota
800 2440 869 2506 orbi
893 2453 1052 2506 terrarum
1076 2440 1214 2506 docente
1239 2444 1430 2507 auctoritate
1450 2442 1568 2506 diffusa
1583 2454 1681 2529 atquc
1699 2443 1867 2507 notissima

214 2552 335 2640 ubique
359 2550 470 2615 valere
494 2547 625 2629 debent,
654 2561 699 2629 ut,
730 2548 928 2634 ubicumque
952 2547 1072 2612 fuerint
1096 2548 1331 2630 discordantes,
1362 2547 1405 2612 ad
1429 2548 1636 2613 concordiam
1660 2560 1864 2631 revocentur,

214 2658 392 2724 concordes
415 2678 504 2737 vero,
528 2680 570 2720 ne
595 2657 627 2719 in
652 2654 849 2720 discordiam
873 2666 1038 2740 proruant,
1062 2653 1104 2718 ab
1127 2655 1300 2734 universis,
1325 2655 1381 2741 qui
1405 2654 1605 2741 praevalent,
1630 2667 1790 2721 tueantur.

168 2813 195 2852 20
320 2783 381 2847 His
405 2783 451 2846 ita
475 2781 659 2844 summatim
683 2779 880 2866 praemissis
905 2778 1006 2841 series
1023 2777 1118 2842 huius
1134 2778 1286 2843 dictionis
1303 2778 1453 2866 postulat,
1478 2790 1513 2843 ut
1529 2778 1730 2866 subsequens
1747 2803 1863 2863 sermo,

214 2914 273 2956 cur
296 2889 373 2955 talia
397 2888 577 2975 praemissa
601 2888 674 2968 sint,
699 2886 806 2950 lucide
830 2884 963 2971 pandat.

322 3014 409 3095 Quia
432 3014 540 3098 igitur,
565 3023 600 3076 ut
623 3011 776 3076 universo
801 3009 1024 3075 ecclesiastico
1049 3010 1154 3074 ordini
1179 3009 1345 3074 revelante
1370 3008 1494 3096 Spiritu
1525 3023 1638 3075 sancto
1668 3022 1779 3076 notum
1804 3021 1863 3094 est,

214 3124 298 3187 inter
321 3132 431 3186 cetera
447 3119 577 3206 pietatis
595 3118 790 3182 documenta
806 3127 945 3180 testante
962 3115 1108 3203 apostolo
1123 3115 1216 3197 fides,
1241 3139 1326 3203 spes,
1351 3117 1470 3181 caritas
1487 3119 1692 3204 praeminent
1707 3119 1863 3205 ipsaeque
1883 3140 1932 3181 ιιι
1949 3141 2001 3183 cos.

213 3251 339 3293 rursum
372 3227 507 3291 virtutes
538 3249 597 3312 per
627 3224 842 3311 prudentiam,
873 3224 1133 3310 temperantiam,
1164 3222 1384 3288 fortitudinem
1415 3236 1513 3310 atquc
1545 3225 1700 3289 iustitiam
1731 3236 1862 3289 auctore
1904 3194 1979 3244 Μ

168 3363 195 3401 rs
213 3335 287 3399 Deo
312 3332 543 3398 inviolabiliter
572 3341 816 3410 conservantur,
848 3331 893 3393 ita
923 3353 1035 3394 rursus
1065 3329 1140 3394 illae
1170 3340 1322 3415 quattuor
1352 3329 1395 3394 ad
1424 3331 1598 3395 humanam
1622 3330 1788 3396 derivatae
1813 3355 1863 3396 so·

213 3441 318 3507 briam
342 3440 622 3505 conversationem
646 3461 706 3524 per
720 3438 888 3518 rationem,
913 3435 1153 3516 discretionem,
1178 3435 1381 3501 honestatem
1398 3448 1495 3523 atquc
1516 3436 1686 3502 utilitatem
1704 3436 1865 3503 habentur

213 3535 310 3635 atquc
334 3557 484 3629 utuntur3
516 3544 686 3631 nullusque
717 3544 786 3607 istis
811 3565 925 3607 carens
956 3542 1027 3607 illas
1055 3544 1199 3630 perfecte
1232 3542 1352 3607 habere
1383 3544 1489 3630 potuit
1518 3566 1579 3608 nec
1610 3545 1657 3608 eis
1688 3546 1760 3626 rite,
1790 3545 1863 3609 istis

213 3655 340 3742 spretis,
365 3652 540 3739 aliquando
564 3652 611 3716 uti
635 3649 827 3738 praevaluit.
867 3649 910 3714 Et
933 3651 1082 3736 quamvis
1106 3651 1171 3714 sint
1194 3649 1356 3737 quaedam
1381 3673 1423 3714 ex
1446 3652 1494 3715 eis
1513 3650 1687 3715 humanam
1704 3652 1863 3716 rationem

214 3760 421 3842 excedentes,
446 3770 481 3823 ιιι
504 3769 578 3822 sunt
601 3757 765 3840 nonnulla,
797 3779 881 3843 quae
912 3756 981 3821 sola
1004 3756 1068 3821 fide
1092 3757 1208 3842 attingi
1233 3768 1369 3843 possunt
1398 3769 1431 3821 et
1458 3757 1499 3821 ob
1523 3757 1585 3823 hoc
1608 3756 1787 3822 ineffabilia
1810 3759 1864 3824 vel

169 3895 196 3934 so
214 3864 555 3954 incomprehensibilia
579 3863 741 3945 dicuntur,
765 3864 955 3928 auctoritate
979 3875 1088 3928 tamen
1112 3862 1225 3928 divina
1248 3864 1281 3927 in
1305 3865 1407 3928 sacris
1423 3863 1653 3944 voluminibus,
1678 3875 1863 3930 sanctorum

215 3976 311 4039 etiam
343 3971 574 4038 catholicorum
605 3981 733 4057 patrum
764 3969 890 4051 edictis,
921 3969 994 4033 Deo
1025 3969 1201 4050 revelante,
1233 3970 1373 4057 qualiter
1403 3970 1517 4035 cadem
1546 3971 1688 4035 tenenda
1711 3971 1763 4036 vel
1788 3995 1863 4036 con·

214 4081 336 4146 fitenda
359 4080 432 4160 sint,
458 4078 658 4142 sufficienter
681 4077 919 4163 repperiuntur.
961 4075 1106 4162 Ideoque
1131 4098 1236 4161 poene
1260 4074 1302 4140 ab
1320 4076 1468 4141 omnibus
1485 4076 1699 4159 desideratur,
1723 4089 1862 4164 optatur,

215 4189 390 4274 quaeritur,
414 4196 450 4250 ut
472 4186 598 4250 ratione
622 4193 809 4270 praeeunte,
834 4183 1008 4247 comitante
1024 4181 1077 4246 vel
1094 4181 1313 4268 subsequente
1330 4184 1363 4246 in
1387 4182 1536 4248 omnibus
1560 4183 1612 4248 vel
1637 4183 1677 4250 de
1701 4183 1861 4266 omnibus,

214 4294 300 4359 unde
325 4303 432 4358 certus
456 4314 527 4356 esse
551 4290 726 4371 desiderat,
758 4288 848 4354 salva
872 4277 911 4353 'ct
938 4289 1121 4375 anteposita
1150 4311 1280 4376 semper
1310 4301 1342 4354 et
1373 4288 1493 4376 ubique
1525 4288 1636 4354 divina
1659 4292 1861 4373 auctoritate,

170 4427 196 4466 re
214 4424 279 4466 non
309 4401 398 4488 prius
429 4397 574 4486 qualibet
604 4396 747 4460 humana
777 4394 1006 4460 adinventione
1037 4407 1220 4482 opponatur
1251 4417 1348 4482 quam
1379 4396 1448 4460 utili
1472 4397 1596 4460 ratione
1621 4397 1798 4462 instruatur
1820 4408 1862 4478 ct,

214 4507 442 4594 undecumque
467 4515 575 4569 certus
599 4525 671 4567 esse
695 4501 869 4584 desiderat,
894 4501 1033 4589 pleniter
1056 4500 1230 4566 imbuatur.

321 4630 449 4695 Idcirco
474 4651 552 4714 crgo
576 4649 780 4713 summopere
805 4626 987 4691 cavendum
1012 4636 1071 4708 est,
1099 4649 1140 4690 ne
1165 4626 1286 4690 homini
1310 4625 1459 4690 rationali
1482 4629 1640 4692 rationem
1664 4627 1863 4692 desideranti

215 4751 311 4826 atque
336 4737 483 4824 poscenti
506 4734 571 4799 ullo
595 4733 690 4798 modo
715 4734 796 4798 ratio
813 4732 1036 4814 interdicatur,
1060 4734 1121 4797 nisi
1138 4743 1263 4797 tantum
1280 4733 1312 4796 in
1329 4732 1389 4812 his,
1414 4745 1449 4796 ut
1465 4757 1563 4820 supra
1579 4747 1863 4798 commemoratum

215 4857 273 4926 est,
298 4841 472 4908 ineffabilis
496 4853 586 4906 tanta
609 4863 648 4904 ac
672 4840 745 4905 talis
769 4852 919 4904 occurrat
941 4837 1134 4920 sublimitas,
1165 4840 1217 4903 cui
1250 4841 1364 4904 merito
1388 4841 1542 4904 universa
1565 4840 1706 4905 humana
1730 4864 1764 4904 se
1789 4840 1863 4904 sub·

170 4975 198 5014 co
216 4962 339 5016 sternat
361 4949 617 5014 ratiocinationis
641 4946 814 5012 humilitas.
854 4945 941 5026 Quia
956 4968 1034 5010 vcro
1059 4969 1123 5010 uno
1139 4947 1254 5032 pretio,
1275 4947 1395 5011 Christi
1419 4945 1575 5011 videlicet
1598 4948 1767 5030 sanguine,
1792 4947 1863 5012 red·

216 5058 325 5145 empti,
350 5056 465 5122 fratres
489 5078 599 5120 sumus
623 5066 655 5119 et
678 5056 748 5141 ipso
765 5054 950 5133 miserante,
975 5053 1066 5117 cuius
1083 5052 1306 5117 misericordia
1322 5052 1355 5117 id
1372 5053 1482 5134 simus,
1507 5054 1660 5137 cognosci
1678 5056 1863 5137 meruimus,

216 5187 290 5229 cum
314 5164 401 5229 omni
425 5163 542 5227 mentis
566 5161 695 5241 affectu,
720 5171 755 5224 ut
778 5182 878 5246 supra
893 5170 1179 5223 commemoratum
1195 5170 1254 5239 est,
1279 5161 1504 5224 necessitatem
1521 5160 1655 5224 fratrom
1672 5173 1864 5242 nostrorum,

215 5272 313 5336 totius
345 5269 468 5334 scilicet
497 5269 626 5355 imperii
658 5265 873 5332 Orientalium
904 5265 1134 5346 Romanorum,
1166 5265 1207 5329 ad
1239 5266 1352 5331 intima
1383 5267 1490 5331 cordis
1520 5268 1620 5330 nostri
1651 5268 1779 5330 viscera
1809 5266 1864 5331 ad·

216 5378 343 5441 mittere
367 5374 535 5456 debemus,
567 5396 704 5460 quorum
732 5369 954 5436 inviolabilem
978 5372 1147 5435 caritatem
1171 5369 1214 5436 ob
1237 5371 1359 5436 nullam
1382 5372 1479 5437 aliam
1503 5372 1748 5460 disceptationis
1771 5397 1865 5438 occa·

170 5484 340 5549 saionem
363 5482 459 5546 nimis
483 5480 606 5545 duriter
636 5493 677 5558 et,
707 5491 743 5543 ut
765 5478 874 5543 multis
905 5476 1044 5559 videtur,
1075 5477 1348 5543 inrationabiliter
1377 5480 1511 5544 scissam
1543 5503 1614 5542 esse
1643 5481 1865 5566 cognovimus,

216 5591 278 5654 nisi
303 5588 545 5676 quodquidam
569 5587 696 5652 illorum
727 5609 792 5650 una
822 5608 895 5650 cum
919 5583 1102 5649 Michahele
1131 5597 1164 5649 et
1187 5584 1367 5672 Theophila
1397 5584 1658 5672 imperatoribus,
1689 5588 1866 5653 carissimis

215 5696 370 5761 fratribus
394 5695 523 5777 nostris,
547 5695 706 5780 imagines
723 5705 908 5757 sanctorum
925 5713 989 5754 non
1005 5689 1126 5754 habere
1150 5691 1273 5772 volunt,
1297 5693 1430 5779 quidam
1448 5714 1525 5757 vero
1542 5705 1676 5757 econtra
1692 5716 1733 5757 ex
1750 5694 1866 5758 cadem

323 5901 339 5947 4
359 5903 400 5946 est
416 5895 483 5946 dccet
500 5895 532 5946 P.
605 5897 639 5946 35
658 5889 745 5960 prius]
765 5894 866 5958 scuppla:
885 5892 1042 5957 quidquam.
1115 5889 1276 5956 instruatur]
1297 5893 1417 5959 intelligit:
1437 5893 1533 5944 tidelis.

271 6000 316 6041 tt..
331 5998 430 6040 conclus
444 5997 473 6039 n.
1618 6003 1653 6052 66

1808 6493 2386 6667 ,μ
