4884 6717
685 537 737 596 44.
773 537 993 598 concussu
1015 535 1245 596 PARISIENSE
1269 538 1305 592 A.
1327 535 1402 596 825.
1808 532 1872 596 517

324 724 367 789 Et
389 737 464 812 post
486 735 612 794 sensas:
638 729 721 789 Hoc¹
744 743 771 790 et
794 735 830 792 ab
852 736 980 805 exemplo
1001 734 1129 805 imaginis
1149 734 1323 804 imperatoris
1344 733 1476 788 amentius
1495 734 1557 804 quis
1573 733 1747 790 considerare
1763 737 1873 805 poterit

216 842 304 913 Igitur
331 842 359 894 in
387 842 506 912 imagine
528 842 700 912 imperatoris
728 842 875 895 similitudo
905 850 933 895 et
959 841 1048 894 sonna
1070 847 1127 895 est:
1154 847 1184 894 et
1212 840 1240 893 in
1268 840 1433 910 imperatore
1462 841 1574 910 quidem
1603 858 1677 911 quae
1704 842 1733 896 iu
1754 842 1874 913 imagine

217 949 365 1002 similitudo
388 955 443 1016 est3
473 948 651 1004 immutabilis
681 948 754 1004 euim
776 955 817 1002 est
838 965 913 1018 quae
935 948 962 1001 in
983 947 1103 1018 imagine
1126 947 1298 1016 imperatoris
1320 947 1478 1016 similitudo,
1504 949 1635 1017 quatinus
1661 948 1709 1018 qui
1739 949 1873 1019 conspicit

217 1055 365 1126 bnagincm
386 1055 463 1109 ridet
483 1055 511 1109 in
533 1055 594 1125 ipsa
615 1056 824 1125 imperatorem
854 1062 882 1109 et
911 1054 1008 1108 itemm
1036 1054 1084 1124 qni
1113 1054 1181 1106 vidit
1203 1053 1397 1123 imperatorem
1420 1053 1571 1124 cognoscit,
1597 1054 1728 1124 quoniam
1757 1055 1801 1109 hie
1823 1062 1874 1124 est,

186 1163 266 1233 equi
288 1163 317 1218 in
337 1161 467 1232 imagine.
510 1162 577 1215 Ideo
600 1162 675 1232 quod
695 1179 751 1215 non
772 1162 929 1216 immutetur
950 1160 1096 1214 similitudo
1119 1159 1165 1230 qui
1189 1160 1308 1214 voluerit
1329 1177 1391 1213 cum
1413 1160 1531 1230 hnagine
1554 1160 1648 1214 videre
1670 1160 1875 1231 imperatorem,

218 1269 292 1326 diem
313 1285 450 1338 namque:
478 1268 539 1338 Ego
568 1275 597 1322 ct
625 1269 775 1338 imperator
791 1285 886 1342 ,unum
908 1285 1014 1332 sumus3
1044 1283 1096 1336 ego
1126 1265 1199 1320 enim
1221 1266 1249 1319 in
1272 1283 1305 1318 eo
1328 1283 1387 1319 sum
1410 1274 1437 1319 et
1460 1266 1508 1321 ille
1531 1267 1557 1320 in
1581 1284 1634 1332 me,
1663 1276 1689 1321 et
1712 1269 1787 1338 quod
1809 1286 1873 1322 cou-

219 1375 302 1445 spicis
329 1376 357 1428 in
383 1391 439 1444 me,
466 1374 519 1428 hoc
541 1375 570 1428 in
596 1375 646 1430 illo
674 1374 762 1444 vides,
790 1381 819 1427 et
845 1374 921 1444 quod
948 1373 1039 1427 vidisti
1066 1372 1094 1426 iu
1115 1373 1175 1441 ille,
1203 1373 1255 1426 hoc
1285 1373 1361 1426 vides
1388 1382 1415 1426 ct
1445 1373 1472 1426 iu
1500 1391 1553 1426 me.
1599 1373 1653 1437 Qu
1676 1374 1748 1428 cuim
1771 1375 1874 1430 salutat

218 1482 366 1552 imaginem
388 1480 417 1535 in
439 1482 500 1551 ipsa
520 1482 623 1535 salutat
643 1481 844 1551 imperatorem.
890 1480 1037 1534 Enimvero
1058 1479 1130 1533 illius
1152 1479 1241 1532 forma
1263 1487 1290 1532 et
1312 1479 1418 1548 species
1440 1487 1483 1532 est
1503 1480 1595 1550 imago
1619 1480 1651 1533 et
1675 1482 1793 1536 cetera.

326 1578 411 1642 Item
434 1579 541 1669 sancti,
561 1577 729 1642 Anastasii
753 1577 899 1664 episcopi
914 1575 1118 1662 Theopoleos
1142 1574 1184 1639 ad
1202 1575 1398 1662 Symeonem
1422 1577 1612 1662 episcopum
1636 1576 1789 1641 Bostrae:
1813 1583 1874 1656 81²,

175 1713 203 1754 ro
219 1703 322 1765 patres,
343 1702 452 1764 oportet
474 1695 623 1748 secuudum
645 1694 795 1764 eloquium,
816 1699 846 1747 nt
867 1700 896 1746 tu
919 1692 1027 1760 asseris,
1047 1693 1228 1762 interrogare,
1249 1693 1361 1762 insuper
1382 1699 1474 1746 autem
1496 1701 1525 1745 et
1546 1693 1676 1747 seniores.

326 1791 371 1856 Et
394 1802 467 1878 poet
489 1813 612 1878 pauca:
637 1796 735 1856 sicut⁸
757 1800 829 1854 eamr
851 1799 966 1854 absente
990 1799 1101 1869 quidem
1123 1798 1289 1868 imperatore
1310 1798 1402 1869 insago
1425 1799 1483 1852 eius
1505 1817 1556 1868 pro
1578 1817 1611 1852 eo
1633 1800 1772 1862 adoratur,
1793 1818 1873 1871 prae·

220 1917 297 1964 sente
320 1926 386 1980 ergo
409 1908 467 1979 ipso
490 1907 657 1978 superfluum
685 1915 727 1961 est
753 1907 910 1977 relinquere
939 1905 1054 1976 primam
1082 1905 1197 1960 tonnam
1221 1912 1249 1958 et
1270 1905 1386 1960 adorare
1408 1905 1566 1976 imaginem,
1593 1924 1684 1960 norme
1706 1907 1772 1977 quia
1794 1925 1874 1977 prae·

219 2016 307 2070 fertur
328 2025 440 2085 propter
460 2014 646 2085 praesentiam
668 2032 718 2083 pro
741 2031 797 2084 quo
819 2014 958 2080 adorahrr,
978 2011 1136 2066 inhonorari
1158 2029 1220 2068 eam
1243 2011 1374 2081 oportet?

326 2111 371 2176 Et
393 2113 528 2176 iterum:
553 2115 653 2175 Sicut⁴
669 2120 741 2174 euim
757 2119 804 2190 qni
820 2119 928 2174 iniuriat
944 2118 1091 2189 imaginem
1107 2119 1280 2189 imperatoris
1295 2136 1412 2188 poenam
1428 2118 1528 2172 iustam
1544 2119 1688 2173 sustinebit
1711 2119 1789 2174 sicmi
1811 2138 1874 2175 eum

176 2245 203 2286 ra
220 2229 308 2299 ipsura
331 2229 523 2298 imperatorem
544 2228 718 2282 inhonorans.
751 2226 860 2280 Etenim
882 2225 1001 2294 imagine
1023 2225 1089 2279 nilril
1113 2225 1187 2279 aliud
1211 2225 1345 2279 existente
1366 2225 1416 2282 nisi
1440 2225 1544 2295 lignum
1559 2242 1621 2278 cum
1636 2225 1775 2280 coloribus
1792 2244 1875 2282 cerae

219 2334 312 2388 mixtis
333 2342 362 2388 ct
383 2335 604 2404 contemperatis,
626 2333 706 2387 simili
729 2333 810 2386 modo
834 2332 882 2402 qui
904 2333 1010 2402 signmn
1032 2331 1180 2386 cuiuslibet
1201 2332 1346 2386 inhonorat
1368 2332 1394 2386 in
1412 2349 1473 2386 cum
1490 2332 1588 2401 ipsum,
1610 2333 1686 2386 cuius
1701 2333 1807 2404 signum
1824 2341 1875 2402 est,

220 2442 306 2496 refert
327 2441 453 2495 iniuriam
475 2440 508 2495 et
531 2441 649 2495 cetera

327 2538 367 2602 ln
390 2537 525 2602 historia
546 2537 709 2623 tripertita
731 2535 805 2599 libri
829 2535 912 2600 sexti
936 2556 1007 2621 cap.
1026 2534 1277 2620 quadragesimo
1294 2535 1398 2620 primo
1416 2534 1615 2600 Sozomenus
1632 2536 1754 2621 inquit:
1780 2541 1875 2600 ΙΙΙιιιί5

220 2672 343 2726 quoquc,
365 2655 440 2726 quod
461 2654 511 2708 sub
535 2654 641 2708 Iuliano
662 2653 799 2723 provenit,
820 2669 932 2706 narrare
953 2669 1008 2705 non
1030 2651 1107 2706 sileo.
1150 2651 1214 2705 Fuit
1236 2651 1308 2705 enim
1330 2651 1437 2722 signnm
1459 2651 1570 2721 quidem
1593 2651 1700 2705 sinatis
1722 2651 1821 2705 Christi
1845 2660 1874 2707 et

175 2779 204 2822 aa
220 2763 349 2816 iudicium
381 2767 478 2816 contra
509 2761 659 2830 principem
692 2759 850 2814 iracundiae
880 2759 943 2812 Dei.
994 2757 1063 2812 Cum
1090 2758 1162 2812 enim
1191 2758 1349 2828 agnovisset
1383 2758 1410 2812 iu
1437 2759 1576 2812 Caesarea
1605 2757 1726 2828 Philippi
1760 2759 1874 2814 civitate

220 2868 380 2937 pheniciae,
402 2884 484 2938 quam
500 2867 625 2921 Pansam
647 2867 793 2934 vocabant,
814 2865 919 2936 insigne
936 2865 1035 2918 Christi
1059 2882 1119 2918 csse
1142 2865 1325 2932 simulacrum,
1347 2865 1421 2934 quod
1444 2864 1583 2934 sanguiris
1605 2864 1723 2918 liberata
1738 2864 1872 2934 profluvio

220 2975 408 3044 constituerat,
434 2991 468 3029 eo
498 2974 623 3044 deposito
651 2991 729 3028 suam
758 2972 794 3027 ibi
823 2979 943 3026 statuam
969 2971 1124 3026 collocarit.
1170 2971 1250 3035 Quae
1272 2971 1394 3025 violento
1417 2971 1480 3042 igne
1502 2972 1537 3024 de
1559 2971 1639 3024 caelo
1661 2972 1777 3026 cadente
1799 2972 1874 3027 circa

221 3082 279 3136 eius
299 3089 396 3152 pectus
417 3082 506 3136 divisa
527 3089 569 3134 est
591 3087 619 3136 et
641 3086 726 3151 caput
747 3096 809 3133 cum
831 3078 939 3132 cervice
960 3095 1015 3133 msa
1036 3085 1115 3148 parte
1137 3078 1274 3132 deiectum
1296 3085 1381 3147 atque
1404 3077 1431 3131 in
1452 3085 1527 3131 terra
1548 3076 1647 3146 firum3
1675 3078 1785 3149 reliqua
1807 3097 1872 3134 vero

220 3206 285 3259 pars
312 3188 445 3243 hactenns
471 3189 571 3242 restitit
601 3195 628 3242 et
655 3187 775 3242 fulminis
804 3186 933 3241 iudicium
960 3185 1118 3239 reservavit.
1165 3183 1290 3240 Statuam
1321 3202 1386 3237 vero
1408 3184 1509 3237 Christi
1538 3193 1601 3237 tuuc
1632 3184 1744 3254 quidem
1771 3186 1873 3256 pagani

175 3312 203 3353 aa
220 3295 361 3349 trahentes
382 3295 584 3366 confregerunt.
629 3295 732 3348 Postea
753 3311 820 3346 vero
842 3293 988 3350 Christiani
1011 3292 1175 3362 colligentes
1196 3292 1224 3345 in
1247 3291 1391 3344 ecclesiam
1414 3291 1634 3358 recondiderunt,
1662 3309 1718 3360 quo
1741 3290 1875 3346 hacteuus

219 3410 382 3456 reservatur.

327 3499 409 3564 Item
435 3500 504 3586 ipae
529 3521 601 3585 cap.
626 3497 750 3564 XLII.:
775 3502 861 3561 Ηοο6
883 3507 977 3578 itaque
999 3506 1184 3572 simulacrum,
1205 3505 1283 3558 sicuti
1305 3505 1389 3559 refert
1411 3505 1555 3566 Eusebius,
1577 3504 1696 3558 ommam
1718 3504 1874 3574 passionum

219 3623 249 3669 ct
270 3615 470 3684 aegrimdmmu
498 3615 618 3669 noscitur
644 3631 704 3668 esse
730 3613 968 3678 medicamentum,
996 3612 1071 3666 iaxta
1101 3612 1176 3682 quod
1203 3612 1340 3680 squaedam
1369 3610 1455 3664 herba
1476 3611 1622 3683 genninat,
1650 3612 1727 3665 cuius
1754 3612 1874 3681 speciem

219 3723 312 3775 nullus
333 3730 443 3776 nostrae
464 3729 554 3775 terrae
576 3721 697 3774 medicus
719 3720 783 3773 lieet
804 3727 933 3789 expertus
955 3718 1083 3789 agnovit3
1109 3717 1174 3772 mihi
1197 3735 1317 3788 iramque
1340 3717 1457 3786 videtur,
1479 3718 1544 3788 quia
1567 3718 1731 3772 adveniente
1755 3717 1872 3771 Doruine

174 3843 204 3885 aa
220 3830 325 3883 nullum
347 3829 508 3883 miraculum
529 3828 690 3897 nullumque
711 3825 876 3881 beneficium
897 3825 987 3896 putari
1008 3824 1093 3879 debet
1113 3824 1283 3878 incredulum
1308 3825 1340 3877 et
1363 3826 1483 3879 cetera.

327 3925 365 3989 In
390 3925 525 3990 historia
539 3922 720 4010 Auglomm
744 3922 819 3988 libri
835 3924 931 4009 primi
948 3944 1020 4009 cap.
1037 3920 1158 4001 XXV,
1183 3922 1275 3984 cuius
1300 3921 1443 3984 initium:
1468 3924 1646 3985 ltoborsnn⁷
1668 3929 1874 3985 confirmatione

219 4041 295 4096 beati
309 4042 395 4112 patris
411 4041 538 4112 Gregorii
554 4041 732 4110 Augustinus,
747 4039 919 4094 conisinulus
934 4038 1045 4106 Christi,
1066 4038 1114 4109 qni
1131 4047 1191 4091 erat
1206 4055 1267 4092 curn
1290 4055 1332 4098 esi,
1354 4037 1435 4091 rediit
1457 4038 1483 4091 in
1506 4056 1575 4107 opus
1591 4037 1667 4090 verbi
1687 4037 1871 4108 pervenitque

220 4149 399 4203 Britanniam.
443 4149 512 4202 Erat
533 4165 568 4202 eo
589 4157 713 4217 tempore
734 4164 782 4200 rex
806 4145 966 4200 Edilbereth
988 4145 1015 4200 iu
1037 4145 1136 4198 Cantia
1158 4144 1369 4214 potentissimus.

326 4245 370 4309 Et
392 4257 467 4332 post
490 4268 596 4332 pauca
625 4245 658 4308 in
689 4243 805 4308 eadem
835 4243 982 4329 sequitur
1005 4240 1158 4328 epistola:
1189 4247 1284 4305 Post
1312 4251 1371 4305 dies
1394 4269 1460 4320 ergo
1482 4252 1557 4308 venit
1579 4251 1614 4304 ad
1638 4251 1753 4306 ursulam
1776 4268 1823 4305 rex
1842 4257 1871 4306 et

174 4377 201 4417 aa
218 4362 341 4416 residens
362 4362 414 4417 sub
436 4363 500 4416 divo
522 4362 600 4415 iussit
614 4361 798 4432 augustinum
820 4377 882 4413 cum
903 4359 983 4412 sociis
1005 4358 1040 4412 ad
1063 4376 1139 4412 suum
1163 4356 1263 4412 ibidem
1283 4358 1413 4412 advenire
1435 4358 1620 4428 conloquimu.
1654 4357 1776 4412 Caverat
1791 4357 1875 4428 cuim,

218 4487 253 4524 ne
276 4470 303 4523 in
325 4469 447 4539 aliquam
469 4470 579 4524 domum
602 4469 637 4521 all
660 4485 689 4522 se
712 4467 853 4522 introirent
875 4466 961 4522 veteri
982 4484 1047 4520 usas
1068 4465 1193 4534 augurio,
1213 4482 1249 4518 ne
1271 4473 1438 4535 superventu
1460 4483 1519 4524 sut).
1541 4463 1562 4517 si
1579 4465 1646 4535 quid
1662 4463 1790 4520 maleficii
1807 4464 1874 4518 arus

218 4575 389 4644 habuissent,
410 4595 473 4630 eum
488 4576 644 4646 superando
665 4575 835 4644 deciperent.
872 4574 911 4627 At
931 4574 972 4627 illi
995 4591 1049 4627 uon
1071 4571 1244 4640 daemonica,
1266 4572 1313 4624 sed
1336 4571 1429 4626 divina
1452 4571 1552 4625 nrtutc
1573 4571 1691 4641 praediti
1715 4570 1875 4640 veniebant,

218 4701 327 4738 cracem
360 4702 411 4754 pro
438 4683 540 4738 vexillo
568 4682 688 4737 ferentes
718 4687 879 4750 argenteam
913 4686 941 4736 et
968 4680 1113 4750 imaginem
1140 4678 1252 4733 Domini
1281 4678 1426 4732 salvatoris
1453 4678 1480 4731 in
1507 4678 1603 4732 tabula
1625 4677 1763 4747 depictam
1785 4678 1871 4731 laeta·

217 4790 334 4860 uiasque
355 4799 486 4845 canentes
506 4809 556 4860 pro
579 4805 629 4844 sua
650 4789 729 4843 simul
753 4795 781 4842 et
802 4805 906 4856 eorum,
927 4794 1039 4856 propter
1054 4804 1125 4856 quos
1140 4793 1169 4840 et
1188 4786 1224 4839 ad
1247 4804 1317 4856 quos
1339 4793 1482 4854 venerant,
1503 4785 1594 4840 salute
1615 4794 1730 4840 aeterna
1752 4783 1872 4838 Domino

173 4909 202 4950 aa
218 4897 420 4967 supplicabant.

326 4993 408 5058 Item
432 4995 593 5080 sequitur:
616 4999 733 5058 Fernu⁹
755 5009 858 5064 antem,
880 5001 946 5071 qnia
967 4999 1221 5070 appropinquantes
1243 4999 1348 5052 civitati
1370 5015 1446 5052 more
1469 5017 1517 5052 suo
1539 5015 1600 5051 cnm
1623 5014 1705 5052 curce
1727 5004 1823 5050 sanem
1844 5004 1874 5052 ct

218 5110 338 5182 imagine
358 5111 452 5180 magni
474 5111 547 5181 regis
568 5111 669 5164 domini
691 5109 776 5163 auaui
799 5109 863 5164 Iesu
884 5107 984 5160 Christi
1006 5106 1076 5161 hauc
1098 5106 1248 5161 laetaniam
1276 5123 1397 5158 consona
1423 5122 1491 5158 voce
1514 5104 1734 5158 modularentur:
1765 5103 1873 5173 Depre·

326 5349 446 5417 lldicat]
465 5370 497 5404 sc.
516 5355 616 5419 imago.
689 5353 721 5403 18
741 5351 951 5417 quadragesimo
969 5351 1036 5401 deest
1054 5348 1084 5399 P.
1158 5343 1335 5412 sozomenus]
1356 5349 1522 5399 Zosemenns
1541 5346 1572 5398 P.

328 5581 358 5666 1)
381 5586 565 5657 Athanasius,
591 5585 691 5644 Oratio
715 5589 734 5645 3
756 5586 895 5643 adoneus
917 5584 1061 5642 Arrianus
1083 5605 1107 5642 e.
1124 5589 1162 5653 5,·
1187 5585 1261 5660 Opp
1288 5584 1310 5653 I,
1337 5588 1363 5652 1,
1387 5587 1457 5642 439.
1563 5573 1594 5660 2)
1620 5581 1669 5656 Cf.
1697 5581 1781 5641 Cone.
1806 5580 1871 5639 Nic.

172 5714 201 5754 a
218 5705 273 5753 acc.
298 5695 372 5764 na,-
395 5697 413 5752 ι.
436 5696 455 5752 ι.
481 5693 567 5764 aare
585 5697 635 5752 se.
706 5685 737 5770 3)
760 5691 878 5749 rosam.
948 5681 980 5772 4)
1003 5691 1129 5762 raam„-
1153 5693 1172 5747 r.
1197 5693 1214 5748 r.
1241 5690 1327 5762 rra,
1344 5694 1395 5749 57.
1466 5683 1496 5767 a)
1521 5687 1718 5760 caesones,
1742 5687 1874 5746 asnaa

219 5802 365 5878 tripurffla
387 5801 540 5870 V1c.41,·
565 5801 662 5877 Opera
685 5799 728 5856 cd.
747 5797 841 5857 Garat
854 5799 879 5868 1,
895 5801 967 5858 297.
1009 5797 1041 5854 V.
1057 5818 1148 5874 supra
1166 5817 1200 5873 p.
1217 5801 1281 5857 487
1304 5800 1321 5855 l.
1341 5801 1378 5857 17
1390 5818 1451 5873 sqq.
1541 5787 1573 5876 6)
1596 5794 1671 5853 Ibis.
1697 5816 1720 5853 c.
1737 5799 1797 5866 42,-
1816 5796 1834 5851 l.
1851 5795 1871 5850 l.

220 5901 251 5986 7)
267 5909 360 5980 Beda,
376 5909 507 5966 Historia
523 5908 677 5986 duplorum
694 5906 715 5964 1
726 5927 749 5964 c.
762 5911 821 5975 255
846 5905 918 5980 Opp.
935 5906 978 5962 ed.
996 5903 1076 5963 Giles
1091 5904 1131 5974 Π,
1145 5909 1213 5964 100.
1283 5897 1315 5978 8)
1331 5902 1449 5961 Ιὸίάωι.
1519 5896 1551 5982 9)
1568 5901 1663 5973 lbid.,·
1678 5904 1699 5959 ἱ,
1715 5903 1734 5958 l.
1747 5900 1787 5971 Η,
1801 5903 1870 5960 102.
