<?xml version="1.0" encoding="UTF-8"?>
<!DOCTYPE html PUBLIC "-//W3C//DTD XHTML 1.0 Transitional//EN"
    "http://www.w3.org/TR/xhtml1/DTD/xhtml1-transitional.dtd">
<html xmlns="http://www.w3.org/1999/xhtml" xml:lang="en" lang="en">
 <head>
  <title>
</title>
<meta http-equiv="Content-Type" content="text/html;charset=utf-8" />
  <meta name='ocr-system' content='tesseract 3.04.00' />
  <meta name='ocr-capabilities' content='ocr_page ocr_carea ocr_par ocr_line ocrx_word'/>
</head>
<body>
  <div class='ocr_page' id='page_1' title='image "./monumentagerman02gescgoog/monumentagerman02gescgoog_0030.png"; bbox 0 0 4884 6717; ppageno 0'>
   <div class='ocr_carea' id='block_1_1' title="bbox 389 670 541 721">
    <p class='ocr_par' dir='ltr' id='par_1_1' title="bbox 389 670 541 721">
     <span class='ocr_line' id='line_1_1' title="bbox 389 670 541 721; baseline -0.013 -10"><span class='ocrx_word' id='word_1_1' title='bbox 389 670 541 721; x_wconf 57' lang='lat' dir='ltr'><strong>umam</strong></span> 
     </span>
    </p>
   </div>
   <div class='ocr_carea' id='block_1_2' title="bbox 411 3650 541 3696">
    <p class='ocr_par' dir='ltr' id='par_1_2' title="bbox 411 3650 541 3696">
     <span class='ocr_line' id='line_1_2' title="bbox 411 3650 541 3696; baseline 0.015 -7"><span class='ocrx_word' id='word_1_2' title='bbox 411 3650 459 3692; x_wconf 80' lang='lat' dir='ltr'><strong>lou.</strong></span> <span class='ocrx_word' id='word_1_3' title='bbox 468 3652 500 3696; x_wconf 77' lang='lat' dir='ltr'><strong>tt,</strong></span> <span class='ocrx_word' id='word_1_4' title='bbox 509 3651 541 3691; x_wconf 76' lang='lat'><strong>2¹1.</strong></span> 
     </span>
    </p>
   </div>
   <div class='ocr_carea' id='block_1_3' title="bbox 428 4164 542 4268">
    <p class='ocr_par' dir='ltr' id='par_1_3' title="bbox 428 4164 542 4268">
     <span class='ocr_line' id='line_1_3' title="bbox 428 4164 542 4213; baseline 0.009 -11"><span class='ocrx_word' id='word_1_5' title='bbox 428 4164 542 4213; x_wconf 51' lang='lat' dir='ltr'><strong>iomar.</strong></span> 
     </span>
     <span class='ocr_line' id='line_1_4' title="bbox 428 4218 542 4268; baseline 0.018 -12"><span class='ocrx_word' id='word_1_6' title='bbox 428 4218 542 4268; x_wconf 72' lang='lat' dir='ltr'><strong>msam.</strong></span> 
     </span>
    </p>
   </div>
   <div class='ocr_carea' id='block_1_4' title="bbox 561 457 1743 519">
    <p class='ocr_par' dir='ltr' id='par_1_4' title="bbox 561 457 1743 519">
     <span class='ocr_line' id='line_1_5' title="bbox 561 457 1743 519; baseline -0.003 -1"><span class='ocrx_word' id='word_1_7' title='bbox 561 457 626 519; x_wconf 81' lang='grc'><strong>478</strong></span> <span class='ocrx_word' id='word_1_8' title='bbox 1031 461 1083 517; x_wconf 81' lang='grc'><strong>44.</strong></span> <span class='ocrx_word' id='word_1_9' title='bbox 1120 460 1337 519; x_wconf 65' lang='lat' dir='ltr'><strong>coutimur</strong></span> <span class='ocrx_word' id='word_1_10' title='bbox 1360 458 1587 515; x_wconf 76' lang='lat' dir='ltr'><strong>PARlSlENSE</strong></span> <span class='ocrx_word' id='word_1_11' title='bbox 1613 460 1649 514; x_wconf 86' lang='grc' dir='ltr'><strong>Α.</strong></span> <span class='ocrx_word' id='word_1_12' title='bbox 1670 458 1743 515; x_wconf 84' lang='grc'><strong>825.</strong></span> 
     </span>
    </p>
   </div>
   <div class='ocr_carea' id='block_1_5' title="bbox 558 644 2262 5108">
    <p class='ocr_par' dir='ltr' id='par_1_5' title="bbox 559 644 2247 1480">
     <span class='ocr_line' id='line_1_6' title="bbox 561 644 2214 732; baseline -0.001 -18"><span class='ocrx_word' id='word_1_13' title='bbox 561 649 660 714; x_wconf 89' lang='lat' dir='ltr'><strong>diruti</strong></span> <span class='ocrx_word' id='word_1_14' title='bbox 692 660 776 729; x_wconf 91' lang='lat' dir='ltr'><strong>sunt,</strong></span> <span class='ocrx_word' id='word_1_15' title='bbox 811 648 896 712; x_wconf 87' lang='lat' dir='ltr'><strong>sicut</strong></span> <span class='ocrx_word' id='word_1_16' title='bbox 925 647 966 711; x_wconf 90' lang='lat' dir='ltr'><strong>de</strong></span> <span class='ocrx_word' id='word_1_17' title='bbox 996 647 1154 713; x_wconf 86' lang='lat' dir='ltr'><strong>Hiericho</strong></span> <span class='ocrx_word' id='word_1_18' title='bbox 1184 646 1345 711; x_wconf 88' lang='lat' dir='ltr'><strong>accidisse</strong></span> <span class='ocrx_word' id='word_1_19' title='bbox 1376 645 1504 732; x_wconf 89' lang='lat' dir='ltr'><strong>legitur,</strong></span> <span class='ocrx_word' id='word_1_20' title='bbox 1536 657 1568 709; x_wconf 93' lang='lat' dir='ltr'><strong>et</strong></span> <span class='ocrx_word' id='word_1_21' title='bbox 1598 668 1636 710; x_wconf 91' lang='lat' dir='ltr'><strong>eo</strong></span> <span class='ocrx_word' id='word_1_22' title='bbox 1667 644 1763 710; x_wconf 91' lang='lat' dir='ltr'><strong>modo</strong></span> <span class='ocrx_word' id='word_1_23' title='bbox 1794 645 1905 710; x_wconf 82' lang='lat' dir='ltr'><strong>traditi</strong></span> <span class='ocrx_word' id='word_1_24' title='bbox 1935 658 2011 711; x_wconf 90' lang='lat' dir='ltr'><strong>sunt</strong></span> <span class='ocrx_word' id='word_1_25' title='bbox 2039 648 2073 710; x_wconf 93' lang='lat' dir='ltr'><strong>in</strong></span> <span class='ocrx_word' id='word_1_26' title='bbox 2097 670 2214 712; x_wconf 90' lang='lat' dir='ltr'><strong>manns</strong></span> 
     </span>
     <span class='ocr_line' id='line_1_7' title="bbox 560 750 2213 840; baseline -0.001 -19"><span class='ocrx_word' id='word_1_27' title='bbox 560 767 698 822; x_wconf 87' lang='lat' dir='ltr'><strong>nostras.</strong></span> <span class='ocrx_word' id='word_1_28' title='bbox 743 756 787 819; x_wconf 87' lang='lat' dir='ltr'><strong>Et</strong></span> <span class='ocrx_word' id='word_1_29' title='bbox 816 754 878 819; x_wconf 92' lang='lat' dir='ltr'><strong>hoc</strong></span> <span class='ocrx_word' id='word_1_30' title='bbox 909 755 1139 840; x_wconf 85' lang='lat' dir='ltr'><strong>omnipotentis</strong></span> <span class='ocrx_word' id='word_1_31' title='bbox 1162 753 1227 817; x_wconf 90' lang='lat' dir='ltr'><strong>Dei</strong></span> <span class='ocrx_word' id='word_1_32' title='bbox 1258 753 1449 817; x_wconf 79' lang='lat' dir='ltr'><strong>miraculum</strong></span> <span class='ocrx_word' id='word_1_33' title='bbox 1480 754 1514 817; x_wconf 90' lang='lat' dir='ltr'><strong>in</strong></span> <span class='ocrx_word' id='word_1_34' title='bbox 1544 750 1638 816; x_wconf 91' lang='lat' dir='ltr'><strong>nobis</strong></span> <span class='ocrx_word' id='word_1_35' title='bbox 1666 753 1870 834; x_wconf 86' lang='lat' dir='ltr'><strong>factumest,</strong></span> <span class='ocrx_word' id='word_1_36' title='bbox 1902 752 1990 839; x_wconf 90' lang='lat' dir='ltr'><strong>quod</strong></span> <span class='ocrx_word' id='word_1_37' title='bbox 2019 753 2213 819; x_wconf 76' lang='lat' dir='ltr'><strong>miraculum</strong></span> 
     </span>
     <span class='ocr_line' id='line_1_8' title="bbox 559 857 2213 949; baseline -0.001 -23"><span class='ocrx_word' id='word_1_38' title='bbox 559 884 766 949; x_wconf 89' lang='lat' dir='ltr'><strong>nequaquam</strong></span> <span class='ocrx_word' id='word_1_39' title='bbox 798 861 1056 925; x_wconf 81' lang='lat' dir='ltr'><strong>existimavimus</strong></span> <span class='ocrx_word' id='word_1_40' title='bbox 1087 883 1159 924; x_wconf 88' lang='lat' dir='ltr'><strong>esse</strong></span> <span class='ocrx_word' id='word_1_41' title='bbox 1194 858 1377 940; x_wconf 87' lang='lat' dir='ltr'><strong>celandum,</strong></span> <span class='ocrx_word' id='word_1_42' title='bbox 1409 858 1468 923; x_wconf 89' lang='lat' dir='ltr'><strong>scd</strong></span> <span class='ocrx_word' id='word_1_43' title='bbox 1499 857 1621 945; x_wconf 90' lang='lat' dir='ltr'><strong>ubique</strong></span> <span class='ocrx_word' id='word_1_44' title='bbox 1649 859 1786 945; x_wconf 84' lang='lat' dir='ltr'><strong>gloriam</strong></span> <span class='ocrx_word' id='word_1_45' title='bbox 1809 859 1874 923; x_wconf 93' lang='lat' dir='ltr'><strong>Dei</strong></span> <span class='ocrx_word' id='word_1_46' title='bbox 1898 871 1931 924; x_wconf 93' lang='lat' dir='ltr'><strong>et</strong></span> <span class='ocrx_word' id='word_1_47' title='bbox 1954 860 2119 946; x_wconf 86' lang='lat' dir='ltr'><strong>magnalia</strong></span> <span class='ocrx_word' id='word_1_48' title='bbox 2142 863 2213 925; x_wconf 90' lang='lat' dir='ltr'><strong>eius</strong></span> 
     </span>
     <span class='ocr_line' id='line_1_9' title="bbox 560 965 2213 1053; baseline -0.001 -20"><span class='ocrx_word' id='word_1_49' title='bbox 560 967 828 1033; x_wconf 87' lang='lat' dir='ltr'><strong>adnuntiandum.</strong></span> <span class='ocrx_word' id='word_1_50' title='bbox 875 967 919 1030; x_wconf 84' lang='lat' dir='ltr'><strong>Et</strong></span> <span class='ocrx_word' id='word_1_51' title='bbox 950 966 1011 1031; x_wconf 91' lang='lat' dir='ltr'><strong>boc</strong></span> <span class='ocrx_word' id='word_1_52' title='bbox 1043 966 1139 1030; x_wconf 88' lang='lat' dir='ltr'><strong>modo</strong></span> <span class='ocrx_word' id='word_1_53' title='bbox 1171 990 1244 1031; x_wconf 90' lang='lat' dir='ltr'><strong>cum</strong></span> <span class='ocrx_word' id='word_1_54' title='bbox 1275 965 1438 1052; x_wconf 81' lang='lat' dir='ltr'><strong>triumpho</strong></span> <span class='ocrx_word' id='word_1_55' title='bbox 1470 966 1627 1030; x_wconf 89' lang='lat' dir='ltr'><strong>victoriae</strong></span> <span class='ocrx_word' id='word_1_56' title='bbox 1659 965 1701 1029; x_wconf 89' lang='lat' dir='ltr'><strong>ad</strong></span> <span class='ocrx_word' id='word_1_57' title='bbox 1732 966 1888 1053; x_wconf 89' lang='lat' dir='ltr'><strong>palatium</strong></span> <span class='ocrx_word' id='word_1_58' title='bbox 1919 978 2065 1032; x_wconf 88' lang='lat' dir='ltr'><strong>nostrum</strong></span> <span class='ocrx_word' id='word_1_59' title='bbox 2088 969 2213 1032; x_wconf 89' lang='lat' dir='ltr'><strong>reversi</strong></span> 
     </span>
     <span class='ocr_line' id='line_1_10' title="bbox 560 1072 2247 1160; baseline -0.003 -20"><span class='ocrx_word' id='word_1_60' title='bbox 560 1099 681 1156; x_wconf 87' lang='lat' dir='ltr'><strong>sumus,</strong></span> <span class='ocrx_word' id='word_1_61' title='bbox 706 1086 738 1139; x_wconf 87' lang='lat' dir='ltr'><strong>ct</strong></span> <span class='ocrx_word' id='word_1_62' title='bbox 761 1097 804 1138; x_wconf 82' lang='lat' dir='ltr'><strong>ex</strong></span> <span class='ocrx_word' id='word_1_63' title='bbox 828 1097 866 1138; x_wconf 91' lang='lat' dir='ltr'><strong>eo</strong></span> <span class='ocrx_word' id='word_1_64' title='bbox 891 1084 1036 1160; x_wconf 87' lang='lat' dir='ltr'><strong>tempore</strong></span> <span class='ocrx_word' id='word_1_65' title='bbox 1060 1095 1174 1137; x_wconf 86' lang='lat' dir='ltr'><strong>omnes</strong></span> <span class='ocrx_word' id='word_1_66' title='bbox 1190 1072 1369 1137; x_wconf 82' lang='lat' dir='ltr'><strong>Christiani</strong></span> <span class='ocrx_word' id='word_1_67' title='bbox 1384 1073 1513 1159; x_wconf 89' lang='lat' dir='ltr'><strong>imperii</strong></span> <span class='ocrx_word' id='word_1_68' title='bbox 1529 1073 1630 1136; x_wconf 82' lang='lat' dir='ltr'><strong>nostri</strong></span> <span class='ocrx_word' id='word_1_69' title='bbox 1647 1072 1689 1136; x_wconf 91' lang='lat' dir='ltr'><strong>ad</strong></span> <span class='ocrx_word' id='word_1_70' title='bbox 1704 1073 1862 1137; x_wconf 85' lang='lat' dir='ltr'><strong>unitatem</strong></span> <span class='ocrx_word' id='word_1_71' title='bbox 1878 1075 1970 1159; x_wconf 85' lang='lat' dir='ltr'><strong>pacis</strong></span> <span class='ocrx_word' id='word_1_72' title='bbox 1986 1085 2020 1138; x_wconf 89' lang='lat' dir='ltr'><strong>et</strong></span> <span class='ocrx_word' id='word_1_73' title='bbox 2042 1075 2213 1159; x_wconf 85' lang='lat' dir='ltr'><strong>pristinam</strong></span> <span class='ocrx_word' id='word_1_74' title='bbox 2232 1096 2247 1135; x_wconf 81' lang='lat' dir='ltr'><strong>s</strong></span> 
     </span>
     <span class='ocr_line' id='line_1_11' title="bbox 560 1179 2213 1266; baseline -0.001 -20"><span class='ocrx_word' id='word_1_75' title='bbox 560 1180 769 1246; x_wconf 84' lang='lat' dir='ltr'><strong>concordiam</strong></span> <span class='ocrx_word' id='word_1_76' title='bbox 800 1179 977 1260; x_wconf 90' lang='lat' dir='ltr'><strong>redierunt,</strong></span> <span class='ocrx_word' id='word_1_77' title='bbox 1005 1179 1225 1266; x_wconf 88' lang='lat' dir='ltr'><strong>glorificantes</strong></span> <span class='ocrx_word' id='word_1_78' title='bbox 1254 1190 1287 1243; x_wconf 93' lang='lat' dir='ltr'><strong>et</strong></span> <span class='ocrx_word' id='word_1_79' title='bbox 1309 1179 1556 1264; x_wconf 89' lang='lat' dir='ltr'><strong>magnificantes</strong></span> <span class='ocrx_word' id='word_1_80' title='bbox 1578 1191 1852 1265; x_wconf 86' lang='lat' dir='ltr'><strong>propugnatorem</strong></span> <span class='ocrx_word' id='word_1_81' title='bbox 1876 1191 2023 1245; x_wconf 89' lang='lat' dir='ltr'><strong>nostrum</strong></span> <span class='ocrx_word' id='word_1_82' title='bbox 2046 1181 2213 1245; x_wconf 88' lang='lat' dir='ltr'><strong>dominum</strong></span> 
     </span>
     <span class='ocr_line' id='line_1_12' title="bbox 560 1284 2212 1373; baseline -0.001 -21"><span class='ocrx_word' id='word_1_83' title='bbox 560 1288 667 1353; x_wconf 89' lang='lat' dir='ltr'><strong>Iesum</strong></span> <span class='ocrx_word' id='word_1_84' title='bbox 696 1287 874 1369; x_wconf 74' lang='lat' dir='ltr'><strong>Christum,</strong></span> <span class='ocrx_word' id='word_1_85' title='bbox 910 1287 966 1373; x_wconf 92' lang='lat' dir='ltr'><strong>qui</strong></span> <span class='ocrx_word' id='word_1_86' title='bbox 997 1285 1039 1351; x_wconf 90' lang='lat' dir='ltr'><strong>ad</strong></span> <span class='ocrx_word' id='word_1_87' title='bbox 1068 1287 1227 1350; x_wconf 90' lang='lat' dir='ltr'><strong>unitatem</strong></span> <span class='ocrx_word' id='word_1_88' title='bbox 1257 1284 1334 1350; x_wconf 88' lang='lat' dir='ltr'><strong>fidei</strong></span> <span class='ocrx_word' id='word_1_89' title='bbox 1366 1285 1552 1350; x_wconf 90' lang='lat' dir='ltr'><strong>coadunare</strong></span> <span class='ocrx_word' id='word_1_90' title='bbox 1583 1285 1738 1372; x_wconf 89' lang='lat' dir='ltr'><strong>populum</strong></span> <span class='ocrx_word' id='word_1_91' title='bbox 1769 1309 1861 1351; x_wconf 90' lang='lat' dir='ltr'><strong>suum</strong></span> <span class='ocrx_word' id='word_1_92' title='bbox 1897 1286 2049 1372; x_wconf 87' lang='lat' dir='ltr'><strong>dignatus</strong></span> <span class='ocrx_word' id='word_1_93' title='bbox 2084 1299 2143 1369; x_wconf 89' lang='lat' dir='ltr'><strong>est,</strong></span> <span class='ocrx_word' id='word_1_94' title='bbox 2178 1289 2212 1351; x_wconf 89' lang='lat' dir='ltr'><strong>in</strong></span> 
     </span>
     <span class='ocr_line' id='line_1_13' title="bbox 561 1392 1419 1480; baseline -0.003 -21"><span class='ocrx_word' id='word_1_95' title='bbox 561 1393 806 1472; x_wconf 88' lang='lat' dir='ltr'><strong>subiectionem,</strong></span> <span class='ocrx_word' id='word_1_96' title='bbox 832 1393 919 1480; x_wconf 89' lang='lat' dir='ltr'><strong>quod</strong></span> <span class='ocrx_word' id='word_1_97' title='bbox 944 1392 986 1456; x_wconf 88' lang='lat' dir='ltr'><strong>ab</strong></span> <span class='ocrx_word' id='word_1_98' title='bbox 1010 1416 1049 1457; x_wconf 88' lang='lat' dir='ltr'><strong>eo</strong></span> <span class='ocrx_word' id='word_1_99' title='bbox 1073 1404 1131 1470; x_wconf 90' lang='lat' dir='ltr'><strong>est,</strong></span> <span class='ocrx_word' id='word_1_100' title='bbox 1155 1394 1284 1479; x_wconf 88' lang='lat' dir='ltr'><strong>imperii</strong></span> <span class='ocrx_word' id='word_1_101' title='bbox 1307 1394 1419 1458; x_wconf 86' lang='lat' dir='ltr'><strong>nostri.</strong></span> 
     </span>
    </p>

    <p class='ocr_par' dir='ltr' id='par_1_6' title="bbox 558 1499 2261 2332">
     <span class='ocr_line' id='line_1_14' title="bbox 669 1499 2212 1587; baseline 0 -22"><span class='ocrx_word' id='word_1_102' title='bbox 669 1502 833 1581; x_wconf 77' lang='lat' dir='ltr'><strong>Quocirca</strong></span> <span class='ocrx_word' id='word_1_103' title='bbox 857 1499 992 1585; x_wconf 91' lang='lat' dir='ltr'><strong>dignum</strong></span> <span class='ocrx_word' id='word_1_104' title='bbox 1016 1501 1274 1565; x_wconf 82' lang='lat' dir='ltr'><strong>existimavimus</strong></span> <span class='ocrx_word' id='word_1_105' title='bbox 1298 1499 1379 1564; x_wconf 89' lang='lat' dir='ltr'><strong>haec</strong></span> <span class='ocrx_word' id='word_1_106' title='bbox 1399 1501 1495 1586; x_wconf 67' lang='lat' dir='ltr'><strong>&#39;quasi</strong></span> <span class='ocrx_word' id='word_1_107' title='bbox 1519 1500 1657 1586; x_wconf 86' lang='lat' dir='ltr'><strong>pacifico</strong></span> <span class='ocrx_word' id='word_1_108' title='bbox 1673 1501 1778 1564; x_wconf 91' lang='lat' dir='ltr'><strong>amico</strong></span> <span class='ocrx_word' id='word_1_109' title='bbox 1795 1511 1828 1564; x_wconf 91' lang='lat' dir='ltr'><strong>et</strong></span> <span class='ocrx_word' id='word_1_110' title='bbox 1843 1500 1978 1587; x_wconf 88' lang='lat' dir='ltr'><strong>spiritali</strong></span> <span class='ocrx_word' id='word_1_111' title='bbox 1994 1501 2085 1565; x_wconf 84' lang='lat' dir='ltr'><strong>fratri</strong></span> <span class='ocrx_word' id='word_1_112' title='bbox 2101 1512 2212 1566; x_wconf 82' lang='lat' dir='ltr'><strong>nostro</strong></span> 
     </span>
     <span class='ocr_line' id='line_1_15' title="bbox 562 1606 2261 1694; baseline -0.004 -22"><span class='ocrx_word' id='word_1_113' title='bbox 562 1619 604 1691; x_wconf 90' lang='lat' dir='ltr'><strong>et,</strong></span> <span class='ocrx_word' id='word_1_114' title='bbox 629 1619 664 1672; x_wconf 90' lang='lat' dir='ltr'><strong>ut</strong></span> <span class='ocrx_word' id='word_1_115' title='bbox 688 1606 862 1687; x_wconf 90' lang='lat' dir='ltr'><strong>credimus,</strong></span> <span class='ocrx_word' id='word_1_116' title='bbox 895 1608 983 1672; x_wconf 91' lang='lat' dir='ltr'><strong>socio</strong></span> <span class='ocrx_word' id='word_1_117' title='bbox 1015 1606 1170 1692; x_wconf 88' lang='lat' dir='ltr'><strong>gaudiia</strong></span> <span class='ocrx_word' id='word_1_118' title='bbox 1192 1606 1266 1670; x_wconf 89' lang='lat' dir='ltr'><strong>Deo</strong></span> <span class='ocrx_word' id='word_1_119' title='bbox 1298 1607 1426 1694; x_wconf 87' lang='lat' dir='ltr'><strong>imperii</strong></span> <span class='ocrx_word' id='word_1_120' title='bbox 1456 1607 1557 1669; x_wconf 84' lang='lat' dir='ltr'><strong>nostri</strong></span> <span class='ocrx_word' id='word_1_121' title='bbox 1587 1606 1760 1669; x_wconf 84' lang='lat' dir='ltr'><strong>manifesta</strong></span> <span class='ocrx_word' id='word_1_122' title='bbox 1782 1607 1902 1688; x_wconf 85' lang='lat' dir='ltr'><strong>facere,</strong></span> <span class='ocrx_word' id='word_1_123' title='bbox 1934 1630 2018 1693; x_wconf 89' lang='lat' dir='ltr'><strong>quae</strong></span> <span class='ocrx_word' id='word_1_124' title='bbox 2041 1606 2212 1672; x_wconf 87' lang='lat' dir='ltr'><strong>nobiscum</strong></span> <span class='ocrx_word' id='word_1_125' title='bbox 2235 1629 2261 1667; x_wconf 86' lang='grc' dir='ltr'><strong>ιο</strong></span> 
     </span>
     <span class='ocr_line' id='line_1_16' title="bbox 559 1712 2210 1801; baseline 0 -22"><span class='ocrx_word' id='word_1_126' title='bbox 559 1725 633 1779; x_wconf 89' lang='lat' dir='ltr'><strong>acta</strong></span> <span class='ocrx_word' id='word_1_127' title='bbox 656 1725 740 1795; x_wconf 91' lang='lat' dir='ltr'><strong>sunt,</strong></span> <span class='ocrx_word' id='word_1_128' title='bbox 765 1725 801 1777; x_wconf 91' lang='lat' dir='ltr'><strong>ut</strong></span> <span class='ocrx_word' id='word_1_129' title='bbox 824 1714 954 1799; x_wconf 78' lang='lat' dir='ltr'><strong>pariter,</strong></span> <span class='ocrx_word' id='word_1_130' title='bbox 979 1713 1064 1777; x_wconf 91' lang='lat' dir='ltr'><strong>sicut</strong></span> <span class='ocrx_word' id='word_1_131' title='bbox 1086 1714 1181 1777; x_wconf 88' lang='lat' dir='ltr'><strong>unius</strong></span> <span class='ocrx_word' id='word_1_132' title='bbox 1204 1713 1416 1799; x_wconf 88' lang='lat' dir='ltr'><strong>eiusdemque</strong></span> <span class='ocrx_word' id='word_1_133' title='bbox 1432 1712 1508 1776; x_wconf 83' lang='lat' dir='ltr'><strong>iidci</strong></span> <span class='ocrx_word' id='word_1_134' title='bbox 1525 1723 1558 1777; x_wconf 91' lang='lat' dir='ltr'><strong>et</strong></span> <span class='ocrx_word' id='word_1_135' title='bbox 1573 1713 1737 1798; x_wconf 86' lang='lat' dir='ltr'><strong>religionis</strong></span> <span class='ocrx_word' id='word_1_136' title='bbox 1754 1712 1931 1778; x_wconf 91' lang='lat' dir='ltr'><strong>cultoribus</strong></span> <span class='ocrx_word' id='word_1_137' title='bbox 1947 1714 2056 1779; x_wconf 85' lang='lat' dir='ltr'><strong>facere</strong></span> <span class='ocrx_word' id='word_1_138' title='bbox 2072 1725 2210 1801; x_wconf 83' lang='lat' dir='ltr'><strong>oportet,</strong></span> 
     </span>
     <span class='ocr_line' id='line_1_17' title="bbox 558 1819 2212 1906; baseline 0.001 -22"><span class='ocrx_word' id='word_1_139' title='bbox 558 1819 712 1885; x_wconf 87' lang='lat' dir='ltr'><strong>laudibus</strong></span> <span class='ocrx_word' id='word_1_140' title='bbox 743 1832 775 1884; x_wconf 93' lang='lat' dir='ltr'><strong>et</strong></span> <span class='ocrx_word' id='word_1_141' title='bbox 804 1820 933 1906; x_wconf 88' lang='lat' dir='ltr'><strong>hymnis</strong></span> <span class='ocrx_word' id='word_1_142' title='bbox 958 1819 1190 1884; x_wconf 89' lang='lat' dir='ltr'><strong>conlaudemus</strong></span> <span class='ocrx_word' id='word_1_143' title='bbox 1214 1831 1247 1884; x_wconf 91' lang='lat' dir='ltr'><strong>et</strong></span> <span class='ocrx_word' id='word_1_144' title='bbox 1270 1819 1488 1906; x_wconf 83' lang='lat' dir='ltr'><strong>glorificemus</strong></span> <span class='ocrx_word' id='word_1_145' title='bbox 1517 1819 1712 1884; x_wconf 87' lang='lat' dir='ltr'><strong>salvatorem</strong></span> <span class='ocrx_word' id='word_1_146' title='bbox 1743 1832 1888 1885; x_wconf 88' lang='lat' dir='ltr'><strong>nostrum</strong></span> <span class='ocrx_word' id='word_1_147' title='bbox 1912 1820 2078 1885; x_wconf 91' lang='lat' dir='ltr'><strong>dominum</strong></span> <span class='ocrx_word' id='word_1_148' title='bbox 2101 1822 2212 1886; x_wconf 89' lang='lat' dir='ltr'><strong>Iesum</strong></span> 
     </span>
     <span class='ocr_line' id='line_1_18' title="bbox 561 1926 2210 2014; baseline 0.001 -24"><span class='ocrx_word' id='word_1_149' title='bbox 561 1926 734 1991; x_wconf 76' lang='lat' dir='ltr'><strong>Christano.</strong></span> <span class='ocrx_word' id='word_1_150' title='bbox 772 1929 971 2012; x_wconf 83' lang='lat' dir='ltr'><strong>Oportuerat</strong></span> <span class='ocrx_word' id='word_1_151' title='bbox 993 1927 1080 1990; x_wconf 87' lang='lat' dir='ltr'><strong>enim</strong></span> <span class='ocrx_word' id='word_1_152' title='bbox 1104 1928 1212 1991; x_wconf 90' lang='lat' dir='ltr'><strong>statim</strong></span> <span class='ocrx_word' id='word_1_153' title='bbox 1236 1927 1269 1990; x_wconf 92' lang='lat' dir='ltr'><strong>in</strong></span> <span class='ocrx_word' id='word_1_154' title='bbox 1293 1926 1428 1991; x_wconf 89' lang='lat' dir='ltr'><strong>exordio</strong></span> <span class='ocrx_word' id='word_1_155' title='bbox 1452 1928 1578 2013; x_wconf 88' lang='lat' dir='ltr'><strong>imperii</strong></span> <span class='ocrx_word' id='word_1_156' title='bbox 1603 1927 1704 1991; x_wconf 90' lang='lat' dir='ltr'><strong>nostri</strong></span> <span class='ocrx_word' id='word_1_157' title='bbox 1727 1929 1812 1992; x_wconf 91' lang='lat' dir='ltr'><strong>sicut</strong></span> <span class='ocrx_word' id='word_1_158' title='bbox 1834 1927 1971 2014; x_wconf 89' lang='lat' dir='ltr'><strong>spiritali</strong></span> <span class='ocrx_word' id='word_1_159' title='bbox 1992 1929 2084 1992; x_wconf 86' lang='lat' dir='ltr'><strong>fratri</strong></span> <span class='ocrx_word' id='word_1_160' title='bbox 2100 1939 2210 1992; x_wconf 87' lang='lat' dir='ltr'><strong>nostro</strong></span> 
     </span>
     <span class='ocr_line' id='line_1_19' title="bbox 561 2033 2210 2120; baseline 0.002 -24"><span class='ocrx_word' id='word_1_161' title='bbox 561 2045 593 2096; x_wconf 90' lang='lat' dir='ltr'><strong>et</strong></span> <span class='ocrx_word' id='word_1_162' title='bbox 615 2033 753 2118; x_wconf 90' lang='lat' dir='ltr'><strong>pacifico</strong></span> <span class='ocrx_word' id='word_1_163' title='bbox 778 2033 883 2096; x_wconf 90' lang='lat' dir='ltr'><strong>amieo</strong></span> <span class='ocrx_word' id='word_1_164' title='bbox 908 2055 967 2118; x_wconf 93' lang='lat' dir='ltr'><strong>per</strong></span> <span class='ocrx_word' id='word_1_165' title='bbox 989 2055 1084 2096; x_wconf 88' lang='lat' dir='ltr'><strong>veros</strong></span> <span class='ocrx_word' id='word_1_166' title='bbox 1107 2035 1218 2119; x_wconf 89' lang='lat' dir='ltr'><strong>apices</strong></span> <span class='ocrx_word' id='word_1_167' title='bbox 1240 2043 1368 2097; x_wconf 90' lang='lat' dir='ltr'><strong>nostros</strong></span> <span class='ocrx_word' id='word_1_168' title='bbox 1391 2056 1475 2120; x_wconf 92' lang='lat' dir='ltr'><strong>quae</strong></span> <span class='ocrx_word' id='word_1_169' title='bbox 1500 2055 1579 2118; x_wconf 90' lang='lat' dir='ltr'><strong>erga</strong></span> <span class='ocrx_word' id='word_1_170' title='bbox 1602 2055 1660 2097; x_wconf 89' lang='lat' dir='ltr'><strong>nos</strong></span> <span class='ocrx_word' id='word_1_171' title='bbox 1680 2045 1774 2118; x_wconf 88' lang='lat' dir='ltr'><strong>gesta</strong></span> <span class='ocrx_word' id='word_1_172' title='bbox 1789 2045 1864 2098; x_wconf 92' lang='lat' dir='ltr'><strong>suut</strong></span> <span class='ocrx_word' id='word_1_173' title='bbox 1879 2033 1974 2098; x_wconf 89' lang='lat' dir='ltr'><strong>vobis</strong></span> <span class='ocrx_word' id='word_1_174' title='bbox 1990 2036 2210 2116; x_wconf 84' lang='lat' dir='ltr'><strong>manifestare,</strong></span> 
     </span>
     <span class='ocr_line' id='line_1_20' title="bbox 561 2138 2261 2228; baseline 0 -26"><span class='ocrx_word' id='word_1_175' title='bbox 561 2139 629 2218; x_wconf 88' lang='lat' dir='ltr'><strong>sed,</strong></span> <span class='ocrx_word' id='word_1_176' title='bbox 661 2141 746 2203; x_wconf 87' lang='lat' dir='ltr'><strong>sicut</strong></span> <span class='ocrx_word' id='word_1_177' title='bbox 777 2162 876 2225; x_wconf 88' lang='lat' dir='ltr'><strong>supra</strong></span> <span class='ocrx_word' id='word_1_178' title='bbox 906 2138 1027 2204; x_wconf 89' lang='lat' dir='ltr'><strong>dictum</strong></span> <span class='ocrx_word' id='word_1_179' title='bbox 1060 2150 1118 2220; x_wconf 90' lang='lat' dir='ltr'><strong>est,</strong></span> <span class='ocrx_word' id='word_1_180' title='bbox 1150 2139 1290 2226; x_wconf 86' lang='lat' dir='ltr'><strong>praefati</strong></span> <span class='ocrx_word' id='word_1_181' title='bbox 1320 2141 1452 2225; x_wconf 88' lang='lat' dir='ltr'><strong>tyranni</strong></span> <span class='ocrx_word' id='word_1_182' title='bbox 1483 2153 1516 2204; x_wconf 91' lang='lat' dir='ltr'><strong>ct</strong></span> <span class='ocrx_word' id='word_1_183' title='bbox 1546 2140 1675 2205; x_wconf 88' lang='lat' dir='ltr'><strong>rebellis</strong></span> <span class='ocrx_word' id='word_1_184' title='bbox 1706 2164 1744 2205; x_wconf 89' lang='lat' dir='ltr'><strong>ac</strong></span> <span class='ocrx_word' id='word_1_185' title='bbox 1769 2144 1854 2228; x_wconf 90' lang='lat' dir='ltr'><strong>turpi</strong></span> <span class='ocrx_word' id='word_1_186' title='bbox 1879 2153 1980 2207; x_wconf 84' lang='lat' dir='ltr'><strong>morte</strong></span> <span class='ocrx_word' id='word_1_187' title='bbox 2005 2141 2212 2208; x_wconf 89' lang='lat' dir='ltr'><strong>condemnati</strong></span> <span class='ocrx_word' id='word_1_188' title='bbox 2234 2162 2261 2202; x_wconf 81' lang='lat' dir='ltr'><strong>rs</strong></span> 
     </span>
     <span class='ocr_line' id='line_1_21' title="bbox 562 2244 1262 2332; baseline 0 -23"><span class='ocrx_word' id='word_1_189' title='bbox 562 2246 707 2309; x_wconf 86' lang='lat' dir='ltr'><strong>Thomas</strong></span> <span class='ocrx_word' id='word_1_190' title='bbox 731 2245 848 2309; x_wconf 87' lang='lat' dir='ltr'><strong>seditio</strong></span> <span class='ocrx_word' id='word_1_191' title='bbox 870 2268 930 2310; x_wconf 89' lang='lat' dir='ltr'><strong>nos</strong></span> <span class='ocrx_word' id='word_1_192' title='bbox 954 2246 1063 2311; x_wconf 82' lang='lat' dir='ltr'><strong>iacere</strong></span> <span class='ocrx_word' id='word_1_193' title='bbox 1087 2244 1262 2332; x_wconf 87' lang='lat' dir='ltr'><strong>prohibuit</strong></span> 
     </span>
    </p>

    <p class='ocr_par' dir='ltr' id='par_1_7' title="bbox 561 2351 2262 4355">
     <span class='ocr_line' id='line_1_22' title="bbox 667 2351 2237 2442; baseline 0.003 -28"><span class='ocrx_word' id='word_1_194' title='bbox 667 2351 713 2415; x_wconf 88' lang='lat' dir='ltr'><strong>At</strong></span> <span class='ocrx_word' id='word_1_195' title='bbox 736 2375 815 2416; x_wconf 89' lang='lat' dir='ltr'><strong>vero</strong></span> <span class='ocrx_word' id='word_1_196' title='bbox 838 2375 925 2417; x_wconf 90' lang='lat' dir='ltr'><strong>nunc</strong></span> <span class='ocrx_word' id='word_1_197' title='bbox 949 2351 1040 2416; x_wconf 87' lang='lat' dir='ltr'><strong>dedit</strong></span> <span class='ocrx_word' id='word_1_198' title='bbox 1059 2353 1151 2418; x_wconf 87' lang='lat' dir='ltr'><strong>Deus</strong></span> <span class='ocrx_word' id='word_1_199' title='bbox 1175 2351 1269 2416; x_wconf 90' lang='lat' dir='ltr'><strong>nobis</strong></span> <span class='ocrx_word' id='word_1_200' title='bbox 1292 2353 1354 2417; x_wconf 93' lang='lat' dir='ltr'><strong>hoc</strong></span> <span class='ocrx_word' id='word_1_201' title='bbox 1378 2376 1533 2439; x_wconf 88' lang='lat' dir='ltr'><strong>praesens</strong></span> <span class='ocrx_word' id='word_1_202' title='bbox 1557 2366 1750 2441; x_wconf 90' lang='lat' dir='ltr'><strong>oportunum</strong></span> <span class='ocrx_word' id='word_1_203' title='bbox 1773 2367 1901 2442; x_wconf 91' lang='lat' dir='ltr'><strong>tempus</strong></span> <span class='ocrx_word' id='word_1_204' title='bbox 1925 2367 1999 2442; x_wconf 88' lang='lat' dir='ltr'><strong>post</strong></span> <span class='ocrx_word' id='word_1_205' title='bbox 2021 2358 2091 2421; x_wconf 90' lang='lat' dir='ltr'><strong>eius</strong></span> <span class='ocrx_word' id='word_1_206' title='bbox 2115 2357 2237 2420; x_wconf 71' lang='lat' dir='ltr'><strong>iuter·</strong></span> 
     </span>
     <span class='ocr_line' id='line_1_23' title="bbox 562 2458 2213 2546; baseline 0.002 -24"><span class='ocrx_word' id='word_1_207' title='bbox 562 2459 735 2523; x_wconf 79' lang='lat' dir='ltr'><strong>lectionem</strong></span> <span class='ocrx_word' id='word_1_208' title='bbox 767 2470 800 2522; x_wconf 89' lang='lat' dir='ltr'><strong>et</strong></span> <span class='ocrx_word' id='word_1_209' title='bbox 830 2458 1100 2523; x_wconf 86' lang='lat' dir='ltr'><strong>coadunationem</strong></span> <span class='ocrx_word' id='word_1_210' title='bbox 1133 2471 1165 2523; x_wconf 92' lang='lat' dir='ltr'><strong>et</strong></span> <span class='ocrx_word' id='word_1_211' title='bbox 1196 2459 1404 2524; x_wconf 90' lang='lat' dir='ltr'><strong>concordiam</strong></span> <span class='ocrx_word' id='word_1_212' title='bbox 1435 2460 1547 2546; x_wconf 93' lang='lat' dir='ltr'><strong>populi</strong></span> <span class='ocrx_word' id='word_1_213' title='bbox 1577 2463 1688 2524; x_wconf 88' lang='lat' dir='ltr'><strong>nostri.</strong></span> <span class='ocrx_word' id='word_1_214' title='bbox 1735 2462 1778 2525; x_wconf 83' lang='lat' dir='ltr'><strong>Et</strong></span> <span class='ocrx_word' id='word_1_215' title='bbox 1806 2462 1879 2526; x_wconf 90' lang='lat' dir='ltr'><strong>ideo</strong></span> <span class='ocrx_word' id='word_1_216' title='bbox 1903 2464 2022 2527; x_wconf 87' lang='lat' dir='ltr'><strong>iustum</strong></span> <span class='ocrx_word' id='word_1_217' title='bbox 2046 2463 2213 2527; x_wconf 82' lang='lat' dir='ltr'><strong>existima·</strong></span> 
     </span>
     <span class='ocr_line' id='line_1_24' title="bbox 562 2564 2211 2654; baseline 0.003 -26"><span class='ocrx_word' id='word_1_218' title='bbox 562 2567 668 2629; x_wconf 88' lang='lat' dir='ltr'><strong>vimus</strong></span> <span class='ocrx_word' id='word_1_219' title='bbox 691 2566 818 2629; x_wconf 87' lang='lat' dir='ltr'><strong>mittere</strong></span> <span class='ocrx_word' id='word_1_220' title='bbox 849 2564 891 2628; x_wconf 89' lang='lat' dir='ltr'><strong>ad</strong></span> <span class='ocrx_word' id='word_1_221' title='bbox 915 2577 1057 2630; x_wconf 89' lang='lat' dir='ltr'><strong>vestram</strong></span> <span class='ocrx_word' id='word_1_222' title='bbox 1088 2565 1226 2651; x_wconf 89' lang='lat' dir='ltr'><strong>gloriam</strong></span> <span class='ocrx_word' id='word_1_223' title='bbox 1250 2565 1454 2631; x_wconf 90' lang='lat' dir='ltr'><strong>Theodotum</strong></span> <span class='ocrx_word' id='word_1_224' title='bbox 1485 2566 1781 2653; x_wconf 86' lang='lat' dir='ltr'><strong>protospatharium</strong></span> <span class='ocrx_word' id='word_1_225' title='bbox 1811 2579 1956 2633; x_wconf 81' lang='lat' dir='ltr'><strong>nostrum</strong></span> <span class='ocrx_word' id='word_1_226' title='bbox 1988 2580 2021 2633; x_wconf 90' lang='lat' dir='ltr'><strong>et</strong></span> <span class='ocrx_word' id='word_1_227' title='bbox 2044 2570 2211 2654; x_wconf 88' lang='lat' dir='ltr'><strong>stratigon,</strong></span> 
     </span>
     <span class='ocr_line' id='line_1_25' title="bbox 562 2671 2260 2762; baseline 0.004 -28"><span class='ocrx_word' id='word_1_228' title='bbox 562 2671 712 2736; x_wconf 86' lang='lat' dir='ltr'><strong>Nicctam</strong></span> <span class='ocrx_word' id='word_1_229' title='bbox 734 2672 974 2737; x_wconf 89' lang='lat' dir='ltr'><strong>sanctissimum</strong></span> <span class='ocrx_word' id='word_1_230' title='bbox 997 2673 1282 2758; x_wconf 88' lang='lat' dir='ltr'><strong>metropolitanum</strong></span> <span class='ocrx_word' id='word_1_231' title='bbox 1306 2673 1514 2758; x_wconf 86' lang='lat' dir='ltr'><strong>Myrensem¹</strong></span> <span class='ocrx_word' id='word_1_232' title='bbox 1539 2674 1662 2757; x_wconf 88' lang='lat' dir='ltr'><strong>Liciao,</strong></span> <span class='ocrx_word' id='word_1_233' title='bbox 1692 2674 1906 2740; x_wconf 82' lang='lat' dir='ltr'><strong>Fortunatam</strong></span> <span class='ocrx_word' id='word_1_234' title='bbox 1930 2676 2213 2762; x_wconf 87' lang='lat' dir='ltr'><strong>archiepiscopum</strong></span> <span class='ocrx_word' id='word_1_235' title='bbox 2232 2695 2260 2733; x_wconf 68' lang='grc' dir='ltr'>ω</span> 
     </span>
     <span class='ocr_line' id='line_1_26' title="bbox 564 2778 2212 2858; baseline 0.002 -17"><span class='ocrx_word' id='word_1_236' title='bbox 564 2778 760 2858; x_wconf 66' lang='lat' dir='ltr'><strong>Vcneciael,</strong></span> <span class='ocrx_word' id='word_1_237' title='bbox 789 2778 996 2843; x_wconf 89' lang='lat' dir='ltr'><strong>Theodorum</strong></span> <span class='ocrx_word' id='word_1_238' title='bbox 1028 2779 1326 2843; x_wconf 88' lang='lat' dir='ltr'><strong>reverentissimum</strong></span> <span class='ocrx_word' id='word_1_239' title='bbox 1356 2778 1528 2844; x_wconf 88' lang='lat' dir='ltr'><strong>diaconum</strong></span> <span class='ocrx_word' id='word_1_240' title='bbox 1560 2792 1591 2844; x_wconf 93' lang='lat' dir='ltr'><strong>ct</strong></span> <span class='ocrx_word' id='word_1_241' title='bbox 1622 2803 1835 2846; x_wconf 89' lang='lat' dir='ltr'><strong>oeconomum</strong></span> <span class='ocrx_word' id='word_1_242' title='bbox 1865 2783 1957 2847; x_wconf 90' lang='lat' dir='ltr'><strong>istius</strong></span> <span class='ocrx_word' id='word_1_243' title='bbox 1988 2784 2212 2847; x_wconf 90' lang='lat' dir='ltr'><strong>sanctissimae</strong></span> 
     </span>
     <span class='ocr_line' id='line_1_27' title="bbox 563 2884 2211 2973; baseline 0.002 -25"><span class='ocrx_word' id='word_1_244' title='bbox 563 2885 627 2949; x_wconf 92' lang='lat' dir='ltr'><strong>Dei</strong></span> <span class='ocrx_word' id='word_1_245' title='bbox 651 2884 829 2950; x_wconf 86' lang='lat' dir='ltr'><strong>catholicae</strong></span> <span class='ocrx_word' id='word_1_246' title='bbox 854 2897 886 2949; x_wconf 91' lang='lat' dir='ltr'><strong>et</strong></span> <span class='ocrx_word' id='word_1_247' title='bbox 909 2908 1047 2971; x_wconf 88' lang='lat' dir='ltr'><strong>magnae</strong></span> <span class='ocrx_word' id='word_1_248' title='bbox 1071 2885 1232 2950; x_wconf 88' lang='lat' dir='ltr'><strong>ecclesiae</strong></span> <span class='ocrx_word' id='word_1_249' title='bbox 1255 2897 1389 2950; x_wconf 89' lang='lat' dir='ltr'><strong>sanctae</strong></span> <span class='ocrx_word' id='word_1_250' title='bbox 1414 2886 1555 2973; x_wconf 85' lang='lat' dir='ltr'><strong>Sophiae</strong></span> <span class='ocrx_word' id='word_1_251' title='bbox 1580 2899 1612 2950; x_wconf 92' lang='lat' dir='ltr'><strong>et</strong></span> <span class='ocrx_word' id='word_1_252' title='bbox 1634 2887 1779 2952; x_wconf 85' lang='lat' dir='ltr'><strong>Leonem</strong></span> <span class='ocrx_word' id='word_1_253' title='bbox 1802 2900 1946 2953; x_wconf 88' lang='lat' dir='ltr'><strong>nostrum</strong></span> <span class='ocrx_word' id='word_1_254' title='bbox 1971 2887 2179 2954; x_wconf 87' lang='lat' dir='ltr'><strong>candidatum</strong></span> <span class='ocrx_word' id='word_1_255' title='bbox 2189 2895 2211 2952; x_wconf 74' lang='lat'><strong>³.</strong></span> 
     </span>
     <span class='ocr_line' id='line_1_28' title="bbox 561 2990 2212 3081; baseline 0.003 -27"><span class='ocrx_word' id='word_1_256' title='bbox 561 2990 2212 3081; x_wconf 47' lang='lat' dir='ltr'><strong>&amp;mmmwmfflmmmmmwmmmmmmmfflm</strong></span> 
     </span>
     <span class='ocr_line' id='line_1_29' title="bbox 562 3099 2212 3187; baseline 0.004 -26"><span class='ocrx_word' id='word_1_257' title='bbox 562 3099 680 3179; x_wconf 90' lang='lat' dir='ltr'><strong>omnia,</strong></span> <span class='ocrx_word' id='word_1_258' title='bbox 711 3121 796 3184; x_wconf 90' lang='lat' dir='ltr'><strong>quae</strong></span> <span class='ocrx_word' id='word_1_259' title='bbox 820 3100 1007 3184; x_wconf 91' lang='lat' dir='ltr'><strong>praeposita</strong></span> <span class='ocrx_word' id='word_1_260' title='bbox 1031 3109 1114 3180; x_wconf 87' lang='lat' dir='ltr'><strong>sunt,</strong></span> <span class='ocrx_word' id='word_1_261' title='bbox 1146 3111 1181 3162; x_wconf 91' lang='lat' dir='ltr'><strong>ut</strong></span> <span class='ocrx_word' id='word_1_262' title='bbox 1210 3111 1277 3163; x_wconf 89' lang='lat' dir='ltr'><strong>tam</strong></span> <span class='ocrx_word' id='word_1_263' title='bbox 1308 3122 1367 3185; x_wconf 89' lang='lat' dir='ltr'><strong>per</strong></span> <span class='ocrx_word' id='word_1_264' title='bbox 1397 3122 1452 3163; x_wconf 92' lang='lat' dir='ltr'><strong>eos</strong></span> <span class='ocrx_word' id='word_1_265' title='bbox 1484 3123 1646 3187; x_wconf 87' lang='lat' dir='ltr'><strong>quamque</strong></span> <span class='ocrx_word' id='word_1_266' title='bbox 1671 3112 1704 3165; x_wconf 92' lang='lat' dir='ltr'><strong>ct</strong></span> <span class='ocrx_word' id='word_1_267' title='bbox 1725 3124 1786 3187; x_wconf 92' lang='lat' dir='ltr'><strong>per</strong></span> <span class='ocrx_word' id='word_1_268' title='bbox 1807 3103 1923 3166; x_wconf 89' lang='lat' dir='ltr'><strong>missos</strong></span> <span class='ocrx_word' id='word_1_269' title='bbox 1946 3114 2072 3167; x_wconf 89' lang='lat' dir='ltr'><strong>vestros</strong></span> <span class='ocrx_word' id='word_1_270' title='bbox 2095 3104 2212 3167; x_wconf 90' lang='lat' dir='ltr'><strong>iterum</strong></span> 
     </span>
     <span class='ocr_line' id='line_1_30' title="bbox 563 3204 2261 3293; baseline 0.005 -27"><span class='ocrx_word' id='word_1_271' title='bbox 563 3205 646 3268; x_wconf 89' lang='lat' dir='ltr'><strong>scire</strong></span> <span class='ocrx_word' id='word_1_272' title='bbox 670 3205 831 3290; x_wconf 88' lang='lat' dir='ltr'><strong>possimus</strong></span> <span class='ocrx_word' id='word_1_273' title='bbox 855 3215 983 3269; x_wconf 86' lang='lat' dir='ltr'><strong>vestrae</strong></span> <span class='ocrx_word' id='word_1_274' title='bbox 1008 3204 1192 3269; x_wconf 88' lang='lat' dir='ltr'><strong>dilectionis</strong></span> <span class='ocrx_word' id='word_1_275' title='bbox 1215 3206 1387 3269; x_wconf 86' lang='lat' dir='ltr'><strong>sanitatem</strong></span> <span class='ocrx_word' id='word_1_276' title='bbox 1412 3206 1571 3293; x_wconf 90' lang='lat' dir='ltr'><strong>simulque</strong></span> <span class='ocrx_word' id='word_1_277' title='bbox 1595 3207 1737 3271; x_wconf 87' lang='lat' dir='ltr'><strong>fidelium</strong></span> <span class='ocrx_word' id='word_1_278' title='bbox 1755 3220 1935 3273; x_wconf 89' lang='lat' dir='ltr'><strong>vestrorum</strong></span> <span class='ocrx_word' id='word_1_279' title='bbox 1958 3208 2211 3273; x_wconf 90' lang='lat' dir='ltr'><strong>incolomitatem</strong></span> <span class='ocrx_word' id='word_1_280' title='bbox 2232 3227 2261 3267; x_wconf 67' lang='lat' dir='ltr'><strong>aa</strong></span> 
     </span>
     <span class='ocr_line' id='line_1_31' title="bbox 563 3311 2212 3401; baseline 0.004 -27"><span class='ocrx_word' id='word_1_281' title='bbox 563 3311 2212 3401; x_wconf 55' lang='lat' dir='ltr'><strong>mmmmommmmmmmmmmamdmwmmmmmmmmmmnPmomm</strong></span> 
     </span>
     <span class='ocr_line' id='line_1_32' title="bbox 563 3416 2213 3508; baseline 0.005 -29"><span class='ocrx_word' id='word_1_282' title='bbox 563 3438 622 3503; x_wconf 92' lang='lat' dir='ltr'><strong>per</strong></span> <span class='ocrx_word' id='word_1_283' title='bbox 645 3417 704 3481; x_wconf 89' lang='lat' dir='ltr'><strong>has</strong></span> <span class='ocrx_word' id='word_1_284' title='bbox 727 3429 853 3481; x_wconf 86' lang='lat' dir='ltr'><strong>nostras</strong></span> <span class='ocrx_word' id='word_1_285' title='bbox 877 3439 972 3480; x_wconf 88' lang='lat' dir='ltr'><strong>voras</strong></span> <span class='ocrx_word' id='word_1_286' title='bbox 996 3429 1028 3481; x_wconf 89' lang='lat' dir='ltr'><strong>et</strong></span> <span class='ocrx_word' id='word_1_287' title='bbox 1051 3416 1164 3482; x_wconf 86' lang='lat' dir='ltr'><strong>fideles</strong></span> <span class='ocrx_word' id='word_1_288' title='bbox 1189 3417 1332 3504; x_wconf 86' lang='lat' dir='ltr'><strong>syllabas</strong></span> <span class='ocrx_word' id='word_1_289' title='bbox 1356 3418 1603 3484; x_wconf 88' lang='lat' dir='ltr'><strong>corroboramus</strong></span> <span class='ocrx_word' id='word_1_290' title='bbox 1626 3433 1659 3485; x_wconf 90' lang='lat' dir='ltr'><strong>et</strong></span> <span class='ocrx_word' id='word_1_291' title='bbox 1681 3422 1909 3486; x_wconf 86' lang='lat' dir='ltr'><strong>confirmamus</strong></span> <span class='ocrx_word' id='word_1_292' title='bbox 1933 3424 2073 3508; x_wconf 90' lang='lat' dir='ltr'><strong>priorem</strong></span> <span class='ocrx_word' id='word_1_293' title='bbox 2096 3445 2213 3508; x_wconf 87' lang='lat' dir='ltr'><strong>pacem</strong></span> 
     </span>
     <span class='ocr_line' id='line_1_33' title="bbox 563 3524 2212 3616; baseline 0.005 -30"><span class='ocrx_word' id='word_1_294' title='bbox 563 3536 595 3587; x_wconf 91' lang='lat' dir='ltr'><strong>ct</strong></span> <span class='ocrx_word' id='word_1_295' title='bbox 618 3524 794 3587; x_wconf 87' lang='lat' dir='ltr'><strong>amicitiam</strong></span> <span class='ocrx_word' id='word_1_296' title='bbox 818 3525 903 3587; x_wconf 89' lang='lat' dir='ltr'><strong>inter</strong></span> <span class='ocrx_word' id='word_1_297' title='bbox 926 3547 984 3587; x_wconf 85' lang='lat' dir='ltr'><strong>vos</strong></span> <span class='ocrx_word' id='word_1_298' title='bbox 1008 3535 1041 3588; x_wconf 91' lang='lat' dir='ltr'><strong>ct</strong></span> <span class='ocrx_word' id='word_1_299' title='bbox 1064 3547 1123 3588; x_wconf 89' lang='lat' dir='ltr'><strong>nos</strong></span> <span class='ocrx_word' id='word_1_300' title='bbox 1147 3526 1356 3589; x_wconf 89' lang='lat' dir='ltr'><strong>constitutam</strong></span> <span class='ocrx_word' id='word_1_301' title='bbox 1366 3529 1388 3606; x_wconf 81' lang='lat'><strong>⁴,</strong></span> <span class='ocrx_word' id='word_1_302' title='bbox 1413 3525 1628 3611; x_wconf 86' lang='lat' dir='ltr'><strong>deprecantes</strong></span> <span class='ocrx_word' id='word_1_303' title='bbox 1647 3526 1859 3592; x_wconf 88' lang='lat' dir='ltr'><strong>mediatorem</strong></span> <span class='ocrx_word' id='word_1_304' title='bbox 1875 3528 2021 3593; x_wconf 86' lang='lat' dir='ltr'><strong>eiusdem</strong></span> <span class='ocrx_word' id='word_1_305' title='bbox 2037 3531 2128 3616; x_wconf 89' lang='lat' dir='ltr'><strong>pacis</strong></span> <span class='ocrx_word' id='word_1_306' title='bbox 2144 3529 2212 3593; x_wconf 92' lang='lat' dir='ltr'><strong>Do·</strong></span> 
     </span>
     <span class='ocr_line' id='line_1_34' title="bbox 562 3630 2213 3723; baseline 0.005 -30"><span class='ocrx_word' id='word_1_307' title='bbox 562 3631 695 3702; x_wconf 89' lang='lat' dir='ltr'><strong>minum,</strong></span> <span class='ocrx_word' id='word_1_308' title='bbox 720 3631 775 3716; x_wconf 89' lang='lat' dir='ltr'><strong>qui</strong></span> <span class='ocrx_word' id='word_1_309' title='bbox 800 3630 900 3694; x_wconf 83' lang='lat' dir='ltr'><strong>dixit:</strong></span> <span class='ocrx_word' id='word_1_310' title='bbox 932 3631 1046 3695; x_wconf 72' lang='lat' dir='ltr'><strong>Pramo</strong></span> <span class='ocrx_word' id='word_1_311' title='bbox 1070 3656 1168 3695; x_wconf 72' lang='lat' dir='ltr'><strong>nicom</strong></span> <span class='ocrx_word' id='word_1_312' title='bbox 1192 3633 1233 3698; x_wconf 80' lang='lat' dir='ltr'><strong>do</strong></span> <span class='ocrx_word' id='word_1_313' title='bbox 1259 3635 1354 3712; x_wconf 83' lang='lat' dir='ltr'><strong>robis,</strong></span> <span class='ocrx_word' id='word_1_314' title='bbox 1382 3659 1493 3719; x_wconf 80' lang='lat' dir='ltr'><strong>pacem</strong></span> <span class='ocrx_word' id='word_1_315' title='bbox 1516 3659 1615 3699; x_wconf 77' lang='lat' dir='ltr'><strong>orcam</strong></span> <span class='ocrx_word' id='word_1_316' title='bbox 1640 3637 1784 3721; x_wconf 78' lang='lat' dir='ltr'><strong>reliraquo</strong></span> <span class='ocrx_word' id='word_1_317' title='bbox 1807 3638 1905 3716; x_wconf 57' lang='lat' dir='ltr'><strong>‘rabia</strong></span> <span class='ocrx_word' id='word_1_318' title='bbox 1936 3636 2073 3701; x_wconf 89' lang='lat' dir='ltr'><strong>eandem</strong></span> <span class='ocrx_word' id='word_1_319' title='bbox 2096 3660 2213 3723; x_wconf 87' lang='lat' dir='ltr'><strong>pacem</strong></span> 
     </span>
     <span class='ocr_line' id='line_1_35' title="bbox 562 3736 2262 3828; baseline 0.005 -29"><span class='ocrx_word' id='word_1_320' title='bbox 562 3751 594 3799; x_wconf 91' lang='lat' dir='ltr'><strong>et</strong></span> <span class='ocrx_word' id='word_1_321' title='bbox 618 3737 786 3801; x_wconf 82' lang='lat' dir='ltr'><strong>caritatem</strong></span> <span class='ocrx_word' id='word_1_322' title='bbox 810 3736 1064 3823; x_wconf 88' lang='lat' dir='ltr'><strong>splendidiorem</strong></span> <span class='ocrx_word' id='word_1_323' title='bbox 1095 3748 1127 3802; x_wconf 88' lang='lat' dir='ltr'><strong>et</strong></span> <span class='ocrx_word' id='word_1_324' title='bbox 1157 3737 1371 3803; x_wconf 86' lang='lat' dir='ltr'><strong>robustiorem</strong></span> <span class='ocrx_word' id='word_1_325' title='bbox 1402 3740 1510 3805; x_wconf 85' lang='lat' dir='ltr'><strong>facore</strong></span> <span class='ocrx_word' id='word_1_326' title='bbox 1542 3751 1575 3805; x_wconf 90' lang='lat' dir='ltr'><strong>et</strong></span> <span class='ocrx_word' id='word_1_327' title='bbox 1598 3740 1770 3805; x_wconf 90' lang='lat' dir='ltr'><strong>ostendere</strong></span> <span class='ocrx_word' id='word_1_328' title='bbox 1794 3742 1994 3828; x_wconf 89' lang='lat' dir='ltr'><strong>temporibus</strong></span> <span class='ocrx_word' id='word_1_329' title='bbox 2017 3753 2050 3807; x_wconf 90' lang='lat' dir='ltr'><strong>et</strong></span> <span class='ocrx_word' id='word_1_330' title='bbox 2072 3754 2212 3828; x_wconf 90' lang='lat' dir='ltr'><strong>potesta·</strong></span> <span class='ocrx_word' id='word_1_331' title='bbox 2232 3768 2262 3807; x_wconf 81' lang='lat' dir='ltr'><strong>so</strong></span> 
     </span>
     <span class='ocr_line' id='line_1_36' title="bbox 562 3842 2213 3935; baseline 0.004 -29"><span class='ocrx_word' id='word_1_332' title='bbox 562 3842 648 3906; x_wconf 87' lang='lat' dir='ltr'><strong>tibus</strong></span> <span class='ocrx_word' id='word_1_333' title='bbox 671 3844 866 3929; x_wconf 88' lang='lat' dir='ltr'><strong>praeteritis,</strong></span> <span class='ocrx_word' id='word_1_334' title='bbox 891 3844 1044 3929; x_wconf 87' lang='lat' dir='ltr'><strong>quoniam</strong></span> <span class='ocrx_word' id='word_1_335' title='bbox 1069 3857 1102 3908; x_wconf 88' lang='lat' dir='ltr'><strong>et</strong></span> <span class='ocrx_word' id='word_1_336' title='bbox 1123 3866 1182 3908; x_wconf 89' lang='lat' dir='ltr'><strong>nos</strong></span> <span class='ocrx_word' id='word_1_337' title='bbox 1206 3845 1254 3909; x_wconf 88' lang='lat' dir='ltr'><strong>sic</strong></span> <span class='ocrx_word' id='word_1_338' title='bbox 1278 3856 1424 3910; x_wconf 87' lang='lat' dir='ltr'><strong>tenemus</strong></span> <span class='ocrx_word' id='word_1_339' title='bbox 1444 3857 1477 3910; x_wconf 91' lang='lat' dir='ltr'><strong>ct</strong></span> <span class='ocrx_word' id='word_1_340' title='bbox 1493 3869 1671 3933; x_wconf 88' lang='lat' dir='ltr'><strong>speramus,</strong></span> <span class='ocrx_word' id='word_1_341' title='bbox 1697 3847 1784 3934; x_wconf 91' lang='lat' dir='ltr'><strong>quod</strong></span> <span class='ocrx_word' id='word_1_342' title='bbox 1808 3859 1840 3912; x_wconf 91' lang='lat' dir='ltr'><strong>et</strong></span> <span class='ocrx_word' id='word_1_343' title='bbox 1856 3861 1966 3913; x_wconf 90' lang='lat' dir='ltr'><strong>vestra</strong></span> <span class='ocrx_word' id='word_1_344' title='bbox 1980 3849 2213 3935; x_wconf 89' lang='lat' dir='ltr'><strong>gloriosissima</strong></span> 
     </span>
     <span class='ocr_line' id='line_1_37' title="bbox 562 3950 2211 4041; baseline 0.005 -29"><span class='ocrx_word' id='word_1_345' title='bbox 562 3961 705 4035; x_wconf 86' lang='lat' dir='ltr'><strong>potestas</strong></span> <span class='ocrx_word' id='word_1_346' title='bbox 740 3951 785 4014; x_wconf 87' lang='lat' dir='ltr'><strong>ita</strong></span> <span class='ocrx_word' id='word_1_347' title='bbox 820 3951 1001 4015; x_wconf 88' lang='lat' dir='ltr'><strong>consentiat</strong></span> <span class='ocrx_word' id='word_1_348' title='bbox 1032 3952 1117 4015; x_wconf 91' lang='lat' dir='ltr'><strong>sicut</strong></span> <span class='ocrx_word' id='word_1_349' title='bbox 1147 3963 1179 4015; x_wconf 92' lang='lat' dir='ltr'><strong>et</strong></span> <span class='ocrx_word' id='word_1_350' title='bbox 1209 3962 1329 4015; x_wconf 87' lang='lat' dir='ltr'><strong>nostra.</strong></span> <span class='ocrx_word' id='word_1_351' title='bbox 1384 3950 1512 4017; x_wconf 79' lang='lat' dir='ltr'><strong>Caritas</strong></span> <span class='ocrx_word' id='word_1_352' title='bbox 1542 3954 1629 4017; x_wconf 90' lang='lat' dir='ltr'><strong>enim</strong></span> <span class='ocrx_word' id='word_1_353' title='bbox 1660 3966 1692 4018; x_wconf 90' lang='lat' dir='ltr'><strong>et</strong></span> <span class='ocrx_word' id='word_1_354' title='bbox 1721 3977 1789 4040; x_wconf 83' lang='lat' dir='ltr'><strong>pax</strong></span> <span class='ocrx_word' id='word_1_355' title='bbox 1819 3966 1989 4041; x_wconf 87' lang='lat' dir='ltr'><strong>utramque</strong></span> <span class='ocrx_word' id='word_1_356' title='bbox 2020 3966 2211 4041; x_wconf 91' lang='lat' dir='ltr'><strong>potestatem</strong></span> 
     </span>
     <span class='ocr_line' id='line_1_38' title="bbox 562 4054 2213 4144; baseline 0.005 -26"><span class='ocrx_word' id='word_1_357' title='bbox 562 4054 740 4119; x_wconf 89' lang='lat' dir='ltr'><strong>secundum</strong></span> <span class='ocrx_word' id='word_1_358' title='bbox 773 4056 970 4120; x_wconf 88' lang='lat' dir='ltr'><strong>dominicam</strong></span> <span class='ocrx_word' id='word_1_359' title='bbox 1000 4079 1116 4121; x_wconf 89' lang='lat' dir='ltr'><strong>vocem</strong></span> <span class='ocrx_word' id='word_1_360' title='bbox 1147 4069 1256 4144; x_wconf 85' lang='lat' dir='ltr'><strong>potest</strong></span> <span class='ocrx_word' id='word_1_361' title='bbox 1285 4069 1318 4122; x_wconf 93' lang='lat' dir='ltr'><strong>et</strong></span> <span class='ocrx_word' id='word_1_362' title='bbox 1348 4060 1542 4123; x_wconf 87' lang='lat' dir='ltr'><strong>servatrices</strong></span> <span class='ocrx_word' id='word_1_363' title='bbox 1572 4059 1797 4125; x_wconf 88' lang='lat' dir='ltr'><strong>mandatorum</strong></span> <span class='ocrx_word' id='word_1_364' title='bbox 1830 4063 1899 4126; x_wconf 90' lang='lat' dir='ltr'><strong>eius</strong></span> <span class='ocrx_word' id='word_1_365' title='bbox 1930 4061 2071 4126; x_wconf 87' lang='lat' dir='ltr'><strong>efficere.</strong></span> <span class='ocrx_word' id='word_1_366' title='bbox 2118 4062 2213 4127; x_wconf 85' lang='lat' dir='ltr'><strong>Dixit</strong></span> 
     </span>
     <span class='ocr_line' id='line_1_39' title="bbox 562 4163 2212 4255; baseline 0.007 -32"><span class='ocrx_word' id='word_1_367' title='bbox 562 4163 665 4225; x_wconf 88' lang='lat' dir='ltr'><strong>euim:</strong></span> <span class='ocrx_word' id='word_1_368' title='bbox 693 4166 759 4240; x_wconf 68' lang='lat' dir='ltr'><strong>thri</strong></span> <span class='ocrx_word' id='word_1_369' title='bbox 779 4165 888 4250; x_wconf 80' lang='lat' dir='ltr'><strong>diliyit</strong></span> <span class='ocrx_word' id='word_1_370' title='bbox 912 4189 957 4228; x_wconf 86' lang='lat' dir='ltr'><strong>me</strong></span> <span class='ocrx_word' id='word_1_371' title='bbox 981 4165 1131 4229; x_wconf 80' lang='lat' dir='ltr'><strong>mandata</strong></span> <span class='ocrx_word' id='word_1_372' title='bbox 1155 4190 1224 4229; x_wconf 84' lang='lat' dir='ltr'><strong>mcc</strong></span> <span class='ocrx_word' id='word_1_373' title='bbox 1248 4166 1382 4230; x_wconf 80' lang='lat' dir='ltr'><strong>custodit</strong></span> <span class='ocrx_word' id='word_1_374' title='bbox 1407 4167 1596 4231; x_wconf 88' lang='lat' dir='ltr'><strong>etiterum:</strong></span> <span class='ocrx_word' id='word_1_375' title='bbox 1628 4167 1667 4231; x_wconf 83' lang='lat' dir='ltr'><strong>Ia</strong></span> <span class='ocrx_word' id='word_1_376' title='bbox 1697 4169 1753 4230; x_wconf 78' lang='lat' dir='ltr'><strong>hor</strong></span> <span class='ocrx_word' id='word_1_377' title='bbox 1783 4184 1963 4255; x_wconf 73' lang='lat' dir='ltr'><strong>coynosccnt</strong></span> <span class='ocrx_word' id='word_1_378' title='bbox 1991 4194 2104 4250; x_wconf 83' lang='lat' dir='ltr'><strong>omnes,</strong></span> <span class='ocrx_word' id='word_1_379' title='bbox 2135 4172 2212 4255; x_wconf 81' lang='lat' dir='ltr'><strong>quio</strong></span> 
     </span>
     <span class='ocr_line' id='line_1_40' title="bbox 562 4270 2260 4355; baseline 0.005 -23"><span class='ocrx_word' id='word_1_380' title='bbox 562 4272 626 4332; x_wconf 70' lang='lat' dir='ltr'><strong>snei</strong></span> <span class='ocrx_word' id='word_1_381' title='bbox 648 4270 805 4355; x_wconf 67' lang='lat' dir='ltr'><strong>discipuli</strong></span> <span class='ocrx_word' id='word_1_382' title='bbox 825 4273 909 4350; x_wconf 70' lang='lat' dir='ltr'><strong>estiis,</strong></span> <span class='ocrx_word' id='word_1_383' title='bbox 932 4273 965 4334; x_wconf 81' lang='lat' dir='ltr'><strong>si</strong></span> <span class='ocrx_word' id='word_1_384' title='bbox 986 4271 1181 4336; x_wconf 79' lang='lat' dir='ltr'><strong>dilectionem</strong></span> <span class='ocrx_word' id='word_1_385' title='bbox 1206 4273 1380 4337; x_wconf 78' lang='lat' dir='ltr'><strong>habueritis</strong></span> <span class='ocrx_word' id='word_1_386' title='bbox 1402 4273 1449 4337; x_wconf 85' lang='lat' dir='ltr'><strong>cd</strong></span> <span class='ocrx_word' id='word_1_387' title='bbox 1471 4276 1613 4337; x_wconf 77' lang='lat' dir='ltr'><strong>iuriceru.</strong></span> <span class='ocrx_word' id='word_1_388' title='bbox 1717 4321 1721 4326; x_wconf 81' lang='lat'><em>-</em></span> <span class='ocrx_word' id='word_1_389' title='bbox 2231 4300 2260 4340; x_wconf 83' lang='lat' dir='ltr'><strong>so</strong></span> 
     </span>
    </p>

    <p class='ocr_par' dir='ltr' id='par_1_8' title="bbox 560 4375 2260 5108">
     <span class='ocr_line' id='line_1_41' title="bbox 669 4375 2212 4466; baseline 0.005 -28"><span class='ocrx_word' id='word_1_390' title='bbox 669 4375 735 4439; x_wconf 87' lang='lat' dir='ltr'><strong>Sed</strong></span> <span class='ocrx_word' id='word_1_391' title='bbox 759 4388 792 4439; x_wconf 92' lang='lat' dir='ltr'><strong>et</strong></span> <span class='ocrx_word' id='word_1_392' title='bbox 815 4375 875 4439; x_wconf 91' lang='lat' dir='ltr'><strong>hoc</strong></span> <span class='ocrx_word' id='word_1_393' title='bbox 899 4386 1029 4440; x_wconf 89' lang='lat' dir='ltr'><strong>vestrae</strong></span> <span class='ocrx_word' id='word_1_394' title='bbox 1050 4377 1178 4441; x_wconf 84' lang='lat' dir='ltr'><strong>Christo</strong></span> <span class='ocrx_word' id='word_1_395' title='bbox 1203 4376 1335 4441; x_wconf 88' lang='lat' dir='ltr'><strong>amabili</strong></span> <span class='ocrx_word' id='word_1_396' title='bbox 1360 4377 1525 4442; x_wconf 88' lang='lat' dir='ltr'><strong>dilectioni</strong></span> <span class='ocrx_word' id='word_1_397' title='bbox 1549 4380 1803 4461; x_wconf 86' lang='lat' dir='ltr'><strong>manifestamus,</strong></span> <span class='ocrx_word' id='word_1_398' title='bbox 1828 4382 1905 4466; x_wconf 83' lang='lat' dir='ltr'><strong>quia</strong></span> <span class='ocrx_word' id='word_1_399' title='bbox 1928 4381 2019 4445; x_wconf 90' lang='lat' dir='ltr'><strong>multi</strong></span> <span class='ocrx_word' id='word_1_400' title='bbox 2044 4381 2084 4446; x_wconf 88' lang='lat' dir='ltr'><strong>dc</strong></span> <span class='ocrx_word' id='word_1_401' title='bbox 2108 4381 2212 4446; x_wconf 88' lang='lat' dir='ltr'><strong>eccle·</strong></span> 
     </span>
     <span class='ocr_line' id='line_1_42' title="bbox 561 4481 2212 4575; baseline 0.005 -31"><span class='ocrx_word' id='word_1_402' title='bbox 561 4482 700 4546; x_wconf 86' lang='lat' dir='ltr'><strong>siasticis</strong></span> <span class='ocrx_word' id='word_1_403' title='bbox 724 4505 782 4546; x_wconf 89' lang='lat' dir='ltr'><strong>scu</strong></span> <span class='ocrx_word' id='word_1_404' title='bbox 806 4495 838 4546; x_wconf 90' lang='lat' dir='ltr'><strong>et</strong></span> <span class='ocrx_word' id='word_1_405' title='bbox 862 4481 954 4546; x_wconf 89' lang='lat' dir='ltr'><strong>laicis</strong></span> <span class='ocrx_word' id='word_1_406' title='bbox 977 4484 1067 4564; x_wconf 90' lang='lat' dir='ltr'><strong>viris,</strong></span> <span class='ocrx_word' id='word_1_407' title='bbox 1099 4483 1196 4548; x_wconf 90' lang='lat' dir='ltr'><strong>alieni</strong></span> <span class='ocrx_word' id='word_1_408' title='bbox 1229 4483 1270 4548; x_wconf 91' lang='lat' dir='ltr'><strong>de</strong></span> <span class='ocrx_word' id='word_1_409' title='bbox 1301 4484 1488 4570; x_wconf 88' lang='lat' dir='ltr'><strong>apostolicis</strong></span> <span class='ocrx_word' id='word_1_410' title='bbox 1519 4484 1747 4550; x_wconf 86' lang='lat' dir='ltr'><strong>traditionibus</strong></span> <span class='ocrx_word' id='word_1_411' title='bbox 1771 4486 1850 4551; x_wconf 83' lang='lat' dir='ltr'><strong>facti</strong></span> <span class='ocrx_word' id='word_1_412' title='bbox 1874 4499 1906 4552; x_wconf 87' lang='lat' dir='ltr'><strong>ct</strong></span> <span class='ocrx_word' id='word_1_413' title='bbox 1929 4511 2035 4575; x_wconf 89' lang='lat' dir='ltr'><strong>neque</strong></span> <span class='ocrx_word' id='word_1_414' title='bbox 2059 4500 2212 4574; x_wconf 89' lang='lat' dir='ltr'><strong>paternos</strong></span> 
     </span>
     <span class='ocr_line' id='line_1_43' title="bbox 560 4588 2211 4681; baseline 0.005 -29"><span class='ocrx_word' id='word_1_415' title='bbox 560 4590 715 4652; x_wconf 89' lang='lat' dir='ltr'><strong>terminos</strong></span> <span class='ocrx_word' id='word_1_416' title='bbox 740 4588 969 4672; x_wconf 89' lang='lat' dir='ltr'><strong>custodientes,</strong></span> <span class='ocrx_word' id='word_1_417' title='bbox 1002 4590 1080 4655; x_wconf 89' lang='lat' dir='ltr'><strong>facti</strong></span> <span class='ocrx_word' id='word_1_418' title='bbox 1104 4603 1178 4654; x_wconf 89' lang='lat' dir='ltr'><strong>sunt</strong></span> <span class='ocrx_word' id='word_1_419' title='bbox 1201 4591 1387 4655; x_wconf 88' lang='lat' dir='ltr'><strong>inventores</strong></span> <span class='ocrx_word' id='word_1_420' title='bbox 1412 4591 1570 4656; x_wconf 86' lang='lat' dir='ltr'><strong>malarum</strong></span> <span class='ocrx_word' id='word_1_421' title='bbox 1594 4615 1713 4657; x_wconf 89' lang='lat' dir='ltr'><strong>rerum.</strong></span> <span class='ocrx_word' id='word_1_422' title='bbox 1759 4595 1905 4659; x_wconf 89' lang='lat' dir='ltr'><strong>Primum</strong></span> <span class='ocrx_word' id='word_1_423' title='bbox 1929 4595 2061 4681; x_wconf 91' lang='lat' dir='ltr'><strong>quidem</strong></span> <span class='ocrx_word' id='word_1_424' title='bbox 2084 4596 2211 4661; x_wconf 89' lang='lat' dir='ltr'><strong>honori·</strong></span> 
     </span>
     <span class='ocr_line' id='line_1_44' title="bbox 560 4695 2211 4787; baseline 0.005 -28"><span class='ocrx_word' id='word_1_425' title='bbox 560 4695 639 4760; x_wconf 88' lang='lat' dir='ltr'><strong>ficas</strong></span> <span class='ocrx_word' id='word_1_426' title='bbox 663 4705 695 4760; x_wconf 94' lang='lat' dir='ltr'><strong>et</strong></span> <span class='ocrx_word' id='word_1_427' title='bbox 718 4696 867 4759; x_wconf 86' lang='lat' dir='ltr'><strong>vivificas</strong></span> <span class='ocrx_word' id='word_1_428' title='bbox 891 4719 1005 4762; x_wconf 87' lang='lat' dir='ltr'><strong>cruces</strong></span> <span class='ocrx_word' id='word_1_429' title='bbox 1030 4698 1070 4761; x_wconf 91' lang='lat' dir='ltr'><strong>de</strong></span> <span class='ocrx_word' id='word_1_430' title='bbox 1095 4697 1196 4761; x_wconf 82' lang='lat' dir='ltr'><strong>sacris</strong></span> <span class='ocrx_word' id='word_1_431' title='bbox 1220 4696 1349 4783; x_wconf 90' lang='lat' dir='ltr'><strong>templis</strong></span> <span class='ocrx_word' id='word_1_432' title='bbox 1374 4697 1583 4784; x_wconf 87' lang='lat' dir='ltr'><strong>expellebant</strong></span> <span class='ocrx_word' id='word_1_433' title='bbox 1599 4711 1631 4763; x_wconf 90' lang='lat' dir='ltr'><strong>et</strong></span> <span class='ocrx_word' id='word_1_434' title='bbox 1647 4701 1679 4763; x_wconf 92' lang='lat' dir='ltr'><strong>in</strong></span> <span class='ocrx_word' id='word_1_435' title='bbox 1697 4700 1811 4765; x_wconf 89' lang='lat' dir='ltr'><strong>eadem</strong></span> <span class='ocrx_word' id='word_1_436' title='bbox 1828 4700 1901 4766; x_wconf 91' lang='lat' dir='ltr'><strong>loca</strong></span> <span class='ocrx_word' id='word_1_437' title='bbox 1916 4702 2075 4787; x_wconf 86' lang='lat' dir='ltr'><strong>imagines</strong></span> <span class='ocrx_word' id='word_1_438' title='bbox 2092 4713 2211 4767; x_wconf 89' lang='lat' dir='ltr'><strong>statue·</strong></span> 
     </span>
     <span class='ocr_line' id='line_1_45' title="bbox 560 4799 2260 4895; baseline 0.005 -31"><span class='ocrx_word' id='word_1_439' title='bbox 560 4799 2260 4895; x_wconf 40' lang='lat' dir='ltr'><strong>mmmmwmmmwmmssmmmmmmfflmwmmmffiw</strong></span> 
     </span>
     <span class='ocr_line' id='line_1_46' title="bbox 561 4906 2211 4999; baseline 0.005 -29"><span class='ocrx_word' id='word_1_440' title='bbox 561 4906 682 4971; x_wconf 92' lang='lat' dir='ltr'><strong>honore</strong></span> <span class='ocrx_word' id='word_1_441' title='bbox 706 4906 873 4972; x_wconf 85' lang='lat' dir='ltr'><strong>habebant</strong></span> <span class='ocrx_word' id='word_1_442' title='bbox 896 4909 980 4973; x_wconf 90' lang='lat' dir='ltr'><strong>sicut</strong></span> <span class='ocrx_word' id='word_1_443' title='bbox 1003 4908 1218 4974; x_wconf 90' lang='lat' dir='ltr'><strong>honoriticum</strong></span> <span class='ocrx_word' id='word_1_444' title='bbox 1251 4921 1283 4973; x_wconf 91' lang='lat' dir='ltr'><strong>ct</strong></span> <span class='ocrx_word' id='word_1_445' title='bbox 1306 4911 1472 4975; x_wconf 86' lang='lat' dir='ltr'><strong>vivificum</strong></span> <span class='ocrx_word' id='word_1_446' title='bbox 1498 4910 1631 4997; x_wconf 90' lang='lat' dir='ltr'><strong>lignum,</strong></span> <span class='ocrx_word' id='word_1_447' title='bbox 1662 4913 1783 4999; x_wconf 91' lang='lat' dir='ltr'><strong>inquo</strong></span> <span class='ocrx_word' id='word_1_448' title='bbox 1808 4912 1967 4995; x_wconf 82' lang='lat' dir='ltr'><strong>Christus,</strong></span> <span class='ocrx_word' id='word_1_449' title='bbox 1997 4937 2095 4979; x_wconf 91' lang='lat' dir='ltr'><strong>verus</strong></span> <span class='ocrx_word' id='word_1_450' title='bbox 2117 4914 2211 4980; x_wconf 92' lang='lat' dir='ltr'><strong>Deus</strong></span> 
     </span>
     <span class='ocr_line' id='line_1_47' title="bbox 561 5014 2211 5108; baseline 0.005 -30"><span class='ocrx_word' id='word_1_451' title='bbox 561 5024 680 5096; x_wconf 87' lang='lat' dir='ltr'><strong>noster,</strong></span> <span class='ocrx_word' id='word_1_452' title='bbox 704 5014 852 5100; x_wconf 83' lang='lat' dir='ltr'><strong>crucifigi</strong></span> <span class='ocrx_word' id='word_1_453' title='bbox 875 5014 1028 5101; x_wconf 86' lang='lat' dir='ltr'><strong>dignatus</strong></span> <span class='ocrx_word' id='word_1_454' title='bbox 1052 5027 1101 5079; x_wconf 92' lang='lat' dir='ltr'><strong>est</strong></span> <span class='ocrx_word' id='word_1_455' title='bbox 1124 5027 1258 5102; x_wconf 89' lang='lat' dir='ltr'><strong>propter</strong></span> <span class='ocrx_word' id='word_1_456' title='bbox 1281 5027 1425 5081; x_wconf 89' lang='lat' dir='ltr'><strong>nostram</strong></span> <span class='ocrx_word' id='word_1_457' title='bbox 1449 5017 1596 5082; x_wconf 91' lang='lat' dir='ltr'><strong>salutem.</strong></span> <span class='ocrx_word' id='word_1_458' title='bbox 1641 5018 1831 5083; x_wconf 88' lang='lat' dir='ltr'><strong>Psallebant</strong></span> <span class='ocrx_word' id='word_1_459' title='bbox 1854 5031 1887 5085; x_wconf 89' lang='lat' dir='ltr'><strong>ct</strong></span> <span class='ocrx_word' id='word_1_460' title='bbox 1909 5020 2090 5086; x_wconf 89' lang='lat' dir='ltr'><strong>adorabant</strong></span> <span class='ocrx_word' id='word_1_461' title='bbox 2113 5033 2211 5108; x_wconf 87' lang='lat' dir='ltr'><strong>atque</strong></span> 
     </span>
    </p>
   </div>
   <div class='ocr_carea' id='block_1_6' title="bbox 666 5285 968 5350">
    <p class='ocr_par' dir='ltr' id='par_1_9' title="bbox 666 5285 968 5350">
     <span class='ocr_line' id='line_1_48' title="bbox 666 5285 968 5350; baseline 0.003 -15"><span class='ocrx_word' id='word_1_462' title='bbox 666 5288 701 5336; x_wconf 82' lang='grc'><strong>30</strong></span> <span class='ocrx_word' id='word_1_463' title='bbox 719 5285 918 5350; x_wconf 80' lang='lat' dir='ltr'><strong>splendidorum</strong></span> <span class='ocrx_word' id='word_1_464' title='bbox 938 5285 968 5336; x_wconf 90' lang='lat' dir='ltr'><strong>P.</strong></span> 
     </span>
    </p>
   </div>
   <div class='ocr_carea' id='block_1_7' title="bbox 559 5501 2260 5694">
    <p class='ocr_par' dir='ltr' id='par_1_10' title="bbox 559 5501 2260 5694">
     <span class='ocr_line' id='line_1_49' title="bbox 671 5501 2210 5584; baseline 0.008 -28"><span class='ocrx_word' id='word_1_465' title='bbox 671 5502 699 5568; x_wconf 83' lang='lat' dir='ltr'><strong>l)</strong></span> <span class='ocrx_word' id='word_1_466' title='bbox 724 5501 817 5557; x_wconf 84' lang='lat' dir='ltr'><strong>Hodie</strong></span> <span class='ocrx_word' id='word_1_467' title='bbox 841 5501 962 5558; x_wconf 80' lang='lat' dir='ltr'><strong>Derubre</strong></span> <span class='ocrx_word' id='word_1_468' title='bbox 984 5501 1013 5559; x_wconf 84' lang='lat' dir='ltr'><strong>iu</strong></span> <span class='ocrx_word' id='word_1_469' title='bbox 1037 5501 1107 5560; x_wconf 79' lang='lat' dir='ltr'><strong>Asia</strong></span> <span class='ocrx_word' id='word_1_470' title='bbox 1130 5501 1240 5560; x_wconf 76' lang='lat' dir='ltr'><strong>vaiacra</strong></span> <span class='ocrx_word' id='word_1_471' title='bbox 1262 5503 1449 5561; x_wconf 67' lang='lat' dir='ltr'><strong>rermidionoli.</strong></span> <span class='ocrx_word' id='word_1_472' title='bbox 1546 5504 1577 5574; x_wconf 80' lang='lat'><strong>2)</strong></span> <span class='ocrx_word' id='word_1_473' title='bbox 1602 5506 1647 5562; x_wconf 87' lang='lat' dir='ltr'><strong>De</strong></span> <span class='ocrx_word' id='word_1_474' title='bbox 1673 5507 1831 5564; x_wconf 76' lang='lat' dir='ltr'><strong>Formnato</strong></span> <span class='ocrx_word' id='word_1_475' title='bbox 1855 5509 2031 5584; x_wconf 71' lang='lat' dir='ltr'><strong>patriarcba</strong></span> <span class='ocrx_word' id='word_1_476' title='bbox 2054 5509 2210 5580; x_wconf 61' lang='lat' dir='ltr'><strong>Gradena,</strong></span> 
     </span>
     <span class='ocr_line' id='line_1_50' title="bbox 559 5606 2260 5694; baseline 0.009 -31"><span class='ocrx_word' id='word_1_477' title='bbox 559 5606 609 5683; x_wconf 83' lang='lat' dir='ltr'><strong>qui</strong></span> <span class='ocrx_word' id='word_1_478' title='bbox 625 5608 716 5682; x_wconf 82' lang='lat' dir='ltr'><strong>poulo</strong></span> <span class='ocrx_word' id='word_1_479' title='bbox 742 5616 953 5681; x_wconf 74' lang='lat' dir='ltr'><strong>postmortem</strong></span> <span class='ocrx_word' id='word_1_480' title='bbox 976 5616 1024 5679; x_wconf 80' lang='lat' dir='ltr'><strong>est,</strong></span> <span class='ocrx_word' id='word_1_481' title='bbox 1055 5608 1095 5680; x_wconf 81' lang='lat' dir='ltr'><strong>rs.</strong></span> <span class='ocrx_word' id='word_1_482' title='bbox 1122 5608 1243 5678; x_wconf 70' lang='lat' dir='ltr'><strong>Simuos,</strong></span> <span class='ocrx_word' id='word_1_483' title='bbox 1275 5611 1293 5665; x_wconf 88' lang='grc' dir='ltr'><strong>Ι.</strong></span> <span class='ocrx_word' id='word_1_484' title='bbox 1311 5612 1329 5666; x_wconf 90' lang='lat' dir='ltr'><strong>l.</strong></span> <span class='ocrx_word' id='word_1_485' title='bbox 1354 5611 1378 5680; x_wconf 83' lang='lat'><strong>1,</strong></span> <span class='ocrx_word' id='word_1_486' title='bbox 1403 5613 1471 5670; x_wconf 87' lang='lat'><strong><em>175.</em></strong></span> <span class='ocrx_word' id='word_1_487' title='bbox 1495 5613 1557 5671; x_wconf 81' lang='lat'><strong>218</strong></span> <span class='ocrx_word' id='word_1_488' title='bbox 1580 5633 1650 5669; x_wconf 83' lang='lat' dir='ltr'><strong>ann.</strong></span> <span class='ocrx_word' id='word_1_489' title='bbox 1667 5615 1713 5672; x_wconf 83' lang='grc'><strong>11.</strong></span> <span class='ocrx_word' id='word_1_490' title='bbox 1729 5617 1804 5673; x_wconf 76' lang='lat'><strong><em>222.</em></strong></span> <span class='ocrx_word' id='word_1_491' title='bbox 1852 5615 2002 5687; x_wconf 74' lang='lat' dir='ltr'><strong>Hamaclr,</strong></span> <span class='ocrx_word' id='word_1_492' title='bbox 2033 5619 2052 5674; x_wconf 89' lang='lat' dir='ltr'><strong>l.</strong></span> <span class='ocrx_word' id='word_1_493' title='bbox 2072 5619 2090 5675; x_wconf 89' lang='lat' dir='ltr'><strong>l.</strong></span> <span class='ocrx_word' id='word_1_494' title='bbox 2109 5639 2143 5694; x_wconf 81' lang='lat' dir='ltr'><strong>p.</strong></span> <span class='ocrx_word' id='word_1_495' title='bbox 2160 5621 2210 5678; x_wconf 83' lang='lat'><strong>65.</strong></span> <span class='ocrx_word' id='word_1_496' title='bbox 2230 5637 2260 5677; x_wconf 76' lang='lat' dir='ltr'><strong>to</strong></span> 
     </span>
    </p>
   </div>
   <div class='ocr_carea' id='block_1_8' title="bbox 561 5713 2211 5895">
    <p class='ocr_par' dir='ltr' id='par_1_11' title="bbox 561 5713 2211 5895">
     <span class='ocr_line' id='line_1_51' title="bbox 561 5713 2211 5801; baseline 0.01 -35"><span class='ocrx_word' id='word_1_497' title='bbox 561 5713 593 5782; x_wconf 82' lang='lat'><strong>3)</strong></span> <span class='ocrx_word' id='word_1_498' title='bbox 626 5713 675 5784; x_wconf 57' lang='grc' dir='ltr'><strong>Ψ.</strong></span> <span class='ocrx_word' id='word_1_499' title='bbox 705 5713 846 5789; x_wconf 73' lang='lat' dir='ltr'><strong>Ilurcaupc</strong></span> <span class='ocrx_word' id='word_1_500' title='bbox 874 5735 897 5770; x_wconf 79' lang='lat' dir='ltr'><strong>s.</strong></span> <span class='ocrx_word' id='word_1_501' title='bbox 926 5734 951 5771; x_wconf 84' lang='lat' dir='ltr'><strong>v.</strong></span> <span class='ocrx_word' id='word_1_502' title='bbox 1068 5715 1098 5783; x_wconf 81' lang='lat'><strong>4)</strong></span> <span class='ocrx_word' id='word_1_503' title='bbox 1132 5713 1180 5787; x_wconf 80' lang='lat' dir='ltr'><strong>Os.</strong></span> <span class='ocrx_word' id='word_1_504' title='bbox 1215 5715 1422 5773; x_wconf 61' lang='lat' dir='ltr'><strong>stomacher²</strong></span> <span class='ocrx_word' id='word_1_505' title='bbox 1453 5738 1481 5775; x_wconf 81' lang='lat' dir='ltr'><strong>a.</strong></span> <span class='ocrx_word' id='word_1_506' title='bbox 1507 5721 1603 5778; x_wconf 72' lang='lat'><em>5890.</em></span> <span class='ocrx_word' id='word_1_507' title='bbox 1636 5722 1729 5779; x_wconf 79' lang='lat' dir='ltr'><strong>793a.</strong></span> <span class='ocrx_word' id='word_1_508' title='bbox 1785 5721 1911 5793; x_wconf 81' lang='lat' dir='ltr'><strong>Simsoa,</strong></span> <span class='ocrx_word' id='word_1_509' title='bbox 1947 5725 1965 5778; x_wconf 92' lang='lat' dir='ltr'><strong>l.</strong></span> <span class='ocrx_word' id='word_1_510' title='bbox 1993 5725 2012 5780; x_wconf 84' lang='lat' dir='ltr'><strong>l.</strong></span> <span class='ocrx_word' id='word_1_511' title='bbox 2041 5724 2065 5794; x_wconf 87' lang='lat' dir='ltr'><strong>I,</strong></span> <span class='ocrx_word' id='word_1_512' title='bbox 2093 5727 2211 5801; x_wconf 73' lang='lat' dir='ltr'><strong>aaosq.</strong></span> 
     </span>
     <span class='ocr_line' id='line_1_52' title="bbox 562 5818 911 5895; baseline 0.006 -21"><span class='ocrx_word' id='word_1_513' title='bbox 562 5818 713 5888; x_wconf 76' lang='lat' dir='ltr'><strong>Harrracl&#39;,</strong></span> <span class='ocrx_word' id='word_1_514' title='bbox 737 5822 757 5875; x_wconf 92' lang='grc' dir='ltr'><strong>Ι.</strong></span> <span class='ocrx_word' id='word_1_515' title='bbox 775 5821 793 5876; x_wconf 91' lang='lat' dir='ltr'><strong>l.</strong></span> <span class='ocrx_word' id='word_1_516' title='bbox 813 5840 846 5895; x_wconf 85' lang='lat' dir='ltr'><strong>p.</strong></span> <span class='ocrx_word' id='word_1_517' title='bbox 863 5822 911 5879; x_wconf 73' lang='lat'><strong>64.</strong></span> 
     </span>
    </p>
   </div>
   <div class='ocr_carea' id='block_1_9' title="bbox 0 0 2453 6708">
    <p class='ocr_par' dir='ltr' id='par_1_12' title="bbox 0 0 2453 6708">
     <span class='ocr_line' id='line_1_53' title="bbox 0 0 2453 6708; baseline 0 0"><span class='ocrx_word' id='word_1_518' title='bbox 0 0 2453 6708; x_wconf 95' lang='lat' dir='ltr'><strong> </strong></span> 
     </span>
    </p>
   </div>
  </div>
 </body>
</html>
