4884 6717
695 537 747 592 56.
783 536 1001 594 COXCILIUM
1025 538 1353 602 AQUISGRANEXSE
1377 540 1413 594 Α.
1436 539 1510 595 836.
1865 532 1928 594 713

275 735 371 788 domos
406 733 554 788 inhoneste
590 735 622 786 et
656 734 789 805 inpudice
825 734 1012 804 frequentant
1048 742 1077 789 et
1109 736 1387 790 commessationibus
1418 743 1448 790 et
1480 735 1667 790 ebrietatibus
1698 735 1843 789 deservire
1874 753 1930 789 non

276 841 449 895 erubescunt
480 848 510 894 et
540 859 592 911 per
622 841 747 895 diversos
778 849 918 895 mercatus
942 841 1094 896 indiscrete
1120 843 1291 910 discurrunt,
1323 843 1529 897 observandum
1553 843 1746 908 iudicavimus,
1771 849 1803 895 ut
1827 841 1930 896 abhinc

276 947 403 1002 districtc
428 948 625 1017 severiterque
650 947 862 1014 coherceantur,
887 966 923 1002 uc
947 967 999 1017 per
1023 966 1119 1002 eorum
1142 949 1277 1002 inlicitam
1301 957 1330 1004 et
1346 950 1526 1004 indecentem
1543 950 1682 1003 actionem
1700 955 1729 1003 et
1745 948 1931 1002 ministerium

276 1054 454 1109 sacerdotale
478 1055 660 1124 vituperetur
684 1061 712 1108 et
737 1054 839 1124 quibua
863 1055 1023 1109 debuerant
1048 1075 1110 1109 esse
1136 1056 1164 1109 in
1188 1055 1346 1126 exemplum
1371 1046 1546 1109 deveniant
1568 1056 1597 1108 in
1621 1055 1794 1109 scandalum.

243 1174 256 1211 a
383 1153 467 1238 (33).
492 1151 573 1237 Cap.
591 1151 701 1214 VIIII.
738 1152 966 1215 Necessarium
990 1154 1087 1215 etiam
1111 1154 1144 1214 in
1169 1151 1364 1238 quibusdam
1388 1153 1567 1237 reperimus
1593 1151 1750 1228 ecclesiis,
1779 1163 1814 1215 ut
1838 1151 1930 1215 cleri-

276 1281 387 1322 corum
424 1259 502 1322 ordo
538 1259 652 1322 maiori
687 1259 884 1343 astringatur
919 1258 1092 1343 disciplina
1126 1270 1158 1321 et
1193 1258 1343 1322 custodia
1377 1257 1590 1344 ampliorique
1626 1259 1777 1322 foveatur
1810 1260 1931 1343 stipen-

276 1364 402 1429 diorum
434 1366 538 1450 copia,
570 1377 605 1428 ut
636 1366 807 1428 occasione
841 1364 1065 1449 temporalium
1098 1363 1317 1428 subsidiorum
1348 1375 1534 1428 sanctarum
1565 1387 1630 1428 non
1662 1364 1818 1450 depereat
1840 1365 1931 1427 insti-

276 1473 356 1535 tutio
380 1495 499 1535 rerum.

384 1581 466 1662 (34).
504 1577 585 1664 Cap.
610 1579 652 1641 X.
689 1578 741 1641 De
766 1579 943 1642 eorundem
966 1601 1063 1664 porro
1087 1577 1341 1663 presbiterorum
1365 1580 1443 1658 rita,
1476 1600 1570 1663 quae,
1601 1591 1637 1641 ut
1660 1601 1718 1640 vos
1742 1600 1820 1641 vere
1850 1578 1931 1641 fate-

233 1712 258 1750 ιο
277 1686 365 1765 mini,
390 1685 529 1748 ridicula
553 1684 700 1762 habetur,
726 1697 880 1770 quantmn
906 1684 999 1747 nohis
1025 1708 1119 1769 posse
1145 1700 1202 1760 est,
1236 1683 1432 1764 curabimus,
1463 1697 1498 1747 ut
1528 1685 1633 1747 urinas
1657 1685 1794 1769 perfecti
1819 1706 1931 1748 eorum

276 1805 368 1856 actus
392 1791 434 1854 ad
459 1791 603 1855 debitum
629 1805 825 1855 revocentur
848 1804 976 1855 statum.
1013 1792 1167 1855 Vestrum
1183 1804 1292 1854 autem
1316 1792 1378 1854 erit
1401 1791 1570 1876 precipere
1594 1790 1697 1866 laicis,
1722 1803 1757 1853 ut
1776 1792 1838 1876 ipsi
1856 1814 1932 1854 con·

276 1922 392 1982 gruum
416 1900 463 1962 eis
488 1911 519 1961 et
542 1897 687 1962 debitum
713 1899 891 1983 inpendent
915 1898 1070 1961 honorem
1087 1911 1118 1961 ct
1135 1899 1168 1961 in
1185 1921 1251 1978 eoS,
1276 1899 1330 1983 qui
1348 1907 1532 1961 contraeas
1556 1919 1727 1983 perperam
1751 1907 1932 1982 gesserunt,

277 2029 421 2090 congrua
444 2005 602 2091 procedat
626 2006 807 2089 castigatio,
833 2020 992 2090 quatenus
1017 2018 1048 2068 et
1072 2004 1117 2068 illi
1143 2006 1346 2088 corrigantur
1370 2015 1402 2067 ct
1426 2002 1541 2089 reliqui
1565 2015 1758 2067 terreantur.

384 2115 466 2197 (35).
493 2111 573 2198 Cap.
599 2112 658 2175 XI.
695 2112 911 2175 Decernimus
936 2113 1043 2190 etiam,
1076 2125 1110 2174 ut
1140 2110 1331 2198 presbiteris
1362 2110 1450 2174 nulla
1481 2111 1611 2174 ommno
1644 2109 1810 2175 cohabitet
1839 2112 1932 2175 femi·

233 2245 258 2283 m
277 2242 402 2298 narum,
434 2230 700 2304 contempnentes
731 2230 839 2281 autem
863 2219 947 2281 hauc
973 2220 1234 2282 constitutionem
1259 2217 1438 2303 perieulum
1470 2218 1591 2304 proprii
1616 2219 1775 2280 sustinere
1799 2219 1931 2303 gradus.

384 2327 467 2412 (36).
493 2325 575 2411 Cap.
600 2325 676 2389 XII.
720 2325 804 2390 Illud
831 2348 971 2411 uanique
995 2328 1216 2389 necessarium
1241 2327 1347 2389 visum
1371 2336 1420 2388 est
1444 2324 1484 2387 de
1509 2325 1714 2387 ruonasteriis
1738 2325 1930 2409 puellarum,

277 2456 361 2519 quae
397 2434 430 2495 in
466 2432 662 2518 quibusdam
693 2431 772 2496 locis
802 2432 973 2518 lupanaria
1003 2434 1110 2517 potius
1140 2432 1294 2496 videntur
1329 2455 1399 2495 csse
1436 2455 1533 2517 quarn
1568 2432 1765 2494 monasteria
1799 2444 1932 2517 propter

277 2538 516 2624 neglegentiam
541 2539 774 2625 stipendiorum
799 2552 853 2603 aut
878 2551 966 2602 certe
991 2538 1208 2602 insollerciam
1233 2538 1441 2624 prolatarum.
1488 2538 1584 2602 Unde
1616 2536 1845 2623 postulandum
1871 2548 1929 2619 est,

277 2660 311 2709 ut
335 2645 485 2730 relegiosi
509 2648 571 2709 viri
602 2646 644 2709 ad
675 2646 735 2709 hoc
767 2645 958 2728 dirigantur,
994 2657 1029 2708 ut
1060 2645 1137 2707 talia
1167 2647 1331 2730 inquirant
1363 2659 1394 2708 et
1426 2643 1604 2708 secundum
1635 2644 1833 2728 relegionem
1857 2644 1931 2709 Deo

232 2778 258 2815 so
277 2752 470 2839 placabilem
495 2753 669 2816 emendare
693 2753 853 2830 studeant,
879 2753 972 2815 sicuti
998 2753 1168 2837 superiusl
1193 2752 1233 2814 de
1259 2752 1385 2815 clericis
1410 2751 1625 2814 decrevimus

384 2859 466 2944 (37).
493 2858 572 2945 Cap.
598 2859 692 2923 XIII.
736 2858 982 2922 Anrrnoncndae
1008 2860 1105 2922 etiam
1130 2872 1204 2921 srmt
1228 2858 1392 2944 praelatae
1416 2858 1697 2936 monasteriorum,
1726 2869 1761 2921 ut
1784 2856 1931 2922 subditas

276 2965 420 3029 moribus
445 2965 555 3051 probis
580 2980 677 3051 atque
702 2965 860 3050 exemplis
885 2965 1084 3051 praecedant
1109 2978 1140 3028 et
1164 2965 1204 3028 dc
1229 2966 1423 3028 necessariis
1448 2962 1651 3027 subditarum
1668 2963 1865 3027 victualibus
1889 2964 1932 3028 ad

278 3075 423 3159 proprios
448 3096 525 3135 usus
550 3072 688 3136 subditis
713 3072 902 3136 subtrahere
927 3095 991 3135 non
1016 3086 1213 3157 presumant,
1245 3094 1286 3134 ne
1317 3083 1350 3134 et
1380 3069 1431 3133 ille
1463 3069 1549 3150 inde,
1581 3071 1753 3132 occasione
1778 3070 1933 3134 videlicet

277 3179 500 3243 minorationis
525 3180 629 3242 victus
654 3189 751 3264 atque
776 3180 1054 3260 vestimentorum,
1086 3179 1118 3242 in
1150 3178 1302 3264 laqueum
1333 3176 1480 3240 incidant
1507 3174 1637 3240 diaboli.
1686 3176 1752 3240 Sed
1777 3176 1932 3263 deinceps

232 3310 258 3348 aa
278 3285 351 3349 illae
385 3285 501 3349 ovibus
532 3285 652 3349 Christi
683 3285 918 3371 praeferendae
950 3296 1035 3364 sunt,
1067 3308 1148 3370 quas
1179 3285 1329 3368 currtagio
1360 3284 1512 3347 vitiorum
1545 3305 1609 3346 non
1641 3285 1838 3369 coinquinet,
1875 3284 1933 3347 scd

278 3393 452 3478 relegionis
477 3393 607 3456 devotio
632 3392 846 3456 commendet.
884 3392 967 3455 Xam
991 3391 1070 3455 illud
1095 3393 1303 3477 perspicuum
1327 3402 1385 3470 est,
1411 3413 1494 3476 quae
1518 3389 1658 3453 necdum
1678 3401 1838 3454 noverant
1861 3413 1933 3454 esse

277 3499 362 3563 filiae
386 3501 419 3562 in
443 3499 615 3585 disciplina
639 3499 812 3582 relegionis
844 3523 903 3562 nec
934 3500 967 3562 in
998 3523 1069 3562 sese
1101 3497 1274 3582 relegionis
1305 3521 1450 3561 normam
1482 3496 1614 3578 habere,
1645 3510 1766 3561 matres
1795 3497 1933 3582 relegio·

278 3630 384 3670 sarum
409 3607 480 3669 lieri
505 3629 568 3670 non
593 3629 687 3691 posse
698 3613 719 3669 '·'.

386 3715 468 3798 (38).
501 3713 581 3799 Cap.
608 3712 718 3776 XIIII.
766 3713 1013 3777 Ammonendae
1048 3712 1214 3798 praelatae
1251 3724 1341 3792 suut,
1376 3721 1412 3774 ut
1445 3710 1671 3797 praevideant,
1709 3733 1749 3774 ne
1785 3712 1818 3774 in
1853 3712 1932 3797 ipsis

233 3843 259 3882 ao
278 3822 481 3883 monasteriis
506 3819 685 3883 multimodi
711 3821 775 3883 sint
798 3820 909 3904 anguli
933 3819 986 3884 vel
1010 3819 1087 3882 talia
1117 3819 1198 3898 loca,
1231 3841 1314 3904 quae
1345 3820 1409 3881 siut
1441 3817 1613 3882 tenebrosa
1644 3831 1700 3880 aut
1730 3831 1817 3881 certe
1847 3819 1933 3882 visui

278 3927 494 4012 praelatorum
526 3926 664 4008 (auertite,
696 3928 729 3989 in
761 3925 878 4013 quibus
910 3926 1001 3989 Deus
1032 3949 1092 4011 pro
1123 3925 1302 3989 sceleribus
1334 3924 1413 3989 inibi
1445 3926 1626 3988 commissis
1657 3924 1698 3987 ad
1729 3924 1933 3987 iracundiam

277 4045 481 4119 provocetur.

386 4144 468 4226 (36).
495 4143 575 4226 (lap.
600 4141 675 4205 XV.
723 4141 760 4203 ln
793 4139 948 4203 custodiis
979 4163 1057 4202 vero
1089 4140 1378 4222 congregationum
1410 4150 1476 4201 tam
1507 4138 1738 4201 canonicorum
1770 4160 1933 4223 quamque

279 4247 510 4310 inonachorum
535 4271 660 4310 necnon
686 4245 979 4310 sanctimonialium
1005 4269 1209 4331 summopere
1232 4244 1427 4308 studendum
1453 4245 1648 4324 censuimus,
1672 4256 1707 4307 ut
1731 4245 1763 4307 iu
1783 4242 1933 4307 ornnibus

234 4375 260 4414 as
280 4353 358 4416 locis
390 4352 530 4416 claustra
562 4356 608 4416 eis
640 4353 893 4439 praevideantur
925 4353 1082 4436 relegioni
1114 4375 1224 4416 cortun
1256 4353 1480 4434 congruentia,
1512 4351 1569 4413 sed
1600 4363 1632 4414 et
1662 4349 1847 4414 habitacula
1877 4350 1932 4414 do·

279 4483 415 4540 morum,
440 4462 472 4522 in
497 4460 614 4546 quibus
638 4460 760 4544 relegio
785 4483 804 4523 a
827 4460 935 4523 Deum
961 4459 1053 4545 sequi
1077 4457 1261 4522 volentibus
1292 4459 1404 4543 perlici
1437 4468 1533 4543 aitque
1565 4459 1678 4542 augeri
1703 4457 1803 4542 possit
1825 4458 1934 4543 potius

280 4589 375 4652 quam
401 4567 481 4630 vitia
504 4568 629 4630 nutriri.
676 4567 749 4630 lloe
773 4579 881 4630 tamen
906 4579 1027 4630 utnon
1052 4564 1244 4648 neglegatur
1267 4589 1286 4628 a
1309 4564 1464 4649 praelatis
1496 4565 1795 4649 congregationum,
1826 4565 1933 4627 missis

279 4674 451 4736 dominicis
475 4675 704 4736 corumittatur.
751 4673 868 4737 Modus
902 4688 1009 4736 autem
1041 4695 1119 4754 erga
1149 4673 1292 4756 ipsarum
1326 4673 1614 4754 crrrrgrcgatiomrm
1643 4669 1848 4755 disciplinam
1880 4671 1933 4734 hic

279 4802 350 4842 esse
376 4779 482 4856 debet,
514 4780 620 4842 idest
649 4793 682 4843 ut
707 4782 854 4842 canonici
880 4778 1058 4842 seeundum
1083 4778 1126 4858 id,
1152 4777 1239 4864 (quod
1264 4779 1447 4841 continetur
1476 4778 1508 4839 in
1540 4776 1632 4858 libro,
1664 4778 1718 4861 qui
1750 4776 1790 4840 dc
1822 4800 1934 4840 eorum

234 4907 261 4945 ro
279 4888 346 4949 vita
370 4885 525 4950 collectus
550 4893 630 4967 esti,
663 4885 821 4970 relegisse
854 4900 1104 4964 conversentur,
1129 4884 1279 4948 nonachi
1304 4907 1382 4946 vero
1408 4883 1586 4947 secundum
1618 4883 1769 4947 traditam
1794 4905 1813 4946 a
1837 4881 1933 4946 beato

387 5067 455 5129 (32).
475 5071 556 5120 vill.
585 5073 754 5120 ‘Ituci-catos
776 5071 807 5118 (ι’,
881 5071 1053 5133 tvituperet
1074 5071 1105 5117 G.
1179 5062 1217 5132 in]
1236 5084 1330 5116 eorum
1349 5067 1410 5116 add.
1432 5069 1462 5116 G.

388 5165 456 5218 (33).
475 5160 572 5208 l'llll.
602 5162 617 5207 6
636 5158 760 5224 ampliori
781 5159 812 5208 G.

389 5249 456 5310 (34).
476 5249 508 5297 X.
540 5253 572 5298 to
591 5247 707 5297 ridiculo
729 5248 760 5297 G.

389 5337 457 5398 (31).
477 5338 555 5386 Xlll.
584 5340 617 5386 ⁴23
637 5338 699 5386 inde
719 5363 753 5369 —
773 5332 912 5398 videlicet]
934 5337 1079 5385 occasione
1099 5334 1229 5385 videlicet
1247 5337 1310 5384 inde
1332 5334 1364 5383 G.
1438 5337 1470 5384 27
1491 5335 1622 5383 habentes
1644 5333 1675 5382 (l.

390 5426 457 5487 (36).
477 5427 568 5476 Xllll.
598 5429 631 5475 ’29
653 5421 690 5489 ut]
710 5433 756 5474 aut
777 5426 808 5474 G.

389 5513 455 5576 (39).
475 5517 534 5564 XV.
564 5517 597 5564 36
617 5533 633 5565 a
650 5515 734 5579 arrppl.
752 5531 765 5564 e
783 5514 846 5563 anri.
919 5521 999 5580 utqui,1
1021 5513 1053 5563 (ι’.

391 5670 420 5756 l)
446 5680 543 5754 Supra
567 5699 589 5734 e.
608 5685 626 5734 a
647 5675 726 5755 (33).
827 5675 858 5750 2)
885 5678 934 5748 (Y.
958 5697 1048 5752 supru
1068 5699 1100 5753 p.
1120 5681 1180 5735 aa*
1205 5698 1227 5732 c.
1247 5681 1294 5746 39,
1321 5697 1354 5752 p.
1377 5678 1435 5734 6ἱῖ
1450 5697 1491 5750 sq.
1517 5695 1540 5730 c.
1558 5681 1599 5732 23
1616 5669 1690 5750 (llll),
1722 5674 1806 5745 basra
1825 5696 1857 5750 p.
1877 5681 1936 5736 719

281 5806 304 5842 c.
329 5790 379 5844 50.
473 5787 502 5850 3)
530 5786 594 5842 Seii.
618 5785 686 5840 liber
710 5787 744 5841 o’e
767 5785 936 5842 institutione
959 5785 1157 5841 canoniorum
1181 5789 1244 5842 316
1267 5793 1410 5859 coirpestus
1441 5779 1536 5857 (supro
1561 5803 1595 5856 p.
1620 5778 1779 5856 aramis).
1829 5785 1934 5842 iliram

282 5892 398 5962 ridetur,
422 5893 499 5967 pund
519 5891 696 5948 institutionis
719 5892 972 5948 sarrctimonialimu
997 5893 1089 5946 eodem
1114 5912 1190 5946 oriam
1214 5891 1381 5966 compilatae
1405 5889 1505 5946 ›oeinio
1529 5909 1583 5945 non
1601 5889 1648 5965 fit.

334 6008 379 6050 m..
395 6008 494 6047 concula
509 6007 537 6047 Il.
1686 6013 1720 6056 90
