4884 6717
520 492 584 556 724
938 500 990 558 56.
1027 500 1248 560 CONCILIUM
1270 501 1600 567 AQUISGRANENSE
1623 503 1661 559 Α.
1682 502 1757 559 836.

518 698 647 769 cepistis,
670 697 735 753 Deo
753 697 911 769 opitulante
935 697 1131 753 indesinenter
1153 698 1305 771 perficere,
1330 711 1371 753 ne
1395 699 1561 770 gravemini,
1586 704 1616 753 et
1639 699 1668 755 in
1687 700 1876 772 adimplendis
1898 703 2031 774 operibus
2047 703 2173 758 iustitiae

519 809 549 860 et
563 804 679 876 pietatis
695 822 728 860 ac
743 804 953 860 misericordiae
969 804 1129 861 nullatenus
1143 804 1295 873 deficiatis,
1314 806 1447 876 quoniam
1462 823 1519 860 non
1534 805 1741 872 inchoantibus,
1758 809 1810 864 sed
1826 809 2073 880 perseverantibus
2088 827 2173 881 prac-

339 920 500 974 tnunroar.
519 911 603 965 mium
619 919 755 967 aeternae
768 913 846 966 vitae
859 913 944 966 datur
956 917 987 966 et
1002 911 1081 966 iuxta
1092 911 1222 968 veritatis
1234 929 1348 967 vocem:
1368 909 1426 975 Qui
1435 912 1665 986 perseveraverit
1680 931 1767 988 usquc
1782 912 1812 970 in
1820 914 1921 992 fiuent,
1942 913 1986 970 bic
2000 915 2096 972 salvus
2111 915 2173 972 erit.

625 1081 791 1146 (66911117.
823 1087 834 1134 l
857 1085 956 1151 perfice
977 1084 1009 1135 G.
1082 1087 1098 1135 2
1118 1081 1261 1148 deficiatis]
1280 1085 1428 1150 perficiatis
1448 1086 1481 1136 G.

798 1487 843 1561 Β.
883 1485 1143 1563 EPISTOLA
1171 1484 1415 1564 CONOILII
1437 1485 1906 1582 AQUISGRANENSIS
2192 1524 2206 1564 s

924 1606 999 1680 AD
1023 1605 1287 1681 PIPPINUM
1306 1606 1502 1684 REGEM
1520 1604 1768 1684 DIREOTA.

1254 1753 1329 1813 836.
1355 1744 1450 1810 Febr.

628 1876 781 1994 Dupleoe
812 1909 903 1972 illius
933 1908 1094 1993 epistolae,
1124 1910 1214 1972 cuius
1245 1910 1279 1972 in
1308 1907 1479 1972 annalibus
1509 1907 1711 1972 Bertinianis
1740 1932 1839 1994 supra
1862 1934 1901 1996 p.
1928 1917 1992 1977 704
2024 1911 2044 1974 Ι.
2070 1918 2172 1995 7999.

522 2015 663 2080 laudats's
678 2017 722 2101 fit
742 2017 868 2093 mentio,
891 2028 991 2078 ecstat
1004 2015 1132 2101 forma,
1163 2040 1227 2078 una
1257 2038 1337 2100 9999
1359 2013 1498 2078 indicem
1528 2015 1739 2101 capitulorum
1761 2029 1790 2080 et
1812 2018 1846 2080 in
1867 2017 2073 2103 praefatione
2097 2017 2178 2081 libri

516 2124 624 2208 primi
637 2124 765 2186 nomina
780 2121 916 2185 Aldrici
932 2120 1196 2185 Cenomannensis
1211 2134 1240 2185 et
1254 2120 1478 2185 Hercbinradi
1489 2120 1686 2186 Parrsicnsis
1701 2123 1918 2208 episcoporum
1934 2124 2041 2205 babet,
2062 2124 2174 2203 altera,
2194 2151 2220 2191 so

520 2253 601 2315 9999
623 2229 699 2293 laec
723 2229 845 2307 omittit,
868 2228 1083 2313 compluribus
1106 2228 1184 2292 locis
1207 2242 1321 2292 1999999
1340 2228 1510 2313 paulisper
1537 2242 1712 2308 commutat,
1737 2231 1912 2315 praecipue
1942 2254 2014 2294 vero
2037 2232 2073 2294 in
2096 2230 2178 2295 libri

519 2338 609 2400 tertii
629 2337 731 2420 capite
753 2358 834 2398 nono
857 2358 897 2398 ec
918 2333 1066 2422 Oripenis
1089 2334 1223 2398 bomilia
1246 2333 1403 2419 quaedam
1426 2358 1494 2398 cum
1519 2336 1772 2399 cmnmcntariolo
1795 2336 1916 2400 adiecto
1940 2315 2071 2416 exbibet,
2095 2361 2175 2423 quae

521 2444 555 2506 in
571 2444 685 2528 prima
708 2444 834 2505 ornnino
858 2440 978 2505 desunt.
1027 2439 1120 2517 Quod
1141 2465 1210 2504 9999
1233 2465 1331 2526 99999
1353 2444 1422 2505 sine
1445 2441 1577 2505 consilio
1599 2465 1698 2527 99999
1720 2468 1741 2506 9
1763 2443 1869 2507 scriba
1892 2443 2029 2529 quodam
2045 2444 2175 2530 factum

519 2574 585 2614 esse
612 2548 802 2613 credendum
831 2550 883 2627 sit,
913 2548 995 2612 banc
1025 2547 1238 2612 diversitatem
1268 2547 1344 2612 inde
1375 2561 1474 2612 ortam
1504 2550 1658 2634 putarim,
1693 2548 1779 2633 quod
1806 2548 1904 2613 Ionas
1932 2548 2176 2615 Aurelianensis

520 2658 696 2742 episcopus,
725 2655 895 2720 secundum
925 2654 1064 2718 codicem
1087 2653 1343 2719 Bellovacensem
1372 2668 1481 2718 auctor
1511 2654 1671 2740 epistolae,
1697 2658 1839 2740 primum
1871 2658 1959 2720 iussu
1988 2658 2121 2721 concilii
2148 2672 2177 2722 et
2195 2682 2220 2723 ro

520 2763 554 2826 in
577 2783 718 2847 persons
740 2760 968 2847 episcoporum
998 2758 1087 2846 apud
1109 2759 1310 2846 Aquisgrani
1339 2760 1453 2846 palatii
1482 2771 1754 2846 congregatorum
1782 2764 1923 2848 scripsit,
1954 2763 2069 2828 deinde
2096 2788 2175 2849 opus

519 2893 609 2933 suum
640 2871 765 2933 nomine
794 2869 898 2954 ipsius
927 2869 1111 2953 anteposito,
1141 2868 1280 2932 aliorum
1309 2869 1490 2932 nominibus
1519 2869 1656 2948 omissis,
1678 2870 1798 2954 paucis
1827 2872 1954 2933 mutatis
1982 2870 2033 2934 vel
2053 2870 2176 2935 additis

521 2976 623 3041 denuo
647 2978 779 3040 emisitl.
823 2975 902 3040 Tali
917 2989 1019 3040 autem
1039 2977 1216 3039 coniectura
1236 2999 1299 3038 non
1321 2976 1410 3039 omni
1430 2974 1624 3061 difficultati
1635 2974 1803 3039 medemur.
1840 2974 1926 3039 Nam
1939 2978 2081 3063 primum
2098 2978 2179 3041 libri

519 3085 637 3168 scripti
657 3084 765 3146 varios
787 3083 926 3168 afferunt
947 3082 1063 3162 titulos,
1086 3083 1153 3145 sive
1176 3079 1217 3144 de
1233 3079 1331 3144 rebus
1348 3079 1577 3144 ecclesiasticis
1600 3102 1666 3144 non
1682 3079 1877 3145 invadendis
1901 3097 1936 3148 ut
1954 3083 2052 3148 codes
2066 3083 2144 3148 Bell
2162 3122 2174 3132 -

520 3191 674 3268 vasensis,
696 3191 762 3253 sive
784 3185 913 3252 libellus
937 3186 978 3251 do
1002 3187 1160 3272 religione
1184 3185 1384 3252 oblationum
1400 3186 1466 3250 Dei
1489 3202 1523 3252 ut
1545 3188 1643 3252 codes
1656 3188 1827 3253 Mettensis.
1866 3189 2009 3270 Accedit,
2032 3190 2119 3275 quod
2140 3193 2175 3254 in
2192 3215 2220 3256 so

520 3296 628 3360 codice
651 3295 867 3360 Londiniensi
893 3297 975 3359 inter
1004 3295 1085 3359 duas
1107 3308 1221 3381 partes
1250 3297 1356 3381 operis
1385 3294 1424 3358 de
1450 3296 1643 3360 institutione
1667 3296 1823 3359 laicalia
1845 3295 1926 3360 Iona
1950 3297 2089 3383 confecti
2110 3295 2172 3380 (ed.

520 3402 560 3466 L.
586 3402 755 3488 d'Aeberp,
787 3401 996 3489 Spicilepium
1019 3401 1067 3465 ed.
1088 3406 1122 3468 2.
1146 3400 1176 3481 Ι,
1199 3407 1268 3469 258
1278 3425 1347 3486 999.
1371 3429 1413 3455 =
1437 3400 1557 3487 Mipne,
1587 3401 1707 3466 Patrol.
1739 3402 1792 3466 lat.
1821 3400 1910 3482 CVI,
1933 3408 2097 3489 121sqq.,·
2127 3405 2173 3491 cf.

527 3508 715 3595 lbompson,
738 3507 923 3595 ί69919999
946 3509 990 3595 of
999 3510 1125 3572 ancient
1142 3510 1355 3593 manuscripts
1370 3509 1405 3571 in
1420 3507 1468 3572 tlte
1484 3507 1611 3572 Britisb
1627 3507 1786 3572 Museum’
1803 3506 1851 3587 H,
1867 3509 1925 3590 52)
1943 3512 2056 3595 prima
2080 3511 2175 3575 buius

520 3616 671 3702 epistolae
693 3618 832 3681 recensio
857 3617 979 3703 lepitur.
1018 3614 1085 3692 Quo
1109 3638 1188 3678 novo
1211 3613 1334 3678 indicio
1357 3615 1418 3677 etsi
1429 3613 1541 3677 lorsam
1558 3628 1715 3679 auctorem
1730 3615 1880 3700 epistolae
1893 3616 2004 3702 fuisse
2021 3617 2174 3704 efficitur,

520 3737 623 3788 tamen
645 3723 779 3809 frustra
810 3725 1032 3810 interropatur,
1067 3745 1131 3806 999
1160 3720 1199 3785 de
1228 3744 1325 3783 causa
1355 3720 1486 3784 oderam
1518 3723 1612 3785 ettam
1634 3721 1783 3807 farinam
1815 3724 1920 3807 operis
1950 3722 2173 3810 divulpavcrit.
2192 3749 2220 3789 as

521 3828 595 3894 Non
618 3843 672 3909 est,
696 3854 753 3894 cur
775 3828 895 3894 codicis
911 3828 1148 3893 Bellovacensis
1171 3829 1265 3891 cerba
1281 3851 1347 3913 pro
1370 3827 1473 3891 nibilo
1496 3829 1701 3891 aestimemus.
1737 3827 1792 3891 Eo:
1813 3830 2068 3894 annotationibus
2091 3834 2174 3896 enim

521 3939 621 4000 metui
641 3938 797 4022 appositis
813 3936 938 4022 patdit
960 3958 1021 3998 non
1043 3935 1139 3999 semel
1160 3934 1302 3998 ordinem
1326 3936 1548 3998 sententiarum
1571 3958 1640 3998 cum
1664 3935 1826 3999 nonnullis
1849 3937 2007 4021 capitibus
2030 3938 2178 4023 opuscul'

521 4044 613 4108 illius
636 4042 675 4106 de
698 4045 891 4108 instinctione
915 4043 1030 4106 laicali
1050 4043 1096 4106 ita
1119 4065 1298 4128 eonpruere,
1331 4054 1364 4104 ut
1386 4054 1494 4104 auctor
1517 4041 1667 4125 epistolae
1690 4065 1772 4104 aurio
1797 4049 1872 4107 836.
1898 4043 2058 4129 confectae
2081 4045 2174 4107 illum

521 4163 684 4214 tractatum
709 4164 780 4214 ante
802 4174 919 4213 99999
944 4155 1022 4216 829.
1046 4150 1199 4233 scriptum
1225 4147 1283 4233 (cf.
1301 4146 1345 4209 K.
1362 4146 1529 4233 Amalunp,
1554 4146 1669 4210 ‘Leben
1685 4146 1753 4211 und
1767 4147 1932 4233 Schriften
1949 4148 2003 4212 des
2019 4149 2176 4237 Biscbofs

520 4256 623 4321 Jonas
638 4279 697 4320 von
712 4255 864 4336 Orlc'ans3
879 4254 1065 4341 Propramm
1084 4253 1138 4318 des
1154 4253 1397 4318 Vitztlsumscben
1413 4252 1640 4339 Gymnasiums
1655 4256 1689 4317 in
1702 4253 1858 4318 Dresden’
1875 4261 1976 4334 1888,
1985 4279 2023 4341 p.
2037 4264 2081 4322 46
2089 4259 2172 4342 sqq.)
2192 4286 2220 4326 so

521 4377 591 4428 onte
615 4364 720 4427 oculos
743 4362 890 4427 babuisse
913 4361 1068 4441 videatur,
1092 4362 1171 4446 quin
1194 4361 1288 4424 etiam
1311 4374 1345 4424 ut
1367 4385 1463 4423 unum
1486 4359 1677 4446 eundemque
1699 4363 1884 4447 scriptorem
1908 4375 1937 4426 et
1959 4363 2123 4449 epistolam
2147 4377 2176 4428 et

520 4483 684 4534 tractatum
709 4468 747 4532 de
770 4470 962 4533 instinctione
986 4468 1102 4531 laicali
1121 4469 1331 4553 composuisse
1353 4469 1535 4552 suspiceris.

627 4575 740 4639 Prima
763 4576 912 4660 epistolae
929 4575 1043 4659 fornia
1069 4576 1102 4638 in
1126 4573 1288 4637 codicibus
1311 4574 1425 4659 lepitur
1448 4573 1482 4658 1)
1505 4574 1643 4659 capituli
1659 4572 1856 4639 Coloniensis
1872 4580 1938 4642 125
1952 4600 2034 4640 saec.
2050 4575 2111 4639 IX.
2129 4576 2172 4640 X.

522 4683 577 4765 (=
599 4681 637 4766 C)
655 4682 722 4768 fol.
740 4685 893 4762 1-48’,·
916 4687 952 4764 2)
971 4680 1131 4744 Beruensi
1143 4689 1210 4747 303
1226 4705 1306 4743 saec.
1324 4678 1385 4744 IX.
1402 4678 1444 4742 X.
1471 4680 1527 4762 (=
1544 4679 1577 4742 B
1588 4682 1622 4764 1)
1639 4681 1706 4767 fol.
1724 4683 1877 4762 2-53',·
1900 4683 1935 4766 3)
1959 4681 2176 4748 Londiniensi

520 4791 623 4853 musei
643 4789 833 4852 Britannici
860 4787 935 4851 add.
961 4795 1071 4854 10459
1094 4811 1174 4851 saec.
1196 4785 1258 4850 IX.
1279 4784 1322 4849 X.
1348 4785 1404 4868 (=
1420 4786 1464 4870 L)
1490 4787 1557 4873 fol.
1581 4795 1782 4867 106-130,
1813 4812 1903 4872 quem
1934 4790 2065 4853 contulit
2086 4814 2114 4852 v.
2141 4790 2171 4854 d.
2192 4818 2219 4858 u

527 4894 573 4958 W.
591 4895 737 4959 Levison.
773 4894 916 4958 Alteram
941 4895 1085 4958 enbibent
1107 4893 1230 4957 codices
1252 4893 1286 4976 1)
1304 4893 1474 4956 tribunalis
1490 4894 1598 4957 civilis
1613 4893 1850 4958 Bellovacensis
1865 4897 1929 4960 914
1952 4919 2032 4960 saec.
2051 4894 2111 4959 IX.
2129 4895 2171 4960 X.

521 5002 579 5084 (=
605 5001 637 5064 B
654 5003 694 5084 2)
716 5001 783 5087 fol.
809 5008 946 5080 1-51,·
981 5005 1020 5082 2)
1045 5000 1265 5064 Berolinensis
1288 5006 1344 5079 87,
1374 4998 1471 5062 Pbill.
1497 5007 1587 5066 1703
1618 4999 1723 5082 (antea
1752 5024 1776 5063 s.
1802 5000 1947 5087 Benipni
1966 5001 2174 5067 Divionensis

520 5109 716 5191 monasterii)
741 5131 820 5171 saec.
838 5106 900 5169 IX.
917 5106 958 5170 X.
977 5109 1035 5190 (=
1050 5106 1082 5168 B
1093 5109 1131 5189 3)
1147 5106 1215 5193 fol.
1233 5115 1277 5173 56
1282 5111 1416 5186 -102,
1438 5107 1473 5190 3)
1499 5105 1660 5171 Mettcusis
1674 5112 1746 5174 226
1767 5132 1847 5171 saec.
1865 5106 1925 5171 XI.
1944 5106 2025 5172 XII.
2043 5108 2102 5188 (=
2118 5108 2172 5192 M)

512 5215 778 5302 9949

628 5353 706 5411 Edu.
731 5349 864 5428 (9999999
888 5348 1106 5428 recensionem:
1138 5350 1247 5411 Crabbe
1270 5351 1307 5409 ΙΙ
1324 5346 1440 5429 (1551),
1466 5355 1535 5412 703.
1583 5353 1757 5431 &fidamus
1779 5358 1850 5414 402.
1897 5354 2024 5413 Ioverius
2046 5355 2088 5426 ΙΙ,
2105 5359 2171 5416 111.
2190 5378 2220 5418 so

521 5461 622 5520 899999
644 5459 702 5529 ΙΙΙ,
726 5464 799 5520 428.
845 5458 1138 5518 Bouana-Matini
1159 5458 1216 5528 ΙΙΙ,
1248 5462 1319 5518 480.
1366 5457 1470 5516 Binius
1492 5458 1549 5528 III,
1581 5462 1608 5529 1,
1633 5462 1705 5519 583.
1753 5459 1891 5518 Sirmond
1914 5461 1955 5532 ΙΙ,
1981 5466 2053 5522 596.
2102 5461 2172 5521 Coit.

519 5588 579 5645 rep.
611 5587 687 5625 conc.
717 5566 802 5637 XXI,
827 5570 897 5626 336.
945 5564 1187 5624 Labie-Cossart
1212 5565 1278 5636 VII,
1303 5567 1402 5635 1727;
1437 5566 1480 5622 ed.
1513 5563 1602 5624 Golcti
1627 5564 1682 5636 IX,
1713 5570 1786 5626 842.
1832 5565 1970 5625 Harduin
2000 5568 2056 5640 IV,
2080 5572 2170 5629 1408.

519 5674 685 5732 Hartzbeim
710 5673 750 5744 ΙΙ,
768 5678 816 5734 91.
864 5673 965 5731 Mauri
986 5673 1071 5744 XIV,
1089 5677 1159 5732 696.
1184 5703 1228 5712 -
1251 5672 1341 5749 Repu
1365 5670 1470 5729 ‘Neues
1492 5671 1612 5730 Arabiv’
1636 5672 1751 5744 XXIV,
1768 5676 1838 5733 490.

630 5851 658 5926 1)
680 5853 712 5911 V.
736 5852 819 5910 ctiam
842 5873 932 5928 supra
950 5871 983 5927 p.
1002 5855 1063 5911 649
1086 5870 1155 5907 999.
1173 5855 1202 5909 2.
