4884 6717
715 527 766 584 57.
802 526 1022 585 CONCILIUM
1046 525 1329 584 caalsmcausn
1352 529 1389 584 A.
1407 527 1482 585 838.
1861 522 1924 585 779

270 715 369 779 etiam
392 713 556 778 nonnullis
579 713 651 778 aliis
674 736 718 779 ex
741 714 838 796 clero,
862 725 928 779 tarn
953 715 1064 800 inepta
1087 724 1120 779 et
1142 714 1217 779 fidei
1235 715 1398 781 contraria
1413 713 1532 780 docere
1548 717 1775 803 praesumpsit,
1799 727 1835 781 ut
1857 738 1925 782 om·

270 822 359 884 nium
384 820 530 884 horreret
554 820 694 901 auditus,
727 844 800 886 cum
832 820 1038 908 postmodum
1069 822 1167 885 etiam
1198 820 1425 886 detestandum
1457 822 1684 908 opusculorum
1716 845 1848 887 suorum
1872 844 1925 887 eo·

270 926 377 991 dicem
408 928 495 991 omni
526 926 738 1013 parroechiae
769 939 899 992 nostrae
922 927 1012 992 velut
1035 926 1209 1013 legendum
1232 926 1581 1015 transcribendumque
1612 930 1748 1015 ingessit
1757 936 1778 1011 ¹,
1809 929 1868 994 sed
1892 940 1925 994 et

271 1045 345 1097 ante
373 1056 495 1120 paucos
521 1033 592 1098 dies
623 1057 697 1098 oum
728 1033 826 1098 alium
856 1033 975 1098 librum
1007 1057 1099 1099 suum
1124 1033 1187 1098 hue
1212 1033 1327 1098 detulit
1354 1033 1625 1116 dementissimus,
1657 1035 1923 1101 adinventionum

233 1163 247 1201 s
271 1163 401 1206 suarum
425 1139 675 1205 fantasmatibus
699 1139 841 1226 plenum.
877 1141 970 1222 Quae
995 1143 1104 1206 omnia
1125 1142 1231 1226 magis
1255 1140 1329 1205 odio
1353 1152 1386 1205 et
1409 1140 1572 1206 oblivione
1590 1164 1687 1228 quam
1703 1141 1807 1207 relatu
1824 1142 1942 1228 digna-

270 1245 410 1311 lihenter
438 1271 525 1311 nunc
556 1247 683 1311 silentio
711 1248 932 1333 praeterirem,
963 1248 1025 1311 nisi
1056 1247 1138 1312 haee
1162 1247 1216 1312 vel
1245 1249 1335 1312 tenui
1365 1249 1672 1313 commemoratione
1703 1251 1923 1335 perstringere

269 1355 317 1418 rei
348 1363 469 1439 gestae,
500 1376 598 1440 quam
628 1350 857 1440 explicandam
888 1355 1027 1438 suscepi,
1058 1354 1137 1418 ordo
1168 1365 1201 1418 et
1231 1377 1331 1419 causa
1362 1354 1569 1440 deposceret3
1603 1377 1710 1442 neque
1738 1357 1824 1419 enim
1848 1354 1944 1419 finis·

270 1461 471 1547 quaestionis
494 1472 601 1547 potest
624 1462 685 1525 rite
709 1461 856 1547 agnosci,
880 1460 942 1524 nisi
966 1473 1041 1524 ante
1064 1461 1192 1525 initium
1217 1459 1386 1525 sollicitius
1409 1472 1651 1547 praenoscatur.

376 1603 444 1686 (V).
479 1602 607 1667 Asserit
637 1604 748 1689 itaque
781 1602 894 1667 doctor
925 1601 1114 1688 praefatus²
1137 1603 1221 1666 inter
1252 1601 1317 1666 alia
1349 1624 1466 1689 corpus
1490 1601 1612 1667 Christi
1642 1603 1787 1668 triforme
1812 1614 1845 1668 et
1866 1604 1921 1667 tri·

226 1740 252 1778 ro
270 1709 423 1795 partitum
447 1733 529 1790 esse,
553 1711 651 1773 immo
675 1710 737 1773 tria
761 1732 832 1773 esse
857 1708 978 1773 Christi
1002 1731 1155 1795 corpora:
1187 1731 1305 1795 corpus
1330 1707 1460 1790 Christi,
1492 1709 1579 1795 quod
1610 1711 1643 1773 in
1674 1719 1878 1774 sacramento
1902 1732 1922 1773 a

269 1815 420 1880 fidelibus
444 1818 581 1880 sumitur
603 1815 657 1879 vel
679 1817 713 1879 in
737 1815 840 1881 celum
865 1814 1072 1879 invisibiliter
1094 1816 1197 1902 recipi
1220 1814 1274 1879 vel
1298 1816 1331 1879 in
1355 1814 1546 1902 corporibus
1570 1818 1765 1880 sumentium
1788 1839 1921 1880 manere

269 1924 430 2008 usquein
455 1923 541 1987 diem
565 1921 749 2008 sepulturae
772 1921 826 1986 vel
857 1944 899 1986 ex
929 1923 1086 1986 incisione
1110 1945 1268 1986 venarum
1300 1945 1372 1986 eum
1404 1923 1563 2007 sanguine
1593 1919 1694 1986 fluere
1725 1922 1778 1986 vel
1807 1924 1841 1987 in
1872 1945 1921 1988 se·

271 2051 399 2093 cessum
422 2028 489 2093 labi
512 2030 670 2115 opinatur.
717 2027 894 2109 Diaconos,
926 2027 1019 2092 altari
1043 2051 1116 2092 cum
1140 2030 1295 2092 assistunt
1317 2027 1464 2110 inclines,
1495 2029 1612 2092 asserit
1635 2029 1820 2115 significare
1844 2052 1921 2117 apo·

270 2135 368 2199 stolos
391 2136 425 2198 in
448 2137 598 2221 passione
622 2136 755 2200 Domini
786 2146 968 2199 metuentes
998 2145 1096 2221 atque
1124 2134 1304 2217 latitantes;
1336 2134 1553 2199 subdiaconos
1583 2134 1735 2200 mulieres
1759 2137 1848 2200 cruci
1873 2138 1920 2200 in·

226 2270 252 2310 ra
269 2241 395 2329 trepide
426 2244 630 2325 assistentem
661 2240 887 2328 presbyterum
917 2241 1037 2328 Ioseph
1067 2240 1108 2305 ab
1139 2241 1337 2323 Arimathia3
1369 2241 1634 2306 archidiaconum
1664 2241 1919 2326 Nichodemum3

270 2349 406 2413 calicem
430 2349 653 2435 sepulchrum
685 2347 882 2412 oblationem
913 2348 1067 2412 dominici
1091 2349 1236 2434 corporis
1260 2347 1340 2411 dicit
1370 2347 1632 2432 crucifixionem
1664 2347 1788 2434 lignum
1811 2349 1919 2436 ipsum

270 2455 441 2541 designare
466 2455 545 2520 dicit
568 2456 733 2536 doctores3
763 2454 897 2540 lignum,
921 2455 1007 2520 unde
1032 2454 1162 2541 pendet,
1187 2477 1336 2536 erucem,
1367 2454 1488 2536 funem,
1513 2478 1576 2541 quo
1601 2454 1780 2537 attrahitur,
1803 2455 1919 2540 fidem;

269 2562 529 2643 tintinnabulum,
554 2585 617 2649 quo
642 2575 780 2642 resonat,
806 2560 966 2646 linguam3
991 2584 1122 2625 manum
1146 2561 1313 2642 trahentis,
1338 2585 1412 2625 eum
1436 2560 1572 2642 levatur,
1597 2563 1698 2625 vitam
1722 2562 1919 2650 contempla·

269 2670 379 2748 tivam,
411 2693 484 2733 cum
512 2669 694 2755 deponitur,
726 2669 877 2732 activam.
924 2667 1134 2732 Exercismos
1166 2669 1453 2748 catecuminorum,
1485 2667 1528 2732 ad
1557 2667 1734 2755 spiritalem
1766 2669 1920 2734 emunda·

224 2777 365 2844 sotionis
389 2775 539 2839 effaetum
564 2774 755 2861 simpliciter
778 2774 1026 2860 depromendos,
1051 2775 1093 2839 ad
1117 2776 1260 2861 quinque
1277 2796 1391 2838 sensus
1408 2797 1580 2861 corporeos
1604 2775 1704 2839 nimia
1728 2776 1919 2840 carnalitate

269 2883 437 2947 convertit

376 3006 463 3093 (Vl).
499 3005 636 3069 Eisdem
660 3006 739 3092 ipsis
763 3007 847 3071 sicut
871 3028 964 3072 aures
989 3017 1021 3070 et
1044 3028 1148 3086 nares,
1180 3006 1227 3069 ita
1250 3016 1283 3068 et
1305 3005 1417 3070 oculos
1441 3005 1623 3091 tangendos
1646 3005 1761 3070 melius
1785 3006 1919 3072 iudicat

269 3113 541 3200 Antiphonarium
557 3111 711 3176 Iohannis
728 3112 916 3200 apocalypsi
942 3122 1119 3198 comparat.
1154 3111 1264 3198 Atque
1288 3111 1347 3175 has
1370 3134 1481 3175 omnes
1505 3123 1537 3176 et
1559 3111 1813 3178 innumerabiles
1837 3112 1919 3178 alias

269 3222 382 3284 nenias
412 3242 472 3305 per
501 3231 648 3283 sanctum
673 3219 752 3283 dicit
776 3219 932 3306 Spiritum
963 3218 1112 3300 revelari,
1144 3217 1206 3283 sibi
1236 3240 1397 3305 usurpans
1427 3219 1645 3283 testimonium
1668 3220 1758 3284 Petri
1782 3220 1920 3305 apostoli

224 3327 423 3393 radicantis:
455 3328 527 3391 Non
552 3330 634 3392 enim
659 3329 813 3391 volrrrrtata
836 3329 974 3391 lama-na
997 3328 1098 3391 allata
1121 3342 1166 3392 eat
1186 3326 1363 3412 aliquando
1383 3327 1563 3413 prophetia,
1586 3327 1643 3391 sed
1665 3327 1791 3414 Spiritu
1813 3343 2099 3396 condensantur.

271 3437 424 3521 inspirati
445 3436 634 3498 iactatiactat
655 3437 760 3498 sancti
780 3435 847 3498 Ilei
867 3435 1014 3497 homines.
1062 3432 1115 3496 Ex
1146 3455 1209 3519 quo
1241 3431 1411 3495 manifeste
1442 3443 1474 3495 et
1504 3454 1538 3495 se
1569 3431 1761 3518 prophetam
1788 3445 1820 3497 et
1844 3432 1919 3498 doc·

269 3542 385 3604 trinam
410 3541 620 3604 vanissimam
644 3552 676 3604 et
700 3541 767 3604 risu
790 3540 934 3626 dignam,
964 3539 1027 3603 heu
1057 3537 1286 3604 miserabiliter
1308 3537 1474 3624 deeeptus,
1498 3537 1568 3602 vult
1592 3539 1681 3603 eradi
1705 3538 1919 3626 prophetiam.

269 3647 392 3711 Verum
415 3659 451 3711 ut
474 3645 561 3734 quod
586 3659 734 3732 coeptum
766 3658 815 3711 est
838 3646 983 3710 breviter
1011 3645 1203 3732 explicetur,
1234 3643 1291 3708 ubi
1321 3644 1488 3710 doetrinae
1519 3645 1701 3710 huiusmodi
1733 3648 1920 3732 contagium

269 3752 311 3818 ad
335 3753 579 3820 subversionem
606 3753 800 3840 simplicium
833 3754 866 3817 in
890 3751 950 3817 hac
974 3751 1114 3816 ecclesia
1137 3752 1343 3816 disseminari
1368 3753 1484 3838 eoepit,
1515 3759 1658 3840 pastor³,
1690 3753 1731 3817 de
1755 3755 1919 3819 commissi

224 3889 251 3928 so
271 3863 380 3948 gregis
411 3860 513 3924 salute
547 3859 713 3939 sollicitus,
745 3884 817 3924 eum
849 3859 941 3923 multi
974 3859 1129 3923 maeroris
1160 3858 1376 3922 auraritudine
1407 3858 1558 3944 religioso
1592 3860 1755 3947 principi⁴
1786 3883 1919 3924 eausam

270 3969 417 4048 innotuit,
442 3989 646 4054 conquerens
670 3989 708 4030 ac
733 3964 907 4052 deplorans
931 3989 1085 4052 magnum
1115 3964 1273 4029 ecelesiae
1297 3964 1414 4028 vulnus
1445 3976 1477 4027 et
1507 3966 1724 4030 execrandam
1752 3967 1829 4030 fidei
1853 3990 1918 4031 ma·

270 4071 376 4137 culam
400 4072 459 4137 sub
483 4072 665 4138 istiusmodi
694 4074 872 4136 novitatum
898 4072 1161 4158 praesumptione
1192 4071 1318 4152 nutriri,
1349 4072 1411 4134 nisi
1435 4071 1579 4135 velocius
1603 4071 1676 4136 Deo
1707 4072 1818 4137 debita
1849 4075 1919 4137 eius

269 4179 475 4266 providentia
498 4179 696 4243 subveniret.
739 4179 790 4242 Pii
815 4180 971 4266 principis
996 4201 1075 4241 eura
1098 4176 1250 4241 ardenter
1274 4200 1312 4240 ac
1337 4175 1544 4240 laudabiliter
1566 4178 1599 4241 in
1623 4177 1688 4242 Dei
1712 4177 1809 4243 rebus
1833 4180 1918 4244 solli·

269 4289 344 4366 cita,
369 4309 442 4350 cum
460 4285 501 4348 ob
521 4286 675 4373 pleraque
700 4285 858 4350 ecelesiae
883 4286 1014 4370 negotia
1037 4286 1068 4347 in
1093 4283 1296 4370 praedictum
1322 4282 1433 4369 palatii
1457 4283 1562 4347 locum
1586 4285 1783 4349 reverendos
1811 4299 1919 4372 patres

224 4419 251 4459 sa
269 4394 439 4480 episcopos
470 4394 644 4456 convenire
674 4393 831 4472 iussisset,
866 4415 998 4456 causam
1029 4390 1071 4455 ad
1103 4391 1320 4476 cognitionem
1350 4400 1447 4476 atque
1479 4412 1617 4454 examen
1649 4391 1778 4455 concilii
1807 4416 1918 4457 eorum

268 4499 406 4585 proferri
431 4499 517 4562 iecit.
565 4497 713 4584 Cumque
745 4499 776 4561 in
801 4521 913 4562 eorum
944 4496 1077 4564 attribus
1107 4509 1172 4560 tam
1197 4498 1308 4582 inepta
1332 4508 1364 4560 et
1387 4496 1556 4582 prophana
1579 4520 1737 4562 novarum
1762 4498 1917 4563 adinven-

269 4607 390 4670 tionum
412 4617 595 4669 commenta
619 4605 843 4686 recitarentur,
870 4607 940 4691 ipso
965 4627 1104 4690 quoque,
1129 4605 1185 4689 qui
1209 4626 1248 4667 ea
1272 4603 1312 4668 de
1337 4602 1444 4666 cordis
1468 4604 1518 4666 sui
1541 4602 1760 4668 audacissima
1775 4607 1918 4670 vanitate

269 4712 455 4798 protulerat,
481 4723 662 4798 praesente,
693 4723 726 4775 et
750 4735 800 4774 res
825 4710 1031 4797 blasphemas
1056 4711 1226 4796 religiosus
1250 4710 1395 4774 horreret
1418 4709 1557 4790 auditus,
1588 4712 1725 4796 exigunt
1747 4709 1788 4774 ab
1814 4735 1863 4792 eo,
1891 4713 1919 4775 si

269 4817 349 4882 haec
373 4841 449 4882 vere
474 4842 533 4881 sua
557 4829 642 4881 esset
666 4817 823 4882 doctrina.
870 4819 998 4900 Negare
1023 4840 1087 4880 non
1111 4818 1225 4903 potuit,
1256 4827 1366 4903 utpote
1394 4839 1478 4902 quae
1502 4818 1535 4880 in
1559 4816 1649 4881 libris
1674 4818 1918 4905 quamplurimis

224 4925 310 4991 raab
341 4927 411 5011 ipso
442 4925 538 4988 editis
569 4925 637 4988 fere
668 4923 789 5011 ubique
821 4923 954 5010 vulgata
985 4925 1035 4986 sit.
1089 4923 1313 5008 interrogant,
1350 4921 1404 4986 ubi
1441 4922 1521 4986 haee
1556 4923 1682 5010 legerit.
1736 4925 1829 4989 Tunc
1864 4924 1918 4989 ille

373 5127 441 5176 1111.
470 5128 703 5192 sspraestringere
724 5125 759 5177 M.

374 5215 406 5264 V.
435 5216 633 5280 dtripartitum
652 5214 732 5262 hicet
751 5215 823 5278 infra
842 5214 878 5264 M.
945 5217 976 5264 15
998 5213 1176 5263 Nicodemum
1195 5213 1233 5263 M.
1296 5214 1329 5262 16
1349 5207 1461 5278 liguum]
1479 5214 1588 5276 signum
1608 5213 1638 5264 P.
1702 5218 1733 5264 la
1752 5217 1919 5266 catechumi-

268 5319 365 5354 norum
385 5305 422 5355 Μ.
495 5307 529 5354 20
549 5297 685 5366 effectum]
704 5305 831 5353 affectum
853 5304 888 5353 ll.

375 5393 423 5442 VI.
453 5395 486 5443 22
505 5388 620 5455 iudicat]
640 5392 744 5442 indicat
763 5392 800 5442 M.
879 5395 913 5442 30
932 5387 1034 5456 gregis]
1055 5392 1126 5455 regis
1147 5390 1177 5440 P.
1257 5393 1290 5441 39
1311 5391 1377 5441 haec
1396 5391 1463 5440 deest
1482 5390 1518 5440 M.
1598 5387 1813 5456 quamplurimis]
1835 5409 1918 5458 quae·

222 5492 250 5531 te
268 5480 390 5546 plurimis
410 5481 440 5532 P.

380 5661 408 5731 l)
433 5661 482 5733 Cf.
506 5683 596 5738 supra
617 5683 648 5737 p.
666 5665 724 5720 769
747 5663 765 5717 l.
784 5665 824 5720 30
835 5683 895 5737 sqq.
970 5660 1001 5729 2)
1025 5659 1071 5715 De
1086 5659 1231 5716 Amalarr'i
1244 5660 1374 5716 (lontrina
1390 5661 1430 5731 cs.
1449 5660 1666 5730 Mdnrlremeier,
1690 5663 1920 5740 l.l.p.-19sqq.

271 5773 309 5828 81
326 5791 386 5845 sqq.
495 5769 525 5838 3)
551 5769 616 5825 Scit
640 5769 825 5845 Apobardus;
848 5769 900 5825 sed
920 5766 983 5824 vide
1006 5766 1127 5836 Simeon,
1151 5768 1169 5823 l.
1195 5768 1211 5822 l.
1237 5766 1277 5834 ll,
1298 5770 1359 5826 183
1381 5788 1451 5823 arrrr.
1469 5773 1498 5826 8.
1606 5769 1637 5837 4)
1662 5769 1730 5824 b'cil.
1756 5769 1922 5827 illudowico

269 5875 443 5951 imperatori.

1654 5991 1706 6045 98*
