4884 6717
527 530 591 594 680
997 534 1048 593 50.
1085 535 1304 594 CONCILIUM
1326 533 1553 591 PARISIENSE
1577 534 1614 590 Α.
1636 533 1709 590 829.

525 722 583 787 tali
607 722 792 787 conditione
816 736 849 786 ct
871 733 983 787 tenore
1007 724 1149 787 crevisse
1174 733 1272 809 atque
1296 721 1467 787 dilatatum
1491 742 1562 785 esse
1587 731 1620 785 et
1649 743 1670 784 a
1699 720 1960 807 prudentissimis
1993 720 2180 807 sanctisque

524 828 833 916 praedecessoribus
856 830 985 911 nostris,
1010 830 1079 893 sive
1104 828 1230 894 scilicet
1253 828 1295 894 ab
1320 829 1482 915 episcopis
1506 828 1575 892 sive
1599 850 1620 892 a
1642 826 1855 914 principibus,
1880 826 1963 892 hanc
1988 849 2121 892 cansam
2137 850 2182 892 ex

524 945 591 1000 toto
616 947 795 1000 correctam
818 958 885 1000 non
911 935 1022 1017 fuisse,
1053 947 1187 1021 propter
1218 935 1311 1018 haec,
1343 957 1406 1021 que
1438 957 1496 999 suo
1526 945 1672 1021 tempore
1703 923 1769 998 dici
1798 945 1961 1020 poterunt,
1990 947 2023 998 et
2052 932 2180 1021 pondus

525 1052 613 1107 tante
639 1041 908 1107 considerationis
932 1042 1104 1128 parvitatis
1127 1053 1256 1106 nostrae
1281 1043 1368 1106 vires
1392 1042 1544 1122 excessit,
1568 1042 1723 1127 quoniam
1746 1063 1807 1105 nec
1832 1042 1931 1105 otium
1955 1063 2016 1106 nec
2040 1041 2182 1128 spatium

525 1151 680 1236 temporis
704 1170 765 1212 nec
789 1147 1026 1234 plenitudinem
1051 1148 1321 1213 consacerdotum
1344 1160 1537 1230 nostrorum,
1562 1148 1646 1212 sicut
1669 1148 1742 1234 ipsa
1764 1148 1943 1212 necessitas
1971 1145 2214 1234 exposcebats

526 1254 711 1321 habuimus,
757 1255 800 1318 Et
829 1254 903 1319 ideo
934 1254 1016 1319 hacc
1047 1256 1290 1340 congruentiori
1320 1266 1352 1319 et
1382 1254 1500 1340 aptiori
1530 1254 1669 1340 tempori
1698 1255 1767 1318 vita
1797 1255 1925 1335 comite,
1956 1254 1984 1317 si
2011 1255 2105 1319 Deua
2135 1255 2181 1318 ita

526 1363 700 1444 annuerit,
717 1360 888 1426 tractanda
918 1384 956 1425 ac
988 1360 1226 1426 consideranda
1257 1361 1449 1442 distulimus,
1481 1362 1633 1447 quoniam
1665 1371 1774 1426 tantae
1805 1360 2075 1425 considerationis
2105 1383 2178 1448 per·

525 1468 773 1555 fectioindigct
796 1467 939 1532 adsensu
962 1480 995 1532 et
1018 1467 1178 1532 adiutorio
1202 1469 1387 1555 principum
1418 1479 1451 1531 et
1480 1466 1686 1532 multitudine
1706 1477 1816 1554 atque
1847 1465 2021 1531 devotione
2051 1489 2180 1533 necnon

525 1585 558 1639 et
582 1574 688 1640 studio
713 1574 918 1639 sacerdotum
943 1585 975 1637 et
998 1573 1207 1638 oboedientia
1231 1574 1284 1639 vel
1308 1573 1484 1639 concordia
1506 1573 1621 1660 populi
1645 1585 1678 1638 et
1701 1574 1916 1660 congruentia
1931 1573 1995 1638 loci
2011 1575 2180 1662 temporis·

526 1704 589 1768 quc
615 1683 730 1768 spatio.
2200 1703 2226 1743 ιο

634 1805 717 1892 (94).
750 1803 845 1891 Cap.
862 1805 1006 1870 XXVII.
1046 1805 1171 1869 Porrol
1195 1803 1236 1868 dc
1253 1806 1431 1892 episcopali
1446 1804 1605 1888 libertate,
1623 1828 1720 1893 quam
1736 1805 1810 1869 Deo
1827 1816 1989 1870 annuente
2006 1817 2180 1892 vestroque

526 1911 723 1976 adminiculo
748 1912 945 1997 suffragante
970 1911 1109 1998 adipisci
1133 1911 1175 1976 ad
1190 1911 1258 1975 Dei
1281 1913 1449 1976 servitium
1473 1912 1696 1999 peragendum
1720 1913 1878 1999 cupimus,
1903 1934 1961 1976 auo
1984 1912 2019 1975 in
2035 1922 2180 1997 tempore

527 2017 619 2082 vobis
644 2017 783 2082 dicenda
807 2029 904 2105 atquc
928 2016 1099 2083 vobiscum
1123 2017 1323 2084 conferenda
1345 2021 1595 2101 reservavimus,
1620 2029 1780 2105 quatenus
1803 2020 1849 2083 ita
1873 2020 1924 2101 sit,
1940 2028 1977 2083 ut
1992 2029 2025 2083 et
2040 2027 2179 2083 nosmet-

527 2125 613 2210 ipsos
637 2125 764 2189 salvare
788 2123 973 2211 populoque
997 2123 1091 2189 nobis
1115 2123 1262 2190 subiecto
1287 2124 1409 2189 utiliter
1432 2124 1669 2212 salubriterque
1693 2124 1849 2212 prodesse
1874 2135 1970 2212 atque
2001 2147 2061 2211 pro
2084 2123 2179 2189 vobis

527 2241 559 2294 et
589 2230 764 2296 stabilitate
795 2232 923 2318 imperii
954 2233 1054 2295 vestri
1084 2230 1217 2296 liberius
1248 2230 1415 2296 valcamus
1441 2232 1577 2297 Domini
1606 2231 1864 2297 misericordiam
1899 2254 2035 2296 exorare
2071 2242 2103 2296 et
2138 2230 2179 2295 de
2198 2251 2225 2292 n

526 2338 642 2402 vestris
674 2337 839 2425 obsequiis
870 2349 902 2402 et
937 2340 1030 2424 regni
1059 2336 1220 2403 adiutorio
1255 2336 1405 2403 solatium
1441 2337 1585 2403 debitum
1620 2340 1751 2403 minime
1787 2337 2005 2420 subtrahatur,
2040 2337 2115 2420 sed,
2152 2338 2180 2401 si

526 2443 682 2530 possibile
705 2444 811 2527 fucrit,
835 2446 943 2531 potius
967 2450 1156 2530 augeatnr2.

633 2645 733 2695 XXVI.
762 2645 1039 2711 2pr0decessoribns
1060 2645 1086 2695 V.
1106 2644 1137 2695 P.

638 2827 666 2896 l)
691 2823 740 2898 Cf.
764 2826 865 2883 relatio
888 2825 1080 2901 episcoporum
1104 2846 1128 2882 9.
1153 2829 1211 2895 62,·
1238 2828 1256 2882 l.
1281 2828 1299 2882 l.
1325 2824 1365 2896 ΙΙ,
1385 2829 1434 2886 51.
1479 2825 1583 2884 Concu.
1608 2826 1838 2903 Aquiaprcneme
1861 2830 1924 2887 836
1947 2827 2022 2883 decr.
2048 2846 2112 2902 cap.
2133 2825 2186 2882 ΙΙΙ

528 2953 551 2990 c.
577 2936 616 2991 16
640 2924 727 3009 (56)‚·
757 2932 842 3004 infra
867 2953 901 3008 p.
927 2935 1044 3008 72199.
1159 2932 1190 3002 2)
1213 2933 1246 2989 V.
1271 2931 1354 2989 etiam
1376 2952 1450 3008 quae
1472 2953 1562 3009 supra
1587 2933 1632 2989 lib.
1658 2932 1679 2989 Ι
1704 2952 1742 2990 99.
1768 2937 1797 2992 3.
1821 2935 1850 2993 d.
1879 2932 1933 2989 ΙΙΙ
1955 2952 1994 2990 99.
2020 2936 2046 2992 1.
2071 2935 2225 2995 8-1120

528 3031 571 3115 (p.
592 3042 652 3098 610
666 3060 727 3115 sqq.
753 3043 815 3098 668
830 3059 872 3115 aq.
897 3042 959 3099 673
973 3035 1030 3116 99.)
1056 3038 1184 3115 capacite
1206 3048 1280 3096 sunt.

462 3557 464 3560 v
528 3508 595 3583 *8.
637 3506 870 3584 RELATIO
895 3505 1268 3585 EPISCOPORUM
1287 3508 1362 3584 AD
1388 3508 1461 3582 HL
1469 3508 1574 3586 UDO
1583 3508 1763 3587 WICUM
1779 3509 2178 3588 IMPERATOREM.

1263 3671 1340 3734 aaa.
1366 3667 1449 3754 999.

637 3797 876 3912 Repeticimua
899 3827 964 3889 iam
987 3849 1087 3912 999999
1103 3850 1141 3912 p.
1160 3831 1229 3894 662
1251 3827 1355 3906 uerba,
1380 3828 1495 3912 quibua
1518 3828 1546 3892 b.
1570 3853 1609 3891 m.
1635 3827 1668 3890 V.
1689 3827 1817 3892 Kranae
1840 3841 1959 3913 tempus
1982 3828 2180 3913 indolemque

530 3936 708 4002 documenti
734 3935 813 3997 satia
843 3934 967 4018 copiosi
994 3934 1108 4017 optime
1139 3933 1321 3996 illustrauit.
1372 3932 1465 4010 Quod
1493 3958 1561 3998 cum
1593 3934 1692 3998 denuo
1722 3934 1814 3998 edere
1842 3959 1902 3998 nan
1920 3936 2093 4021 pascimus,
2123 3934 2180 3999 bac
2197 3958 2225 4001 aa

530 4045 596 4108 loca
620 4039 817 4106 tractandum
841 4053 885 4102 est
908 4039 946 4103 de
970 4038 1131 4103 codicibus
1155 4038 1405 4125 editionibuaquc
1428 4041 1604 4120 relationis,
1635 4065 1715 4126 9999
1745 4042 1779 4104 in
1809 4039 1971 4106 codicibus
1995 4042 2181 4105 rimeribitur
2208 4018 2223 4051 ⁰

529 4149 734 4234 Rescriptum
752 4143 994 4210 consultationis
1011 4144 1079 4208 sive
1097 4145 1309 4208 exortationis
1327 4146 1553 4232 episcoporum
1570 4145 1612 4210 ad
1628 4144 1781 4210 domnum
1796 4145 2025 4211 Hludowicum
2040 4147 2180 4232 impera-

529 4265 643 4320 torem.
680 4252 831 4318 Saruatur
854 4254 888 4315 in
911 4251 962 4315 tia
984 4251 1164 4315 codicibus:
1186 4253 1219 4335 1)
1247 4251 1391 4316 Guttam
1414 4254 1541 4317 membr.
1558 4252 1582 4315 I
1599 4279 1630 4316 n.
1648 4261 1691 4320 84
1715 4253 1821 4336 (anua
1837 4255 1985 4319 ecclesius
1999 4278 2024 4318 a.
2042 4254 2184 4318 Martim'

530 4362 723 4450 Mopuntim')
748 4383 827 4424 saec.
845 4356 886 4421 X.
904 4356 965 4420 ΧΙ.
983 4357 1051 4444 sol.
1068 4365 1152 4438 395,-
1175 4359 1212 4442 2)
1236 4357 1414 4423 Mutinensi
1433 4361 1581 4424 eccleciae
1605 4360 1797 4424 cathedralia
1820 4359 1888 4425 ord.
1911 4359 1938 4424 I.
1958 4366 1982 4428 2
2004 4384 2086 4424 anno
2103 4368 2179 4426 991.

530 4469 673 4556 confecto
687 4467 755 4554 fol.
773 4473 837 4532 185
845 4489 855 4545 3
885 4469 920 4549 3)
947 4463 1181 4528 l'indabonenai
1200 4471 1265 4531 501
1291 4463 1360 4546 (Ian
1384 4467 1442 4529 cic.
1467 4469 1547 4550 211)
1571 4491 1651 4531 saec.
1669 4465 1729 4529 XI.
1748 4468 1815 4554 fol.
1832 4471 1908 4548 42‘5
1936 4471 1971 4552 4)
1995 4466 2183 4531 Monaceuai
2198 4490 2227 4531 rc

531 4576 630 4639 latino
652 4582 741 4641 3853
768 4571 873 4654 (antea
897 4572 1045 4636 eccleciae
1069 4570 1493 4659 9996969919999999999999)
1517 4596 1597 4637 saec.
1614 4572 1656 4636 X.
1675 4573 1740 4660 fal.
1758 4579 1837 4652 295,
1861 4576 1921 4659 qui
1934 4573 2067 4660 praebet
2085 4596 2180 4659 prae·

523 4682 685 4769 sationem
709 4685 938 4756 91991-45,
969 4702 1049 4763 9999
1079 4691 1200 4741 enatant
1229 4680 1322 4742 etiam
1354 4680 1388 4742 in
1417 4679 1650 4765 eaemplaribua
1679 4679 1800 4744 codicia
1821 4679 2032 4758 Monacensis,
2060 4679 2183 4742 scilieet

530 4791 587 4872 49)
618 4786 725 4852 cadica
755 4786 942 4849 manasterii
962 4783 995 4847 S.
1025 4783 1138 4848 Crucis
1169 4783 1427 4870 (Heilipenlcreuz
1450 4787 1485 4848 in
1507 4784 1655 4870 dustria)
1684 4791 1754 4854 217
1775 4810 1857 4850 saec.
1873 4784 1914 4849 X.
1940 4799 1968 4849 et
1995 4786 2050 4869 46)
2075 4785 2182 4849 cadica

530 4893 713 4958 Parisicnai
734 4893 832 4956 latino
855 4899 948 4957 3878
972 4891 1076 4973 (antea
1093 4890 1270 4971 Fauriano,
1287 4905 1351 4955 tum
1366 4893 1466 4977 rapio)
1490 4915 1571 4956 aaec.
1589 4891 1650 4973 X.,·
1672 4895 1706 4977 5)
1723 4893 1943 4980 fragmentum
1963 4892 2183 4979 praefationis

532 5001 646 5087 lepitur
675 5001 709 5063 ia
741 4998 846 5063 codice
876 4996 1065 5062 Monacenai
1097 4997 1195 5061 latino
1225 5001 1340 5064 29084
1377 4997 1481 5079 (antea
1511 4997 1819 5083 Benedictoburano)
1850 5023 1929 5062 auec.
1954 4996 2015 5060 IX.
2036 4995 2100 5078 X.,·
2134 4997 2179 5084 cf.
2200 5023 2228 5065 u

533 5107 574 5171 [ι’.
600 5105 750 5192 Seeliper,
773 5103 889 5168 ‘Nerua
911 5102 1048 5167 Arelia'
1072 5101 1169 5181 XIX,
1186 5111 1252 5170 671
1263 5127 1331 5188 sqq.
1362 5140 1406 5150 -
1440 5101 1556 5190 Capita
1579 5113 1622 5172 85
1630 5110 1737 5184 -62,
1767 5129 1848 5190 quae
1878 5117 2021 5171 numerat
2043 5103 2183 5184 Krame,

530 5212 726 5278 additionem
742 5210 910 5275 secundam
928 5211 1079 5297 formant
1093 5209 1286 5274 collectionis
1301 5210 1527 5295 capitularium
1544 5210 1715 5275 Benedicti
1727 5211 1875 5292 Leaime3
1897 5210 1978 5275 Md.
1995 5210 2066 5274 LL.
2082 5209 2131 5290 II,
2147 5215 2182 5289 2,

532 5328 597 5387 133
604 5327 728 5386 -139.

641 5449 735 5507 Edd:
761 5447 834 5507 ΜΘ.
860 5449 924 5505 LL.
942 5447 966 5516 I,
984 5451 1055 5507 332.
1092 5446 1199 5525 Mipne,
1224 5447 1335 5506 Patrai.
1359 5448 1408 5504 191.
1433 5446 1559 5519 XCVII,
1578 5451 1647 5508 601.
1684 5446 1759 5507 Mo.
1786 5447 1878 5526 Capit.
1902 5447 1944 5519 11,
1960 5453 2011 5509 26.
2028 5481 2072 5489 -
2092 5449 2184 5527 Ray..-

533 5556 637 5615 ‘Neuee
660 5555 779 5613 drcbio’
804 5554 919 5625 XXIV,
935 5558 1009 5615 488.
2200 5574 2230 5614 ac
