<?xml version="1.0" encoding="UTF-8"?>
<!DOCTYPE html PUBLIC "-//W3C//DTD XHTML 1.0 Transitional//EN"
    "http://www.w3.org/TR/xhtml1/DTD/xhtml1-transitional.dtd">
<html xmlns="http://www.w3.org/1999/xhtml" xml:lang="en" lang="en">
 <head>
  <title>
</title>
<meta http-equiv="Content-Type" content="text/html;charset=utf-8" />
  <meta name='ocr-system' content='tesseract 3.04.00' />
  <meta name='ocr-capabilities' content='ocr_page ocr_carea ocr_par ocr_line ocrx_word'/>
</head>
<body>
  <div class='ocr_page' id='page_1' title='image "./monumentagerman02gescgoog/monumentagerman02gescgoog_0211.png"; bbox 0 0 4884 6717; ppageno 0'>
   <div class='ocr_carea' id='block_1_1' title="bbox 704 526 1888 589">
    <p class='ocr_par' dir='ltr' id='par_1_1' title="bbox 704 526 1888 589">
     <span class='ocr_line' id='line_1_1' title="bbox 704 526 1888 589; baseline 0.002 -2"><span class='ocrx_word' id='word_1_1' title='bbox 704 531 756 587; x_wconf 84' lang='lat'><strong>50.</strong></span> <span class='ocrx_word' id='word_1_2' title='bbox 792 531 1010 589; x_wconf 86' lang='lat' dir='ltr'>CONCILIUM</span> <span class='ocrx_word' id='word_1_3' title='bbox 1034 532 1262 589; x_wconf 79' lang='lat' dir='ltr'>PARISIENSE</span> <span class='ocrx_word' id='word_1_4' title='bbox 1286 533 1322 589; x_wconf 79' lang='lat' dir='ltr'><strong>A.</strong></span> <span class='ocrx_word' id='word_1_5' title='bbox 1344 531 1418 589; x_wconf 83' lang='grc'><strong>829.</strong></span> <span class='ocrx_word' id='word_1_6' title='bbox 1824 526 1888 589; x_wconf 82' lang='grc'><strong>623</strong></span> 
     </span>
    </p>
   </div>
   <div class='ocr_carea' id='block_1_2' title="bbox 192 727 2061 2837">
    <p class='ocr_par' dir='ltr' id='par_1_2' title="bbox 192 727 2061 2837">
     <span class='ocr_line' id='line_1_2' title="bbox 235 727 1888 801; baseline 0.001 -19"><span class='ocrx_word' id='word_1_7' title='bbox 235 728 363 799; x_wconf 83' lang='lat' dir='ltr'><strong>pendere</strong></span> <span class='ocrx_word' id='word_1_8' title='bbox 387 729 588 799; x_wconf 77' lang='lat' dir='ltr'><strong>quantitatem,</strong></span> <span class='ocrx_word' id='word_1_9' title='bbox 619 729 661 783; x_wconf 86' lang='lat' dir='ltr'><strong>ita</strong></span> <span class='ocrx_word' id='word_1_10' title='bbox 683 727 777 783; x_wconf 88' lang='lat' dir='ltr'><strong>cleriei</strong></span> <span class='ocrx_word' id='word_1_11' title='bbox 801 728 878 783; x_wconf 90' lang='lat' dir='ltr'><strong>ultra</strong></span> <span class='ocrx_word' id='word_1_12' title='bbox 900 729 1062 800; x_wconf 86' lang='lat' dir='ltr'><strong>delegatam</strong></span> <span class='ocrx_word' id='word_1_13' title='bbox 1092 730 1145 785; x_wconf 93' lang='lat' dir='ltr'><strong>sibi</strong></span> <span class='ocrx_word' id='word_1_14' title='bbox 1168 748 1302 785; x_wconf 87' lang='lat' dir='ltr'><strong>summam</strong></span> <span class='ocrx_word' id='word_1_15' title='bbox 1325 729 1394 785; x_wconf 91' lang='lat' dir='ltr'><strong>nihil</strong></span> <span class='ocrx_word' id='word_1_16' title='bbox 1416 728 1573 785; x_wconf 75' lang='lat' dir='ltr'><strong>insolenter</strong></span> <span class='ocrx_word' id='word_1_17' title='bbox 1595 730 1726 785; x_wconf 83' lang='lat' dir='ltr'><strong>noverint</strong></span> <span class='ocrx_word' id='word_1_18' title='bbox 1750 737 1888 801; x_wconf 84' lang='lat' dir='ltr'><strong>expeten-</strong></span> 
     </span>
     <span class='ocr_line' id='line_1_3' title="bbox 236 834 1889 910; baseline 0.001 -21"><span class='ocrx_word' id='word_1_19' title='bbox 236 836 311 889; x_wconf 85' lang='lat' dir='ltr'><strong>dum.</strong></span> <span class='ocrx_word' id='word_1_20' title='bbox 351 835 394 890; x_wconf 80' lang='lat' dir='ltr'><strong>Ea</strong></span> <span class='ocrx_word' id='word_1_21' title='bbox 417 853 494 902; x_wconf 85' lang='lat' dir='ltr'><strong>vero,</strong></span> <span class='ocrx_word' id='word_1_22' title='bbox 519 853 593 906; x_wconf 89' lang='lat' dir='ltr'><strong>quae</strong></span> <span class='ocrx_word' id='word_1_23' title='bbox 618 834 819 890; x_wconf 88' lang='lat' dir='ltr'><strong>ecclesiasticis</strong></span> <span class='ocrx_word' id='word_1_24' title='bbox 842 835 980 892; x_wconf 83' lang='lat' dir='ltr'><strong>aedificiis</strong></span> <span class='ocrx_word' id='word_1_25' title='bbox 1003 836 1150 892; x_wconf 85' lang='lat' dir='ltr'><strong>adtributa</strong></span> <span class='ocrx_word' id='word_1_26' title='bbox 1172 845 1250 904; x_wconf 90' lang='lat' dir='ltr'><strong>sunt,</strong></span> <span class='ocrx_word' id='word_1_27' title='bbox 1272 837 1338 892; x_wconf 90' lang='lat' dir='ltr'><strong>huic</strong></span> <span class='ocrx_word' id='word_1_28' title='bbox 1361 837 1440 909; x_wconf 87' lang='lat' dir='ltr'><strong>operi</strong></span> <span class='ocrx_word' id='word_1_29' title='bbox 1463 837 1604 892; x_wconf 85' lang='lat' dir='ltr'><strong>veraciter</strong></span> <span class='ocrx_word' id='word_1_30' title='bbox 1622 842 1795 910; x_wconf 81' lang='lat' dir='ltr'><strong>praerogata</strong></span> <span class='ocrx_word' id='word_1_31' title='bbox 1812 835 1889 891; x_wconf 92' lang='lat' dir='ltr'><strong>loco·</strong></span> 
     </span>
     <span class='ocr_line' id='line_1_4' title="bbox 235 941 1889 1014; baseline 0.001 -18"><span class='ocrx_word' id='word_1_32' title='bbox 235 960 295 996; x_wconf 88' lang='lat' dir='ltr'><strong>rum</strong></span> <span class='ocrx_word' id='word_1_33' title='bbox 318 942 421 998; x_wconf 87' lang='lat' dir='ltr'><strong>doceat</strong></span> <span class='ocrx_word' id='word_1_34' title='bbox 444 941 614 997; x_wconf 74' lang='lat' dir='ltr'><strong>instauratio</strong></span> <span class='ocrx_word' id='word_1_35' title='bbox 637 941 787 996; x_wconf 89' lang='lat' dir='ltr'><strong>manifesta</strong></span> <span class='ocrx_word' id='word_1_36' title='bbox 810 950 981 1009; x_wconf 87' lang='lat' dir='ltr'><strong>sanctorum,</strong></span> <span class='ocrx_word' id='word_1_37' title='bbox 1005 943 1074 1014; x_wconf 91' lang='lat' dir='ltr'><strong>quia</strong></span> <span class='ocrx_word' id='word_1_38' title='bbox 1095 943 1177 998; x_wconf 89' lang='lat' dir='ltr'><strong>nefas</strong></span> <span class='ocrx_word' id='word_1_39' title='bbox 1201 951 1257 1011; x_wconf 88' lang='lat' dir='ltr'><strong>est,</strong></span> <span class='ocrx_word' id='word_1_40' title='bbox 1280 944 1303 998; x_wconf 90' lang='lat' dir='ltr'><strong>si</strong></span> <span class='ocrx_word' id='word_1_41' title='bbox 1327 945 1412 999; x_wconf 90' lang='lat' dir='ltr'><strong>sacris</strong></span> <span class='ocrx_word' id='word_1_42' title='bbox 1436 943 1555 998; x_wconf 91' lang='lat' dir='ltr'><strong>aedibus</strong></span> <span class='ocrx_word' id='word_1_43' title='bbox 1571 944 1718 999; x_wconf 90' lang='lat' dir='ltr'><strong>destitutis</strong></span> <span class='ocrx_word' id='word_1_44' title='bbox 1735 943 1764 997; x_wconf 92' lang='lat' dir='ltr'><strong>in</strong></span> <span class='ocrx_word' id='word_1_45' title='bbox 1780 943 1889 998; x_wconf 88' lang='lat' dir='ltr'><strong>lucrum</strong></span> 
     </span>
     <span class='ocr_line' id='line_1_5' title="bbox 235 1048 1888 1123; baseline 0.001 -21"><span class='ocrx_word' id='word_1_46' title='bbox 235 1066 314 1103; x_wconf 90' lang='lat' dir='ltr'><strong>suurn</strong></span> <span class='ocrx_word' id='word_1_47' title='bbox 336 1049 451 1121; x_wconf 90' lang='lat' dir='ltr'><strong>praesul</strong></span> <span class='ocrx_word' id='word_1_48' title='bbox 474 1049 611 1121; x_wconf 89' lang='lat' dir='ltr'><strong>inpendia</strong></span> <span class='ocrx_word' id='word_1_49' title='bbox 639 1048 682 1104; x_wconf 92' lang='lat' dir='ltr'><strong>his</strong></span> <span class='ocrx_word' id='word_1_50' title='bbox 710 1049 862 1121; x_wconf 81' lang='lat' dir='ltr'><strong>designata</strong></span> <span class='ocrx_word' id='word_1_51' title='bbox 884 1057 1044 1106; x_wconf 83' lang='lat' dir='ltr'><strong>convertat.</strong></span> <span class='ocrx_word' id='word_1_52' title='bbox 1089 1049 1183 1122; x_wconf 86' lang='lat' dir='ltr'><strong>Ipsam</strong></span> <span class='ocrx_word' id='word_1_53' title='bbox 1213 1050 1390 1106; x_wconf 88' lang='lat' dir='ltr'><strong>nihilominus</strong></span> <span class='ocrx_word' id='word_1_54' title='bbox 1420 1052 1590 1122; x_wconf 79' lang='lat' dir='ltr'><strong>adscriptam</strong></span> <span class='ocrx_word' id='word_1_55' title='bbox 1619 1051 1792 1123; x_wconf 78' lang='lat' dir='ltr'><strong>pauperibus</strong></span> <span class='ocrx_word' id='word_1_56' title='bbox 1823 1067 1888 1122; x_wconf 90' lang='lat' dir='ltr'><strong>por·</strong></span> 
     </span>
     <span class='ocr_line' id='line_1_6' title="bbox 204 1155 1890 1229; baseline 0.002 -20"><span class='ocrx_word' id='word_1_57' title='bbox 204 1155 352 1222; x_wconf 76' lang='lat' dir='ltr'><strong>ationem,</strong></span> <span class='ocrx_word' id='word_1_58' title='bbox 382 1156 508 1227; x_wconf 87' lang='lat' dir='ltr'><strong>quamvis</strong></span> <span class='ocrx_word' id='word_1_59' title='bbox 532 1155 633 1209; x_wconf 89' lang='lat' dir='ltr'><strong>divinis</strong></span> <span class='ocrx_word' id='word_1_60' title='bbox 656 1155 812 1210; x_wconf 89' lang='lat' dir='ltr'><strong>rationibus</strong></span> <span class='ocrx_word' id='word_1_61' title='bbox 835 1174 866 1211; x_wconf 90' lang='lat' dir='ltr'><strong>se</strong></span> <span class='ocrx_word' id='word_1_62' title='bbox 890 1157 1071 1227; x_wconf 81' lang='lat' dir='ltr'><strong>dispensasse</strong></span> <span class='ocrx_word' id='word_1_63' title='bbox 1094 1164 1300 1213; x_wconf 85' lang='lat' dir='ltr'><strong>monstraturus</strong></span> <span class='ocrx_word' id='word_1_64' title='bbox 1324 1175 1387 1213; x_wconf 89' lang='lat' dir='ltr'><strong>esse</strong></span> <span class='ocrx_word' id='word_1_65' title='bbox 1413 1158 1554 1224; x_wconf 86' lang='lat' dir='ltr'><strong>videatur,</strong></span> <span class='ocrx_word' id='word_1_66' title='bbox 1585 1165 1681 1213; x_wconf 90' lang='lat' dir='ltr'><strong>tamen</strong></span> <span class='ocrx_word' id='word_1_67' title='bbox 1711 1157 1790 1212; x_wconf 84' lang='lat' dir='ltr'><strong>iuxta</strong></span> <span class='ocrx_word' id='word_1_68' title='bbox 1813 1158 1890 1229; x_wconf 88' lang='lat' dir='ltr'><strong>quod</strong></span> 
     </span>
     <span class='ocr_line' id='line_1_7' title="bbox 235 1260 2061 1341; baseline 0.003 -25"><span class='ocrx_word' id='word_1_69' title='bbox 235 1262 368 1333; x_wconf 88' lang='lat' dir='ltr'><strong>seriptum</strong></span> <span class='ocrx_word' id='word_1_70' title='bbox 390 1269 453 1317; x_wconf 85' lang='lat' dir='ltr'><strong>est:</strong></span> <span class='ocrx_word' id='word_1_71' title='bbox 477 1260 514 1318; x_wconf 86' lang='lat' dir='ltr'><strong>Ut</strong></span> <span class='ocrx_word' id='word_1_72' title='bbox 534 1260 650 1319; x_wconf 71' lang='lat' dir='ltr'><strong>uideam</strong></span> <span class='ocrx_word' id='word_1_73' title='bbox 671 1281 760 1337; x_wconf 82' lang='lat' dir='ltr'><strong>opera</strong></span> <span class='ocrx_word' id='word_1_74' title='bbox 782 1271 877 1319; x_wconf 77' lang='lat' dir='ltr'><strong>vestm</strong></span> <span class='ocrx_word' id='word_1_75' title='bbox 900 1261 974 1319; x_wconf 80' lang='lat' dir='ltr'><strong>bonu</strong></span> <span class='ocrx_word' id='word_1_76' title='bbox 998 1271 1024 1320; x_wconf 84' lang='lat' dir='ltr'><strong>et</strong></span> <span class='ocrx_word' id='word_1_77' title='bbox 1042 1262 1203 1341; x_wconf 74' lang='lat' dir='ltr'><strong>plorifieent</strong></span> <span class='ocrx_word' id='word_1_78' title='bbox 1219 1272 1335 1338; x_wconf 82' lang='lat' dir='ltr'><strong>petrem</strong></span> <span class='ocrx_word' id='word_1_79' title='bbox 1352 1273 1482 1334; x_wconf 82' lang='lat' dir='ltr'><strong>vestrum,</strong></span> <span class='ocrx_word' id='word_1_80' title='bbox 1499 1263 1549 1340; x_wconf 79' lang='lat' dir='ltr'><strong>qai</strong></span> <span class='ocrx_word' id='word_1_81' title='bbox 1563 1263 1592 1321; x_wconf 76' lang='lat' dir='ltr'><strong>in</strong></span> <span class='ocrx_word' id='word_1_82' title='bbox 1609 1264 1693 1321; x_wconf 81' lang='lat' dir='ltr'><strong>caelis</strong></span> <span class='ocrx_word' id='word_1_83' title='bbox 1709 1272 1757 1334; x_wconf 80' lang='lat' dir='ltr'><strong>est,</strong></span> <span class='ocrx_word' id='word_1_84' title='bbox 1774 1272 1889 1335; x_wconf 87' lang='lat' dir='ltr'><strong>oportet</strong></span> <span class='ocrx_word' id='word_1_85' title='bbox 1909 1281 2061 1331; x_wconf 68' lang='lat' dir='ltr'><strong>usitasse.</strong></span> 
     </span>
     <span class='ocr_line' id='line_1_8' title="bbox 236 1362 1888 1444; baseline 0 -19"><span class='ocrx_word' id='word_1_86' title='bbox 236 1369 321 1425; x_wconf 88' lang='lat' dir='ltr'><strong>etiarn</strong></span> <span class='ocrx_word' id='word_1_87' title='bbox 343 1369 472 1440; x_wconf 86' lang='lat' dir='ltr'><strong>presenti</strong></span> <span class='ocrx_word' id='word_1_88' title='bbox 496 1368 699 1425; x_wconf 82' lang='lat' dir='ltr'><strong>testificatione</strong></span> <span class='ocrx_word' id='word_1_89' title='bbox 722 1370 879 1440; x_wconf 82' lang='lat' dir='ltr'><strong>praedicari</strong></span> <span class='ocrx_word' id='word_1_90' title='bbox 904 1378 934 1425; x_wconf 90' lang='lat' dir='ltr'><strong>et</strong></span> <span class='ocrx_word' id='word_1_91' title='bbox 958 1370 1049 1426; x_wconf 92' lang='lat' dir='ltr'><strong>bonae</strong></span> <span class='ocrx_word' id='word_1_92' title='bbox 1073 1371 1164 1425; x_wconf 86' lang='lat' dir='ltr'><strong>famae</strong></span> <span class='ocrx_word' id='word_1_93' title='bbox 1188 1373 1346 1442; x_wconf 86' lang='lat' dir='ltr'><strong>praeconiis</strong></span> <span class='ocrx_word' id='word_1_94' title='bbox 1369 1390 1425 1427; x_wconf 90' lang='lat' dir='ltr'><strong>non</strong></span> <span class='ocrx_word' id='word_1_95' title='bbox 1443 1372 1543 1427; x_wconf 89' lang='lat' dir='ltr'><strong>taceri.</strong></span> <span class='ocrx_word' id='word_1_96' title='bbox 1582 1362 1751 1426; x_wconf 89' lang='lat' dir='ltr'><strong>Pomerius</strong></span> <span class='ocrx_word' id='word_1_97' title='bbox 1768 1373 1888 1444; x_wconf 88' lang='lat' dir='ltr'><strong>autem,</strong></span> 
     </span>
     <span class='ocr_line' id='line_1_9' title="bbox 236 1466 1889 1555; baseline 0.002 -25"><span class='ocrx_word' id='word_1_98' title='bbox 236 1488 308 1531; x_wconf 88' lang='lat' dir='ltr'><strong>cum</strong></span> <span class='ocrx_word' id='word_1_99' title='bbox 333 1466 374 1530; x_wconf 88' lang='lat' dir='ltr'><strong>de</strong></span> <span class='ocrx_word' id='word_1_100' title='bbox 398 1468 519 1531; x_wconf 87' lang='lat' dir='ltr'><strong>sanetis</strong></span> <span class='ocrx_word' id='word_1_101' title='bbox 543 1466 762 1553; x_wconf 80' lang='lat' dir='ltr'><strong>perfectisque</strong></span> <span class='ocrx_word' id='word_1_102' title='bbox 786 1466 993 1553; x_wconf 87' lang='lat' dir='ltr'><strong>pontificibus</strong></span> <span class='ocrx_word' id='word_1_103' title='bbox 1016 1479 1179 1549; x_wconf 69' lang='lat' dir='ltr'><strong>mactaret,</strong></span> <span class='ocrx_word' id='word_1_104' title='bbox 1211 1469 1267 1555; x_wconf 91' lang='lat' dir='ltr'><strong>qui</strong></span> <span class='ocrx_word' id='word_1_105' title='bbox 1290 1468 1460 1533; x_wconf 83' lang='lat' dir='ltr'><strong>facultates</strong></span> <span class='ocrx_word' id='word_1_106' title='bbox 1485 1467 1644 1534; x_wconf 90' lang='lat' dir='ltr'><strong>ecclesiae</strong></span> <span class='ocrx_word' id='word_1_107' title='bbox 1668 1490 1733 1532; x_wconf 89' lang='lat' dir='ltr'><strong>non</strong></span> <span class='ocrx_word' id='word_1_108' title='bbox 1756 1479 1792 1534; x_wconf 91' lang='lat' dir='ltr'><strong>ut</strong></span> <span class='ocrx_word' id='word_1_109' title='bbox 1815 1490 1889 1555; x_wconf 90' lang='lat' dir='ltr'><strong>pro·</strong></span> 
     </span>
     <span class='ocr_line' id='line_1_10' title="bbox 236 1572 1890 1660; baseline 0.001 -23"><span class='ocrx_word' id='word_1_110' title='bbox 236 1575 334 1660; x_wconf 88' lang='lat' dir='ltr'><strong>prias,</strong></span> <span class='ocrx_word' id='word_1_111' title='bbox 358 1573 417 1637; x_wconf 90' lang='lat' dir='ltr'><strong>sed</strong></span> <span class='ocrx_word' id='word_1_112' title='bbox 439 1585 476 1639; x_wconf 91' lang='lat' dir='ltr'><strong>ut</strong></span> <span class='ocrx_word' id='word_1_113' title='bbox 498 1572 742 1638; x_wconf 87' lang='lat' dir='ltr'><strong>commendatas</strong></span> <span class='ocrx_word' id='word_1_114' title='bbox 768 1585 1008 1656; x_wconf 72' lang='lat' dir='ltr'><strong>sacraverunt,</strong></span> <span class='ocrx_word' id='word_1_115' title='bbox 1040 1576 1101 1639; x_wconf 92' lang='lat' dir='ltr'><strong>ait:</strong></span> <span class='ocrx_word' id='word_1_116' title='bbox 1138 1580 1198 1639; x_wconf 82' lang='lat' dir='ltr'><strong>Et¹</strong></span> <span class='ocrx_word' id='word_1_117' title='bbox 1233 1585 1337 1641; x_wconf 83' lang='lat' dir='ltr'><strong>ideirco</strong></span> <span class='ocrx_word' id='word_1_118' title='bbox 1372 1586 1497 1640; x_wconf 83' lang='lat' dir='ltr'><strong>seientes</strong></span> <span class='ocrx_word' id='word_1_119' title='bbox 1531 1584 1600 1639; x_wconf 88' lang='lat' dir='ltr'><strong>nihil</strong></span> <span class='ocrx_word' id='word_1_120' title='bbox 1635 1585 1710 1639; x_wconf 81' lang='lat' dir='ltr'><strong>eliud</strong></span> <span class='ocrx_word' id='word_1_121' title='bbox 1746 1602 1809 1640; x_wconf 87' lang='lat' dir='ltr'><strong>esse</strong></span> <span class='ocrx_word' id='word_1_122' title='bbox 1844 1601 1890 1639; x_wconf 86' lang='lat' dir='ltr'><strong>res</strong></span> 
     </span>
     <span class='ocr_line' id='line_1_11' title="bbox 192 1689 1891 1764; baseline 0.001 -21"><span class='ocrx_word' id='word_1_123' title='bbox 192 1705 218 1744; x_wconf 87' lang='grc' dir='ltr'><strong>ιο</strong></span> <span class='ocrx_word' id='word_1_124' title='bbox 237 1690 375 1745; x_wconf 86' lang='lat' dir='ltr'><strong>ecelesiae</strong></span> <span class='ocrx_word' id='word_1_125' title='bbox 399 1691 452 1744; x_wconf 89' lang='lat' dir='ltr'><strong>nisi</strong></span> <span class='ocrx_word' id='word_1_126' title='bbox 474 1697 542 1745; x_wconf 90' lang='lat' dir='ltr'><strong>vota</strong></span> <span class='ocrx_word' id='word_1_127' title='bbox 563 1689 701 1757; x_wconf 87' lang='lat' dir='ltr'><strong>fidelium,</strong></span> <span class='ocrx_word' id='word_1_128' title='bbox 728 1690 823 1761; x_wconf 87' lang='lat' dir='ltr'><strong>pretia</strong></span> <span class='ocrx_word' id='word_1_129' title='bbox 845 1698 1028 1761; x_wconf 86' lang='lat' dir='ltr'><strong>peecatorum</strong></span> <span class='ocrx_word' id='word_1_130' title='bbox 1052 1699 1081 1746; x_wconf 90' lang='lat' dir='ltr'><strong>et</strong></span> <span class='ocrx_word' id='word_1_131' title='bbox 1104 1692 1302 1763; x_wconf 84' lang='lat' dir='ltr'><strong>patrimonium</strong></span> <span class='ocrx_word' id='word_1_132' title='bbox 1325 1709 1494 1764; x_wconf 87' lang='lat' dir='ltr'><strong>pauperum,</strong></span> <span class='ocrx_word' id='word_1_133' title='bbox 1524 1709 1581 1747; x_wconf 90' lang='lat' dir='ltr'><strong>non</strong></span> <span class='ocrx_word' id='word_1_134' title='bbox 1605 1709 1653 1746; x_wconf 89' lang='lat' dir='ltr'><strong>eas</strong></span> <span class='ocrx_word' id='word_1_135' title='bbox 1676 1691 1891 1746; x_wconf 84' lang='lat' dir='ltr'><strong>vindicaverunt</strong></span> 
     </span>
     <span class='ocr_line' id='line_1_12' title="bbox 236 1797 1889 1870; baseline 0.001 -20"><span class='ocrx_word' id='word_1_136' title='bbox 236 1797 264 1850; x_wconf 90' lang='lat' dir='ltr'><strong>in</strong></span> <span class='ocrx_word' id='word_1_137' title='bbox 286 1814 353 1851; x_wconf 89' lang='lat' dir='ltr'><strong>usus</strong></span> <span class='ocrx_word' id='word_1_138' title='bbox 376 1814 441 1851; x_wconf 91' lang='lat' dir='ltr'><strong>suos</strong></span> <span class='ocrx_word' id='word_1_139' title='bbox 464 1804 497 1851; x_wconf 92' lang='lat' dir='ltr'><strong>ut</strong></span> <span class='ocrx_word' id='word_1_140' title='bbox 519 1798 658 1868; x_wconf 89' lang='lat' dir='ltr'><strong>proprias,</strong></span> <span class='ocrx_word' id='word_1_141' title='bbox 689 1798 741 1853; x_wconf 90' lang='lat' dir='ltr'><strong>sed</strong></span> <span class='ocrx_word' id='word_1_142' title='bbox 764 1803 796 1851; x_wconf 93' lang='lat' dir='ltr'><strong>ut</strong></span> <span class='ocrx_word' id='word_1_143' title='bbox 821 1798 1030 1854; x_wconf 76' lang='lat' dir='ltr'><strong>commendatas</strong></span> <span class='ocrx_word' id='word_1_144' title='bbox 1060 1799 1234 1870; x_wconf 86' lang='lat' dir='ltr'><strong>pauperibus</strong></span> <span class='ocrx_word' id='word_1_145' title='bbox 1258 1798 1425 1854; x_wconf 88' lang='lat' dir='ltr'><strong>diviserunt.</strong></span> <span class='ocrx_word' id='word_1_146' title='bbox 1472 1799 1534 1854; x_wconf 88' lang='lat' dir='ltr'><strong>Hoc</strong></span> <span class='ocrx_word' id='word_1_147' title='bbox 1559 1805 1603 1852; x_wconf 88' lang='lat' dir='ltr'><strong>est</strong></span> <span class='ocrx_word' id='word_1_148' title='bbox 1625 1798 1800 1870; x_wconf 87' lang='lat' dir='ltr'><strong>possidendo</strong></span> <span class='ocrx_word' id='word_1_149' title='bbox 1823 1814 1889 1852; x_wconf 91' lang='lat' dir='ltr'><strong>con·</strong></span> 
     </span>
     <span class='ocr_line' id='line_1_13' title="bbox 236 1903 1891 1976; baseline 0.001 -19"><span class='ocrx_word' id='word_1_150' title='bbox 236 1911 395 1975; x_wconf 88' lang='lat' dir='ltr'><strong>tempnere,</strong></span> <span class='ocrx_word' id='word_1_151' title='bbox 419 1921 475 1959; x_wconf 88' lang='lat' dir='ltr'><strong>non</strong></span> <span class='ocrx_word' id='word_1_152' title='bbox 498 1904 562 1970; x_wconf 87' lang='lat' dir='ltr'><strong>sibi,</strong></span> <span class='ocrx_word' id='word_1_153' title='bbox 592 1905 643 1959; x_wconf 89' lang='lat' dir='ltr'><strong>sed</strong></span> <span class='ocrx_word' id='word_1_154' title='bbox 667 1903 728 1959; x_wconf 88' lang='lat' dir='ltr'><strong>aliis</strong></span> <span class='ocrx_word' id='word_1_155' title='bbox 751 1905 896 1975; x_wconf 87' lang='lat' dir='ltr'><strong>possidere</strong></span> <span class='ocrx_word' id='word_1_156' title='bbox 927 1923 981 1960; x_wconf 89' lang='lat' dir='ltr'><strong>uec</strong></span> <span class='ocrx_word' id='word_1_157' title='bbox 1008 1905 1133 1960; x_wconf 88' lang='lat' dir='ltr'><strong>habendi</strong></span> <span class='ocrx_word' id='word_1_158' title='bbox 1156 1906 1313 1976; x_wconf 90' lang='lat' dir='ltr'><strong>eupiditate</strong></span> <span class='ocrx_word' id='word_1_159' title='bbox 1339 1905 1477 1960; x_wconf 87' lang='lat' dir='ltr'><strong>ecciesiae</strong></span> <span class='ocrx_word' id='word_1_160' title='bbox 1500 1904 1656 1960; x_wconf 81' lang='lat' dir='ltr'><strong>facultates</strong></span> <span class='ocrx_word' id='word_1_161' title='bbox 1679 1904 1804 1971; x_wconf 85' lang='lat' dir='ltr'><strong>ambire,</strong></span> <span class='ocrx_word' id='word_1_162' title='bbox 1839 1904 1891 1960; x_wconf 90' lang='lat' dir='ltr'><strong>sed</strong></span> 
     </span>
     <span class='ocr_line' id='line_1_14' title="bbox 237 2001 1890 2089; baseline 0 -24"><span class='ocrx_word' id='word_1_163' title='bbox 237 2028 285 2065; x_wconf 85' lang='lat' dir='ltr'><strong>aas</strong></span> <span class='ocrx_word' id='word_1_164' title='bbox 319 2010 429 2081; x_wconf 84' lang='lat' dir='ltr'><strong>pietate</strong></span> <span class='ocrx_word' id='word_1_165' title='bbox 464 2011 650 2066; x_wconf 84' lang='lat' dir='ltr'><strong>subveniendi</strong></span> <span class='ocrx_word' id='word_1_166' title='bbox 689 2011 845 2082; x_wconf 82' lang='lat' dir='ltr'><strong>suscipere.</strong></span> <span class='ocrx_word' id='word_1_167' title='bbox 903 2002 1113 2066; x_wconf 89' lang='lat' dir='ltr'><strong>Hieronimus</strong></span> <span class='ocrx_word' id='word_1_168' title='bbox 1151 2004 1185 2066; x_wconf 92' lang='lat' dir='ltr'><strong>in</strong></span> <span class='ocrx_word' id='word_1_169' title='bbox 1225 2004 1428 2089; x_wconf 85' lang='lat' dir='ltr'><strong>expositione</strong></span> <span class='ocrx_word' id='word_1_170' title='bbox 1464 2002 1654 2089; x_wconf 71' lang='lat' dir='ltr'><strong>&#39;Sophoniae</strong></span> <span class='ocrx_word' id='word_1_171' title='bbox 1694 2001 1890 2089; x_wconf 86' lang='lat' dir='ltr'><strong>prophetae:</strong></span> 
     </span>
     <span class='ocr_line' id='line_1_15' title="bbox 236 2085 2017 2220; baseline 0.002 -51"><span class='ocrx_word' id='word_1_172' title='bbox 236 2113 371 2172; x_wconf 89' lang='lat' dir='ltr'><strong>ludices²</strong></span> <span class='ocrx_word' id='word_1_173' title='bbox 393 2134 506 2189; x_wconf 89' lang='lat' dir='ltr'><strong>quoque</strong></span> <span class='ocrx_word' id='word_1_174' title='bbox 531 2117 593 2172; x_wconf 89' lang='lat' dir='ltr'><strong>eius</strong></span> <span class='ocrx_word' id='word_1_175' title='bbox 617 2117 696 2188; x_wconf 88' lang='lat' dir='ltr'><strong>quasi</strong></span> <span class='ocrx_word' id='word_1_176' title='bbox 719 2117 779 2189; x_wconf 89' lang='lat' dir='ltr'><strong>lupi</strong></span> <span class='ocrx_word' id='word_1_177' title='bbox 802 2085 936 2186; x_wconf 76' lang='lat' dir='ltr'><strong>Arabiae,</strong></span> <span class='ocrx_word' id='word_1_178' title='bbox 962 2118 1127 2175; x_wconf 89' lang='lat' dir='ltr'><strong>occidentes</strong></span> <span class='ocrx_word' id='word_1_179' title='bbox 1151 2126 1182 2174; x_wconf 91' lang='lat' dir='ltr'><strong>et</strong></span> <span class='ocrx_word' id='word_1_180' title='bbox 1204 2138 1336 2190; x_wconf 85' lang='lat' dir='ltr'><strong>vespere,</strong></span> <span class='ocrx_word' id='word_1_181' title='bbox 1365 2138 1421 2175; x_wconf 93' lang='lat' dir='ltr'><strong>non</strong></span> <span class='ocrx_word' id='word_1_182' title='bbox 1445 2121 1617 2191; x_wconf 86' lang='lat' dir='ltr'><strong>aspicientes</strong></span> <span class='ocrx_word' id='word_1_183' title='bbox 1640 2119 1675 2175; x_wconf 89' lang='lat' dir='ltr'><strong>ad</strong></span> <span class='ocrx_word' id='word_1_184' title='bbox 1699 2127 1790 2173; x_wconf 89' lang='lat' dir='ltr'><strong>ortum</strong></span> <span class='ocrx_word' id='word_1_185' title='bbox 1814 2117 1891 2186; x_wconf 90' lang='lat' dir='ltr'><strong>solis,</strong></span> <span class='ocrx_word' id='word_1_186' title='bbox 1909 2114 2017 2220; x_wconf 44' lang='lat' dir='ltr'><strong>gffflzh·</strong></span> 
     </span>
     <span class='ocr_line' id='line_1_16' title="bbox 194 2224 1890 2299; baseline 0.002 -22"><span class='ocrx_word' id='word_1_187' title='bbox 194 2237 219 2277; x_wconf 83' lang='lat' dir='ltr'><strong>rs</strong></span> <span class='ocrx_word' id='word_1_188' title='bbox 237 2224 288 2278; x_wconf 87' lang='lat' dir='ltr'><strong>sed</strong></span> <span class='ocrx_word' id='word_1_189' title='bbox 311 2231 452 2280; x_wconf 89' lang='lat' dir='ltr'><strong>morantes</strong></span> <span class='ocrx_word' id='word_1_190' title='bbox 476 2242 589 2295; x_wconf 86' lang='lat' dir='ltr'><strong>semper</strong></span> <span class='ocrx_word' id='word_1_191' title='bbox 611 2226 640 2279; x_wconf 93' lang='lat' dir='ltr'><strong>in</strong></span> <span class='ocrx_word' id='word_1_192' title='bbox 664 2225 800 2291; x_wconf 88' lang='lat' dir='ltr'><strong>tenebris,</strong></span> <span class='ocrx_word' id='word_1_193' title='bbox 824 2225 1066 2295; x_wconf 85' lang='lat' dir='ltr'><strong>possessiunculas</strong></span> <span class='ocrx_word' id='word_1_194' title='bbox 1099 2226 1237 2282; x_wconf 88' lang='lat' dir='ltr'><strong>ecelesiae</strong></span> <span class='ocrx_word' id='word_1_195' title='bbox 1270 2235 1300 2282; x_wconf 89' lang='lat' dir='ltr'><strong>et</strong></span> <span class='ocrx_word' id='word_1_196' title='bbox 1332 2245 1376 2295; x_wconf 91' lang='lat' dir='ltr'><strong>ea,</strong></span> <span class='ocrx_word' id='word_1_197' title='bbox 1412 2246 1484 2299; x_wconf 90' lang='lat' dir='ltr'><strong>quae</strong></span> <span class='ocrx_word' id='word_1_198' title='bbox 1520 2228 1549 2281; x_wconf 86' lang='lat' dir='ltr'><strong>iu</strong></span> <span class='ocrx_word' id='word_1_199' title='bbox 1583 2226 1639 2282; x_wconf 89' lang='lat' dir='ltr'><strong>Dei</strong></span> <span class='ocrx_word' id='word_1_200' title='bbox 1674 2226 1790 2281; x_wconf 72' lang='lat' dir='ltr'><strong>donans</strong></span> <span class='ocrx_word' id='word_1_201' title='bbox 1824 2243 1890 2281; x_wconf 91' lang='lat' dir='ltr'><strong>con·</strong></span> 
     </span>
     <span class='ocr_line' id='line_1_17' title="bbox 237 2330 1890 2405; baseline 0.002 -21"><span class='ocrx_word' id='word_1_202' title='bbox 237 2330 377 2398; x_wconf 87' lang='lat' dir='ltr'><strong>feruntur,</strong></span> <span class='ocrx_word' id='word_1_203' title='bbox 408 2339 555 2387; x_wconf 85' lang='lat' dir='ltr'><strong>vertentes</strong></span> <span class='ocrx_word' id='word_1_204' title='bbox 585 2333 613 2386; x_wconf 92' lang='lat' dir='ltr'><strong>in</strong></span> <span class='ocrx_word' id='word_1_205' title='bbox 643 2333 751 2386; x_wconf 87' lang='lat' dir='ltr'><strong>lucrum</strong></span> <span class='ocrx_word' id='word_1_206' title='bbox 774 2350 865 2400; x_wconf 88' lang='lat' dir='ltr'><strong>suum,</strong></span> <span class='ocrx_word' id='word_1_207' title='bbox 892 2340 924 2386; x_wconf 90' lang='lat' dir='ltr'><strong>ut</strong></span> <span class='ocrx_word' id='word_1_208' title='bbox 947 2349 1003 2387; x_wconf 89' lang='lat' dir='ltr'><strong>non</strong></span> <span class='ocrx_word' id='word_1_209' title='bbox 1027 2332 1152 2387; x_wconf 89' lang='lat' dir='ltr'><strong>habeant</strong></span> <span class='ocrx_word' id='word_1_210' title='bbox 1175 2351 1318 2404; x_wconf 84' lang='lat' dir='ltr'><strong>pauperes</strong></span> <span class='ocrx_word' id='word_1_211' title='bbox 1342 2335 1418 2405; x_wconf 90' lang='lat' dir='ltr'><strong>quod</strong></span> <span class='ocrx_word' id='word_1_212' title='bbox 1446 2352 1527 2390; x_wconf 89' lang='lat' dir='ltr'><strong>mane</strong></span> <span class='ocrx_word' id='word_1_213' title='bbox 1552 2333 1713 2400; x_wconf 87' lang='lat' dir='ltr'><strong>comedant,</strong></span> <span class='ocrx_word' id='word_1_214' title='bbox 1738 2333 1786 2405; x_wconf 91' lang='lat' dir='ltr'><strong>qui</strong></span> <span class='ocrx_word' id='word_1_215' title='bbox 1810 2332 1890 2404; x_wconf 88' lang='lat' dir='ltr'><strong>quasi</strong></span> 
     </span>
     <span class='ocr_line' id='line_1_18' title="bbox 237 2437 1891 2512; baseline 0.003 -22"><span class='ocrx_word' id='word_1_216' title='bbox 237 2437 265 2490; x_wconf 89' lang='lat' dir='ltr'><strong>in</strong></span> <span class='ocrx_word' id='word_1_217' title='bbox 288 2445 371 2494; x_wconf 89' lang='lat' dir='ltr'><strong>nocte</strong></span> <span class='ocrx_word' id='word_1_218' title='bbox 396 2446 427 2494; x_wconf 92' lang='lat' dir='ltr'><strong>et</strong></span> <span class='ocrx_word' id='word_1_219' title='bbox 449 2438 526 2493; x_wconf 90' lang='lat' dir='ltr'><strong>nullo</strong></span> <span class='ocrx_word' id='word_1_220' title='bbox 549 2439 666 2494; x_wconf 82' lang='lat' dir='ltr'><strong>vidente</strong></span> <span class='ocrx_word' id='word_1_221' title='bbox 690 2438 863 2510; x_wconf 88' lang='lat' dir='ltr'><strong>populantur</strong></span> <span class='ocrx_word' id='word_1_222' title='bbox 886 2446 926 2507; x_wconf 90' lang='lat' dir='ltr'><strong>et,</strong></span> <span class='ocrx_word' id='word_1_223' title='bbox 949 2457 1012 2494; x_wconf 90' lang='lat' dir='ltr'><strong>cum</strong></span> <span class='ocrx_word' id='word_1_224' title='bbox 1035 2439 1164 2510; x_wconf 92' lang='lat' dir='ltr'><strong>luporum</strong></span> <span class='ocrx_word' id='word_1_225' title='bbox 1188 2457 1265 2494; x_wconf 91' lang='lat' dir='ltr'><strong>more</strong></span> <span class='ocrx_word' id='word_1_226' title='bbox 1289 2447 1393 2495; x_wconf 87' lang='lat' dir='ltr'><strong>cuncta</strong></span> <span class='ocrx_word' id='word_1_227' title='bbox 1415 2440 1560 2512; x_wconf 90' lang='lat' dir='ltr'><strong>diripiant,</strong></span> <span class='ocrx_word' id='word_1_228' title='bbox 1590 2458 1627 2495; x_wconf 89' lang='lat' dir='ltr'><strong>ae</strong></span> <span class='ocrx_word' id='word_1_229' title='bbox 1650 2456 1752 2512; x_wconf 80' lang='lat' dir='ltr'><strong>parvos</strong></span> <span class='ocrx_word' id='word_1_230' title='bbox 1776 2440 1891 2511; x_wconf 88' lang='lat' dir='ltr'><strong>quidem</strong></span> 
     </span>
     <span class='ocr_line' id='line_1_19' title="bbox 237 2534 1892 2623; baseline 0.001 -25"><span class='ocrx_word' id='word_1_231' title='bbox 237 2545 313 2599; x_wconf 86' lang='lat' dir='ltr'><strong>eibos</strong></span> <span class='ocrx_word' id='word_1_232' title='bbox 337 2545 531 2616; x_wconf 81' lang='lat' dir='ltr'><strong>indigentibus</strong></span> <span class='ocrx_word' id='word_1_233' title='bbox 554 2546 767 2617; x_wconf 88' lang='lat' dir='ltr'><strong>derelinquunt.</strong></span> <span class='ocrx_word' id='word_1_234' title='bbox 815 2534 907 2600; x_wconf 86' lang='lat' dir='ltr'><strong>Sicut</strong></span> <span class='ocrx_word' id='word_1_235' title='bbox 939 2536 1038 2621; x_wconf 83' lang='lat' dir='ltr'><strong>igitur</strong></span> <span class='ocrx_word' id='word_1_236' title='bbox 1067 2538 1247 2623; x_wconf 90' lang='lat' dir='ltr'><strong>praemissa</strong></span> <span class='ocrx_word' id='word_1_237' title='bbox 1276 2537 1471 2602; x_wconf 89' lang='lat' dir='ltr'><strong>documenta</strong></span> <span class='ocrx_word' id='word_1_238' title='bbox 1494 2536 1678 2620; x_wconf 85' lang='lat' dir='ltr'><strong>declarant,</strong></span> <span class='ocrx_word' id='word_1_239' title='bbox 1716 2558 1781 2600; x_wconf 90' lang='lat' dir='ltr'><strong>non</strong></span> <span class='ocrx_word' id='word_1_240' title='bbox 1817 2547 1892 2601; x_wconf 90' lang='lat' dir='ltr'><strong>sunt</strong></span> 
     </span>
     <span class='ocr_line' id='line_1_20' title="bbox 238 2641 1891 2729; baseline 0.002 -25"><span class='ocrx_word' id='word_1_241' title='bbox 238 2664 289 2704; x_wconf 90' lang='lat' dir='ltr'><strong>res</strong></span> <span class='ocrx_word' id='word_1_242' title='bbox 313 2641 472 2706; x_wconf 88' lang='lat' dir='ltr'><strong>eeclesiae</strong></span> <span class='ocrx_word' id='word_1_243' title='bbox 495 2653 531 2707; x_wconf 91' lang='lat' dir='ltr'><strong>ut</strong></span> <span class='ocrx_word' id='word_1_244' title='bbox 554 2642 714 2729; x_wconf 91' lang='lat' dir='ltr'><strong>propriae,</strong></span> <span class='ocrx_word' id='word_1_245' title='bbox 739 2642 797 2706; x_wconf 90' lang='lat' dir='ltr'><strong>sed</strong></span> <span class='ocrx_word' id='word_1_246' title='bbox 820 2652 856 2707; x_wconf 92' lang='lat' dir='ltr'><strong>ut</strong></span> <span class='ocrx_word' id='word_1_247' title='bbox 879 2642 1061 2707; x_wconf 90' lang='lat' dir='ltr'><strong>dominicae</strong></span> <span class='ocrx_word' id='word_1_248' title='bbox 1085 2652 1118 2707; x_wconf 91' lang='lat' dir='ltr'><strong>et</strong></span> <span class='ocrx_word' id='word_1_249' title='bbox 1136 2664 1156 2706; x_wconf 92' lang='lat' dir='ltr'><strong>a</strong></span> <span class='ocrx_word' id='word_1_250' title='bbox 1174 2643 1247 2707; x_wconf 89' lang='lat' dir='ltr'><strong>Deo</strong></span> <span class='ocrx_word' id='word_1_251' title='bbox 1272 2643 1496 2708; x_wconf 89' lang='lat' dir='ltr'><strong>commendate</strong></span> <span class='ocrx_word' id='word_1_252' title='bbox 1520 2642 1699 2708; x_wconf 84' lang='lat' dir='ltr'><strong>tractanda.</strong></span> <span class='ocrx_word' id='word_1_253' title='bbox 1737 2642 1891 2724; x_wconf 76' lang='lat' dir='ltr'><strong>Quicum-</strong></span> 
     </span>
     <span class='ocr_line' id='line_1_21' title="bbox 192 2749 1890 2837; baseline -0.001 -22"><span class='ocrx_word' id='word_1_254' title='bbox 192 2777 220 2815; x_wconf 62' lang='grc' dir='ltr'><strong>ιο</strong></span> <span class='ocrx_word' id='word_1_255' title='bbox 238 2770 301 2835; x_wconf 88' lang='lat' dir='ltr'><strong>que</strong></span> <span class='ocrx_word' id='word_1_256' title='bbox 336 2771 414 2834; x_wconf 83' lang='lat' dir='ltr'><strong>ergo</strong></span> <span class='ocrx_word' id='word_1_257' title='bbox 449 2771 504 2813; x_wconf 89' lang='lat' dir='ltr'><strong>eas</strong></span> <span class='ocrx_word' id='word_1_258' title='bbox 539 2749 582 2813; x_wconf 92' lang='lat' dir='ltr'><strong>ad</strong></span> <span class='ocrx_word' id='word_1_259' title='bbox 617 2772 692 2814; x_wconf 89' lang='lat' dir='ltr'><strong>suos</strong></span> <span class='ocrx_word' id='word_1_260' title='bbox 726 2751 874 2836; x_wconf 91' lang='lat' dir='ltr'><strong>proprios</strong></span> <span class='ocrx_word' id='word_1_261' title='bbox 904 2772 982 2814; x_wconf 90' lang='lat' dir='ltr'><strong>usus</strong></span> <span class='ocrx_word' id='word_1_262' title='bbox 1005 2760 1216 2836; x_wconf 90' lang='lat' dir='ltr'><strong>terrenosque</strong></span> <span class='ocrx_word' id='word_1_263' title='bbox 1240 2749 1379 2814; x_wconf 88' lang='lat' dir='ltr'><strong>honores</strong></span> <span class='ocrx_word' id='word_1_264' title='bbox 1404 2760 1436 2814; x_wconf 91' lang='lat' dir='ltr'><strong>et</strong></span> <span class='ocrx_word' id='word_1_265' title='bbox 1459 2749 1691 2818; x_wconf 83' lang='lat' dir='ltr'><strong>delectationes</strong></span> <span class='ocrx_word' id='word_1_266' title='bbox 1715 2761 1890 2837; x_wconf 85' lang='lat' dir='ltr'><strong>retorquet,</strong></span> 
     </span>
    </p>
   </div>
   <div class='ocr_carea' id='block_1_3' title="bbox 238 2855 1684 2943">
    <p class='ocr_par' dir='ltr' id='par_1_3' title="bbox 238 2855 1684 2943">
     <span class='ocr_line' id='line_1_22' title="bbox 238 2855 1684 2943; baseline 0.001 -24"><span class='ocrx_word' id='word_1_267' title='bbox 238 2856 350 2942; x_wconf 88' lang='lat' dir='ltr'><strong>quanti</strong></span> <span class='ocrx_word' id='word_1_268' title='bbox 374 2857 416 2920; x_wconf 92' lang='lat' dir='ltr'><strong>sit</strong></span> <span class='ocrx_word' id='word_1_269' title='bbox 439 2855 635 2921; x_wconf 87' lang='lat' dir='ltr'><strong>discriminis</strong></span> <span class='ocrx_word' id='word_1_270' title='bbox 659 2867 865 2943; x_wconf 89' lang='lat' dir='ltr'><strong>quantaeque</strong></span> <span class='ocrx_word' id='word_1_271' title='bbox 888 2857 1166 2941; x_wconf 84' lang='lat' dir='ltr'><strong>transgressionis,</strong></span> <span class='ocrx_word' id='word_1_272' title='bbox 1191 2866 1303 2941; x_wconf 88' lang='lat' dir='ltr'><strong>aperte</strong></span> <span class='ocrx_word' id='word_1_273' title='bbox 1328 2856 1544 2920; x_wconf 88' lang='lat' dir='ltr'><strong>animadverti</strong></span> <span class='ocrx_word' id='word_1_274' title='bbox 1568 2867 1684 2943; x_wconf 91' lang='lat' dir='ltr'><strong>potest.</strong></span> 
     </span>
    </p>
   </div>
   <div class='ocr_carea' id='block_1_4' title="bbox 237 3014 1892 3317">
    <p class='ocr_par' dir='ltr' id='par_1_4' title="bbox 237 3014 1892 3317">
     <span class='ocr_line' id='line_1_23' title="bbox 344 3014 1891 3104; baseline -0.001 -23"><span class='ocrx_word' id='word_1_275' title='bbox 344 3015 446 3103; x_wconf 89' lang='lat' dir='ltr'><strong>Cap.</strong></span> <span class='ocrx_word' id='word_1_276' title='bbox 471 3016 564 3082; x_wconf 84' lang='lat' dir='ltr'><strong>XVI.</strong></span> <span class='ocrx_word' id='word_1_277' title='bbox 606 3016 662 3080; x_wconf 92' lang='lat' dir='ltr'><strong>Ut</strong></span> <span class='ocrx_word' id='word_1_278' title='bbox 692 3017 735 3080; x_wconf 92' lang='lat' dir='ltr'><strong>in</strong></span> <span class='ocrx_word' id='word_1_279' title='bbox 761 3014 903 3080; x_wconf 89' lang='lat' dir='ltr'><strong>rebus</strong></span> <span class='ocrx_word' id='word_1_280' title='bbox 935 3014 1181 3080; x_wconf 89' lang='lat' dir='ltr'><strong>ecclesiae</strong></span> <span class='ocrx_word' id='word_1_281' title='bbox 1206 3017 1660 3104; x_wconf 88' lang='lat' dir='ltr'><strong>circapropinquos</strong></span> <span class='ocrx_word' id='word_1_282' title='bbox 1685 3039 1793 3080; x_wconf 90' lang='lat' dir='ltr'><strong>suos</strong></span> <span class='ocrx_word' id='word_1_283' title='bbox 1818 3039 1891 3080; x_wconf 85' lang='lat' dir='ltr'><strong>ex-</strong></span> 
     </span>
     <span class='ocr_line' id='line_1_24' title="bbox 237 3121 1890 3210; baseline 0.001 -24"><span class='ocrx_word' id='word_1_284' title='bbox 237 3121 1539 3210; x_wconf 88' lang='lat' dir='ltr'><strong>pendendismodumepiscepiteneantdiscretionis.</strong></span> <span class='ocrx_word' id='word_1_285' title='bbox 1587 3122 1890 3203; x_wconf 68' lang='lat' dir='ltr'><strong>Quoniamimulti</strong></span> 
     </span>
     <span class='ocr_line' id='line_1_25' title="bbox 238 3227 1892 3317; baseline 0 -24"><span class='ocrx_word' id='word_1_286' title='bbox 238 3232 464 3317; x_wconf 89' lang='lat' dir='ltr'><strong>episcoporum</strong></span> <span class='ocrx_word' id='word_1_287' title='bbox 489 3252 598 3295; x_wconf 92' lang='lat' dir='ltr'><strong>amore</strong></span> <span class='ocrx_word' id='word_1_288' title='bbox 622 3231 877 3317; x_wconf 90' lang='lat' dir='ltr'><strong>propinquorum</strong></span> <span class='ocrx_word' id='word_1_289' title='bbox 903 3252 1032 3293; x_wconf 90' lang='lat' dir='ltr'><strong>suorum</strong></span> <span class='ocrx_word' id='word_1_290' title='bbox 1054 3228 1094 3293; x_wconf 89' lang='lat' dir='ltr'><strong>de</strong></span> <span class='ocrx_word' id='word_1_291' title='bbox 1114 3227 1211 3292; x_wconf 90' lang='lat' dir='ltr'><strong>rebus</strong></span> <span class='ocrx_word' id='word_1_292' title='bbox 1236 3228 1297 3293; x_wconf 90' lang='lat' dir='ltr'><strong>sibi</strong></span> <span class='ocrx_word' id='word_1_293' title='bbox 1322 3229 1556 3295; x_wconf 89' lang='lat' dir='ltr'><strong>commendatis</strong></span> <span class='ocrx_word' id='word_1_294' title='bbox 1581 3252 1638 3294; x_wconf 91' lang='lat' dir='ltr'><strong>suo</strong></span> <span class='ocrx_word' id='word_1_295' title='bbox 1663 3241 1718 3293; x_wconf 87' lang='lat' dir='ltr'><strong>aut</strong></span> <span class='ocrx_word' id='word_1_296' title='bbox 1743 3252 1892 3316; x_wconf 88' lang='lat' dir='ltr'><strong>quorum-</strong></span> 
     </span>
    </p>
   </div>
   <div class='ocr_carea' id='block_1_5' title="bbox 193 3335 1892 4811">
    <p class='ocr_par' dir='ltr' id='par_1_5' title="bbox 193 3335 1892 3851">
     <span class='ocr_line' id='line_1_26' title="bbox 193 3335 1891 3423; baseline -0.001 -21"><span class='ocrx_word' id='word_1_297' title='bbox 193 3363 219 3402; x_wconf 82' lang='lat' dir='ltr'><strong>ss</strong></span> <span class='ocrx_word' id='word_1_298' title='bbox 238 3335 317 3402; x_wconf 91' lang='lat' dir='ltr'><strong>libet</strong></span> <span class='ocrx_word' id='word_1_299' title='bbox 340 3337 516 3401; x_wconf 88' lang='lat' dir='ltr'><strong>amicorum</strong></span> <span class='ocrx_word' id='word_1_300' title='bbox 542 3338 671 3402; x_wconf 90' lang='lat' dir='ltr'><strong>nomine</strong></span> <span class='ocrx_word' id='word_1_301' title='bbox 695 3335 830 3423; x_wconf 89' lang='lat' dir='ltr'><strong>praedia</strong></span> <span class='ocrx_word' id='word_1_302' title='bbox 861 3347 917 3400; x_wconf 92' lang='lat' dir='ltr'><strong>aut</strong></span> <span class='ocrx_word' id='word_1_303' title='bbox 946 3336 1111 3421; x_wconf 86' lang='lat' dir='ltr'><strong>mancipia</strong></span> <span class='ocrx_word' id='word_1_304' title='bbox 1139 3347 1251 3400; x_wconf 88' lang='lat' dir='ltr'><strong>emunt</strong></span> <span class='ocrx_word' id='word_1_305' title='bbox 1281 3347 1329 3416; x_wconf 89' lang='lat' dir='ltr'><strong>et,</strong></span> <span class='ocrx_word' id='word_1_306' title='bbox 1361 3347 1396 3400; x_wconf 94' lang='lat' dir='ltr'><strong>ut</strong></span> <span class='ocrx_word' id='word_1_307' title='bbox 1423 3337 1457 3399; x_wconf 91' lang='lat' dir='ltr'><strong>in</strong></span> <span class='ocrx_word' id='word_1_308' title='bbox 1481 3358 1612 3400; x_wconf 89' lang='lat' dir='ltr'><strong>suorum</strong></span> <span class='ocrx_word' id='word_1_309' title='bbox 1635 3337 1891 3423; x_wconf 89' lang='lat' dir='ltr'><strong>propinquorum</strong></span> 
     </span>
     <span class='ocr_line' id='line_1_27' title="bbox 239 3441 1892 3524; baseline 0 -18"><span class='ocrx_word' id='word_1_310' title='bbox 239 3443 288 3507; x_wconf 89' lang='lat' dir='ltr'><strong>ius</strong></span> <span class='ocrx_word' id='word_1_311' title='bbox 313 3443 440 3524; x_wconf 89' lang='lat' dir='ltr'><strong>cedant,</strong></span> <span class='ocrx_word' id='word_1_312' title='bbox 471 3454 615 3508; x_wconf 89' lang='lat' dir='ltr'><strong>statuunt</strong></span> <span class='ocrx_word' id='word_1_313' title='bbox 639 3454 671 3507; x_wconf 90' lang='lat' dir='ltr'><strong>et</strong></span> <span class='ocrx_word' id='word_1_314' title='bbox 694 3441 735 3507; x_wconf 95' lang='lat' dir='ltr'><strong>ob</strong></span> <span class='ocrx_word' id='word_1_315' title='bbox 759 3443 820 3507; x_wconf 88' lang='lat' dir='ltr'><strong>hoc</strong></span> <span class='ocrx_word' id='word_1_316' title='bbox 845 3453 878 3506; x_wconf 90' lang='lat' dir='ltr'><strong>et</strong></span> <span class='ocrx_word' id='word_1_317' title='bbox 900 3444 971 3506; x_wconf 90' lang='lat' dir='ltr'><strong>iura</strong></span> <span class='ocrx_word' id='word_1_318' title='bbox 995 3442 1219 3506; x_wconf 86' lang='lat' dir='ltr'><strong>ecelesiastica</strong></span> <span class='ocrx_word' id='word_1_319' title='bbox 1242 3441 1467 3507; x_wconf 89' lang='lat' dir='ltr'><strong>convelluntur</strong></span> <span class='ocrx_word' id='word_1_320' title='bbox 1491 3454 1523 3506; x_wconf 92' lang='lat' dir='ltr'><strong>et</strong></span> <span class='ocrx_word' id='word_1_321' title='bbox 1545 3443 1760 3507; x_wconf 87' lang='lat' dir='ltr'><strong>ministerium</strong></span> <span class='ocrx_word' id='word_1_322' title='bbox 1772 3458 1892 3506; x_wconf 85' lang='lat' dir='ltr'><strong>&#39;sacer-</strong></span> 
     </span>
     <span class='ocr_line' id='line_1_28' title="bbox 238 3548 1891 3637; baseline -0.001 -22"><span class='ocrx_word' id='word_1_323' title='bbox 238 3550 345 3615; x_wconf 89' lang='lat' dir='ltr'><strong>dotale</strong></span> <span class='ocrx_word' id='word_1_324' title='bbox 369 3550 522 3630; x_wconf 86' lang='lat' dir='ltr'><strong>fuscatur,</strong></span> <span class='ocrx_word' id='word_1_325' title='bbox 547 3552 645 3614; x_wconf 88' lang='lat' dir='ltr'><strong>irnrno</strong></span> <span class='ocrx_word' id='word_1_326' title='bbox 669 3573 689 3613; x_wconf 93' lang='lat' dir='ltr'><strong>a</strong></span> <span class='ocrx_word' id='word_1_327' title='bbox 713 3548 850 3613; x_wconf 87' lang='lat' dir='ltr'><strong>subditis</strong></span> <span class='ocrx_word' id='word_1_328' title='bbox 875 3548 1055 3613; x_wconf 89' lang='lat' dir='ltr'><strong>detrahitur</strong></span> <span class='ocrx_word' id='word_1_329' title='bbox 1077 3560 1110 3613; x_wconf 91' lang='lat' dir='ltr'><strong>et</strong></span> <span class='ocrx_word' id='word_1_330' title='bbox 1133 3550 1382 3636; x_wconf 88' lang='lat' dir='ltr'><strong>contempnitur,</strong></span> <span class='ocrx_word' id='word_1_331' title='bbox 1414 3548 1535 3637; x_wconf 88' lang='lat' dir='ltr'><strong>placuit</strong></span> <span class='ocrx_word' id='word_1_332' title='bbox 1559 3549 1719 3630; x_wconf 88' lang='lat' dir='ltr'><strong>omnibus,</strong></span> <span class='ocrx_word' id='word_1_333' title='bbox 1743 3561 1779 3614; x_wconf 92' lang='lat' dir='ltr'><strong>ut</strong></span> <span class='ocrx_word' id='word_1_334' title='bbox 1802 3549 1891 3614; x_wconf 88' lang='lat' dir='ltr'><strong>dein·</strong></span> 
     </span>
     <span class='ocr_line' id='line_1_29' title="bbox 239 3654 1892 3743; baseline -0.001 -22"><span class='ocrx_word' id='word_1_335' title='bbox 239 3679 316 3743; x_wconf 90' lang='lat' dir='ltr'><strong>ceps</strong></span> <span class='ocrx_word' id='word_1_336' title='bbox 339 3656 400 3721; x_wconf 91' lang='lat' dir='ltr'><strong>hoc</strong></span> <span class='ocrx_word' id='word_1_337' title='bbox 424 3658 581 3721; x_wconf 89' lang='lat' dir='ltr'><strong>avaritiae</strong></span> <span class='ocrx_word' id='word_1_338' title='bbox 605 3679 708 3742; x_wconf 81' lang='lat' dir='ltr'><strong>genus</strong></span> <span class='ocrx_word' id='word_1_339' title='bbox 733 3668 897 3738; x_wconf 84' lang='lat' dir='ltr'><strong>caveatur,</strong></span> <span class='ocrx_word' id='word_1_340' title='bbox 921 3656 1109 3741; x_wconf 82' lang='lat' dir='ltr'><strong>fixumque⁴</strong></span> <span class='ocrx_word' id='word_1_341' title='bbox 1140 3654 1258 3720; x_wconf 89' lang='lat' dir='ltr'><strong>abhinc</strong></span> <span class='ocrx_word' id='word_1_342' title='bbox 1290 3668 1322 3721; x_wconf 91' lang='lat' dir='ltr'><strong>ct</strong></span> <span class='ocrx_word' id='word_1_343' title='bbox 1351 3667 1508 3743; x_wconf 89' lang='lat' dir='ltr'><strong>perpetuo</strong></span> <span class='ocrx_word' id='word_1_344' title='bbox 1532 3680 1719 3721; x_wconf 87' lang='lat' dir='ltr'><strong>mansurum</strong></span> <span class='ocrx_word' id='word_1_345' title='bbox 1744 3679 1814 3722; x_wconf 91' lang='lat' dir='ltr'><strong>esse</strong></span> <span class='ocrx_word' id='word_1_346' title='bbox 1839 3656 1892 3721; x_wconf 89' lang='lat' dir='ltr'><strong>de-</strong></span> 
     </span>
     <span class='ocr_line' id='line_1_30' title="bbox 239 3763 1891 3851; baseline 0 -24"><span class='ocrx_word' id='word_1_347' title='bbox 239 3764 411 3843; x_wconf 86' lang='lat' dir='ltr'><strong>crevimus,</strong></span> <span class='ocrx_word' id='word_1_348' title='bbox 436 3774 470 3827; x_wconf 91' lang='lat' dir='ltr'><strong>ut</strong></span> <span class='ocrx_word' id='word_1_349' title='bbox 493 3765 666 3850; x_wconf 87' lang='lat' dir='ltr'><strong>episeopus</strong></span> <span class='ocrx_word' id='word_1_350' title='bbox 690 3785 741 3826; x_wconf 87' lang='lat' dir='ltr'><strong>res</strong></span> <span class='ocrx_word' id='word_1_351' title='bbox 765 3764 814 3826; x_wconf 90' lang='lat' dir='ltr'><strong>sui</strong></span> <span class='ocrx_word' id='word_1_352' title='bbox 839 3763 927 3843; x_wconf 89' lang='lat' dir='ltr'><strong>iuris,</strong></span> <span class='ocrx_word' id='word_1_353' title='bbox 953 3785 1033 3849; x_wconf 87' lang='lat' dir='ltr'><strong>quas</strong></span> <span class='ocrx_word' id='word_1_354' title='bbox 1057 3773 1113 3826; x_wconf 90' lang='lat' dir='ltr'><strong>aut</strong></span> <span class='ocrx_word' id='word_1_355' title='bbox 1136 3774 1210 3827; x_wconf 88' lang='lat' dir='ltr'><strong>ante</strong></span> <span class='ocrx_word' id='word_1_356' title='bbox 1235 3764 1458 3850; x_wconf 87' lang='lat' dir='ltr'><strong>episcopatum</strong></span> <span class='ocrx_word' id='word_1_357' title='bbox 1475 3773 1531 3826; x_wconf 90' lang='lat' dir='ltr'><strong>aut</strong></span> <span class='ocrx_word' id='word_1_358' title='bbox 1547 3775 1634 3827; x_wconf 89' lang='lat' dir='ltr'><strong>certe</strong></span> <span class='ocrx_word' id='word_1_359' title='bbox 1651 3764 1684 3827; x_wconf 91' lang='lat' dir='ltr'><strong>in</strong></span> <span class='ocrx_word' id='word_1_360' title='bbox 1701 3765 1891 3851; x_wconf 90' lang='lat' dir='ltr'><strong>episcopatu</strong></span> 
     </span>
    </p>

    <p class='ocr_par' dir='ltr' id='par_1_6' title="bbox 193 3868 1892 4383">
     <span class='ocr_line' id='line_1_31' title="bbox 193 3868 1892 3958; baseline 0.001 -25"><span class='ocrx_word' id='word_1_361' title='bbox 193 3900 221 3939; x_wconf 79' lang='lat' dir='ltr'><strong>so</strong></span> <span class='ocrx_word' id='word_1_362' title='bbox 238 3868 436 3934; x_wconf 87' lang='lat' dir='ltr'><strong>hereditaria</strong></span> <span class='ocrx_word' id='word_1_363' title='bbox 469 3871 674 3935; x_wconf 86' lang='lat' dir='ltr'><strong>successione</strong></span> <span class='ocrx_word' id='word_1_364' title='bbox 708 3870 902 3956; x_wconf 86' lang='lat' dir='ltr'><strong>adquisivit,</strong></span> <span class='ocrx_word' id='word_1_365' title='bbox 938 3869 1116 3935; x_wconf 87' lang='lat' dir='ltr'><strong>seeundum</strong></span> <span class='ocrx_word' id='word_1_366' title='bbox 1151 3871 1376 3934; x_wconf 87' lang='lat' dir='ltr'><strong>auctoritatem</strong></span> <span class='ocrx_word' id='word_1_367' title='bbox 1405 3871 1618 3934; x_wconf 82' lang='lat' dir='ltr'><strong>canonicam⁵</strong></span> <span class='ocrx_word' id='word_1_368' title='bbox 1642 3870 1799 3958; x_wconf 87' lang='lat' dir='ltr'><strong>quicquid</strong></span> <span class='ocrx_word' id='word_1_369' title='bbox 1821 3869 1892 3935; x_wconf 89' lang='lat' dir='ltr'><strong>vult</strong></span> 
     </span>
     <span class='ocr_line' id='line_1_32' title="bbox 239 3975 1891 4064; baseline 0.001 -25"><span class='ocrx_word' id='word_1_370' title='bbox 239 3975 338 4040; x_wconf 84' lang='lat' dir='ltr'><strong>faeiat</strong></span> <span class='ocrx_word' id='word_1_371' title='bbox 362 3987 394 4040; x_wconf 93' lang='lat' dir='ltr'><strong>et</strong></span> <span class='ocrx_word' id='word_1_372' title='bbox 417 3978 470 4041; x_wconf 88' lang='lat' dir='ltr'><strong>eui</strong></span> <span class='ocrx_word' id='word_1_373' title='bbox 493 3976 561 4040; x_wconf 89' lang='lat' dir='ltr'><strong>vult</strong></span> <span class='ocrx_word' id='word_1_374' title='bbox 585 3977 746 4058; x_wconf 82' lang='lat' dir='ltr'><strong>conferat3</strong></span> <span class='ocrx_word' id='word_1_375' title='bbox 782 3986 953 4063; x_wconf 89' lang='lat' dir='ltr'><strong>postquam</strong></span> <span class='ocrx_word' id='word_1_376' title='bbox 984 3987 1092 4040; x_wconf 86' lang='lat' dir='ltr'><strong>autern</strong></span> <span class='ocrx_word' id='word_1_377' title='bbox 1118 3978 1290 4063; x_wconf 87' lang='lat' dir='ltr'><strong>episcopus</strong></span> <span class='ocrx_word' id='word_1_378' title='bbox 1314 3976 1418 4041; x_wconf 90' lang='lat' dir='ltr'><strong>factus</strong></span> <span class='ocrx_word' id='word_1_379' title='bbox 1443 3988 1501 4058; x_wconf 88' lang='lat' dir='ltr'><strong>est,</strong></span> <span class='ocrx_word' id='word_1_380' title='bbox 1528 3999 1749 4064; x_wconf 88' lang='lat' dir='ltr'><strong>quascumque</strong></span> <span class='ocrx_word' id='word_1_381' title='bbox 1774 3999 1826 4041; x_wconf 88' lang='lat' dir='ltr'><strong>res</strong></span> <span class='ocrx_word' id='word_1_382' title='bbox 1850 3977 1891 4041; x_wconf 92' lang='lat' dir='ltr'><strong>de</strong></span> 
     </span>
     <span class='ocr_line' id='line_1_33' title="bbox 239 4081 1891 4171; baseline 0.001 -25"><span class='ocrx_word' id='word_1_383' title='bbox 239 4081 447 4147; x_wconf 87' lang='lat' dir='ltr'><strong>facultatibus</strong></span> <span class='ocrx_word' id='word_1_384' title='bbox 482 4082 641 4148; x_wconf 87' lang='lat' dir='ltr'><strong>ecelesiae</strong></span> <span class='ocrx_word' id='word_1_385' title='bbox 676 4093 732 4147; x_wconf 89' lang='lat' dir='ltr'><strong>aut</strong></span> <span class='ocrx_word' id='word_1_386' title='bbox 766 4105 824 4148; x_wconf 91' lang='lat' dir='ltr'><strong>suo</strong></span> <span class='ocrx_word' id='word_1_387' title='bbox 859 4094 914 4147; x_wconf 91' lang='lat' dir='ltr'><strong>aut</strong></span> <span class='ocrx_word' id='word_1_388' title='bbox 949 4082 1082 4146; x_wconf 88' lang='lat' dir='ltr'><strong>alterius</strong></span> <span class='ocrx_word' id='word_1_389' title='bbox 1109 4083 1240 4147; x_wconf 90' lang='lat' dir='ltr'><strong>nomine</strong></span> <span class='ocrx_word' id='word_1_390' title='bbox 1265 4082 1409 4170; x_wconf 91' lang='lat' dir='ltr'><strong>qualibet</strong></span> <span class='ocrx_word' id='word_1_391' title='bbox 1433 4083 1617 4147; x_wconf 88' lang='lat' dir='ltr'><strong>conditione</strong></span> <span class='ocrx_word' id='word_1_392' title='bbox 1643 4085 1891 4171; x_wconf 88' lang='lat' dir='ltr'><strong>cornparaverit,</strong></span> 
     </span>
     <span class='ocr_line' id='line_1_34' title="bbox 241 4187 1891 4277; baseline 0.001 -25"><span class='ocrx_word' id='word_1_393' title='bbox 241 4187 454 4270; x_wconf 83' lang='lat' dir='ltr'><strong>decrevimus,</strong></span> <span class='ocrx_word' id='word_1_394' title='bbox 486 4202 521 4254; x_wconf 91' lang='lat' dir='ltr'><strong>ut</strong></span> <span class='ocrx_word' id='word_1_395' title='bbox 543 4213 608 4254; x_wconf 89' lang='lat' dir='ltr'><strong>non</strong></span> <span class='ocrx_word' id='word_1_396' title='bbox 632 4191 665 4254; x_wconf 90' lang='lat' dir='ltr'><strong>in</strong></span> <span class='ocrx_word' id='word_1_397' title='bbox 689 4190 943 4277; x_wconf 89' lang='lat' dir='ltr'><strong>propinquorum</strong></span> <span class='ocrx_word' id='word_1_398' title='bbox 966 4212 1108 4271; x_wconf 90' lang='lat' dir='ltr'><strong>suorum,</strong></span> <span class='ocrx_word' id='word_1_399' title='bbox 1144 4189 1201 4253; x_wconf 87' lang='lat' dir='ltr'><strong>sed</strong></span> <span class='ocrx_word' id='word_1_400' title='bbox 1226 4190 1259 4253; x_wconf 89' lang='lat' dir='ltr'><strong>in</strong></span> <span class='ocrx_word' id='word_1_401' title='bbox 1283 4189 1454 4270; x_wconf 88' lang='lat' dir='ltr'><strong>ecclcsiae,</strong></span> <span class='ocrx_word' id='word_1_402' title='bbox 1490 4190 1542 4253; x_wconf 90' lang='lat' dir='ltr'><strong>cui</strong></span> <span class='ocrx_word' id='word_1_403' title='bbox 1567 4203 1705 4276; x_wconf 83' lang='lat' dir='ltr'><strong>praeest,</strong></span> <span class='ocrx_word' id='word_1_404' title='bbox 1741 4191 1813 4254; x_wconf 90' lang='lat' dir='ltr'><strong>iura</strong></span> <span class='ocrx_word' id='word_1_405' title='bbox 1836 4189 1891 4254; x_wconf 93' lang='lat' dir='ltr'><strong>de·</strong></span> 
     </span>
     <span class='ocr_line' id='line_1_35' title="bbox 241 4287 1891 4383; baseline 0.001 -24"><span class='ocrx_word' id='word_1_406' title='bbox 241 4298 382 4360; x_wconf 87' lang='lat' dir='ltr'><strong>veniant.</strong></span> <span class='ocrx_word' id='word_1_407' title='bbox 430 4287 585 4362; x_wconf 84' lang='lat' dir='ltr'><strong>Similiter</strong></span> <span class='ocrx_word' id='word_1_408' title='bbox 620 4309 652 4360; x_wconf 92' lang='lat' dir='ltr'><strong>et</strong></span> <span class='ocrx_word' id='word_1_409' title='bbox 682 4296 722 4361; x_wconf 91' lang='lat' dir='ltr'><strong>de</strong></span> <span class='ocrx_word' id='word_1_410' title='bbox 751 4294 980 4383; x_wconf 72' lang='lat' dir='ltr'><strong>praesbyteris,</strong></span> <span class='ocrx_word' id='word_1_411' title='bbox 1017 4298 1072 4382; x_wconf 93' lang='lat' dir='ltr'><strong>qui</strong></span> <span class='ocrx_word' id='word_1_412' title='bbox 1108 4296 1148 4360; x_wconf 87' lang='lat' dir='ltr'><strong>de</strong></span> <span class='ocrx_word' id='word_1_413' title='bbox 1185 4296 1396 4360; x_wconf 90' lang='lat' dir='ltr'><strong>ecclesiarum</strong></span> <span class='ocrx_word' id='word_1_414' title='bbox 1431 4295 1538 4376; x_wconf 89' lang='lat' dir='ltr'><strong>rebus,</strong></span> <span class='ocrx_word' id='word_1_415' title='bbox 1574 4295 1692 4383; x_wconf 90' lang='lat' dir='ltr'><strong>quibus</strong></span> <span class='ocrx_word' id='word_1_416' title='bbox 1727 4307 1891 4383; x_wconf 89' lang='lat' dir='ltr'><strong>praesunt,</strong></span> 
     </span>
    </p>

    <p class='ocr_par' dir='ltr' id='par_1_7' title="bbox 195 4403 1891 4811">
     <span class='ocr_line' id='line_1_36' title="bbox 195 4403 1891 4490; baseline 0 -22"><span class='ocrx_word' id='word_1_417' title='bbox 195 4432 222 4470; x_wconf 79' lang='lat' dir='ltr'><strong>ss</strong></span> <span class='ocrx_word' id='word_1_418' title='bbox 240 4403 375 4490; x_wconf 90' lang='lat' dir='ltr'><strong>praedia</strong></span> <span class='ocrx_word' id='word_1_419' title='bbox 398 4427 436 4468; x_wconf 89' lang='lat' dir='ltr'><strong>eo</strong></span> <span class='ocrx_word' id='word_1_420' title='bbox 461 4403 556 4468; x_wconf 91' lang='lat' dir='ltr'><strong>modo</strong></span> <span class='ocrx_word' id='word_1_421' title='bbox 580 4415 701 4486; x_wconf 87' lang='lat' dir='ltr'><strong>emunt,</strong></span> <span class='ocrx_word' id='word_1_422' title='bbox 725 4403 910 4467; x_wconf 88' lang='lat' dir='ltr'><strong>faciendum</strong></span> <span class='ocrx_word' id='word_1_423' title='bbox 934 4404 1113 4483; x_wconf 86' lang='lat' dir='ltr'><strong>statuimus,</strong></span> <span class='ocrx_word' id='word_1_424' title='bbox 1138 4404 1290 4490; x_wconf 88' lang='lat' dir='ltr'><strong>quoniam</strong></span> <span class='ocrx_word' id='word_1_425' title='bbox 1315 4403 1432 4467; x_wconf 90' lang='lat' dir='ltr'><strong>multos</strong></span> <span class='ocrx_word' id='word_1_426' title='bbox 1448 4403 1702 4490; x_wconf 89' lang='lat' dir='ltr'><strong>presbiterorum</strong></span> <span class='ocrx_word' id='word_1_427' title='bbox 1719 4405 1891 4468; x_wconf 89' lang='lat' dir='ltr'><strong>occasione</strong></span> 
     </span>
     <span class='ocr_line' id='line_1_37' title="bbox 240 4508 1890 4596; baseline 0 -24"><span class='ocrx_word' id='word_1_428' title='bbox 240 4508 348 4574; x_wconf 90' lang='lat' dir='ltr'><strong>taliter</strong></span> <span class='ocrx_word' id='word_1_429' title='bbox 371 4522 550 4596; x_wconf 86' lang='lat' dir='ltr'><strong>emptarum</strong></span> <span class='ocrx_word' id='word_1_430' title='bbox 574 4533 682 4573; x_wconf 88' lang='lat' dir='ltr'><strong>rerum</strong></span> <span class='ocrx_word' id='word_1_431' title='bbox 707 4508 874 4590; x_wconf 87' lang='lat' dir='ltr'><strong>eeclesias,</strong></span> <span class='ocrx_word' id='word_1_432' title='bbox 900 4508 1017 4596; x_wconf 87' lang='lat' dir='ltr'><strong>quibus</strong></span> <span class='ocrx_word' id='word_1_433' title='bbox 1040 4521 1184 4596; x_wconf 86' lang='lat' dir='ltr'><strong>presunt,</strong></span> <span class='ocrx_word' id='word_1_434' title='bbox 1209 4508 1392 4595; x_wconf 85' lang='lat' dir='ltr'><strong>expoliasse</strong></span> <span class='ocrx_word' id='word_1_435' title='bbox 1414 4523 1445 4573; x_wconf 88' lang='lat' dir='ltr'><strong>et</strong></span> <span class='ocrx_word' id='word_1_436' title='bbox 1465 4533 1484 4573; x_wconf 92' lang='lat' dir='ltr'><strong>a</strong></span> <span class='ocrx_word' id='word_1_437' title='bbox 1503 4532 1561 4573; x_wconf 91' lang='lat' dir='ltr'><strong>suo</strong></span> <span class='ocrx_word' id='word_1_438' title='bbox 1580 4511 1758 4574; x_wconf 86' lang='lat' dir='ltr'><strong>ministerio</strong></span> <span class='ocrx_word' id='word_1_439' title='bbox 1783 4511 1890 4575; x_wconf 87' lang='lat' dir='ltr'><strong>multis</strong></span> 
     </span>
     <span class='ocr_line' id='line_1_38' title="bbox 241 4615 1891 4704; baseline 0.001 -25"><span class='ocrx_word' id='word_1_440' title='bbox 241 4616 344 4680; x_wconf 88' lang='lat' dir='ltr'><strong>modis</strong></span> <span class='ocrx_word' id='word_1_441' title='bbox 369 4615 570 4682; x_wconf 84' lang='lat' dir='ltr'><strong>exorbitasse</strong></span> <span class='ocrx_word' id='word_1_442' title='bbox 595 4628 627 4681; x_wconf 90' lang='lat' dir='ltr'><strong>et</strong></span> <span class='ocrx_word' id='word_1_443' title='bbox 650 4639 684 4680; x_wconf 89' lang='lat' dir='ltr'><strong>so</strong></span> <span class='ocrx_word' id='word_1_444' title='bbox 708 4616 839 4681; x_wconf 87' lang='lat' dir='ltr'><strong>diabolo</strong></span> <span class='ocrx_word' id='word_1_445' title='bbox 863 4617 1066 4704; x_wconf 85' lang='lat' dir='ltr'><strong>mancipasse</strong></span> <span class='ocrx_word' id='word_1_446' title='bbox 1090 4615 1273 4703; x_wconf 87' lang='lat' dir='ltr'><strong>multosque</strong></span> <span class='ocrx_word' id='word_1_447' title='bbox 1295 4615 1453 4682; x_wconf 88' lang='lat' dir='ltr'><strong>laicorum</strong></span> <span class='ocrx_word' id='word_1_448' title='bbox 1480 4639 1522 4680; x_wconf 82' lang='lat' dir='ltr'><strong>ex</strong></span> <span class='ocrx_word' id='word_1_449' title='bbox 1546 4616 1607 4681; x_wconf 88' lang='lat' dir='ltr'><strong>hoo</strong></span> <span class='ocrx_word' id='word_1_450' title='bbox 1631 4617 1717 4682; x_wconf 91' lang='lat' dir='ltr'><strong>facto</strong></span> <span class='ocrx_word' id='word_1_451' title='bbox 1741 4618 1774 4680; x_wconf 91' lang='lat' dir='ltr'><strong>in</strong></span> <span class='ocrx_word' id='word_1_452' title='bbox 1799 4639 1891 4682; x_wconf 88' lang='lat' dir='ltr'><strong>scan-</strong></span> 
     </span>
     <span class='ocr_line' id='line_1_39' title="bbox 241 4721 1352 4811; baseline 0.002 -25"><span class='ocrx_word' id='word_1_453' title='bbox 241 4721 350 4787; x_wconf 86' lang='lat' dir='ltr'><strong>dalum</strong></span> <span class='ocrx_word' id='word_1_454' title='bbox 374 4723 613 4811; x_wconf 86' lang='lat' dir='ltr'><strong>dampnationis</strong></span> <span class='ocrx_word' id='word_1_455' title='bbox 638 4736 670 4787; x_wconf 89' lang='lat' dir='ltr'><strong>ct</strong></span> <span class='ocrx_word' id='word_1_456' title='bbox 693 4723 883 4810; x_wconf 88' lang='lat' dir='ltr'><strong>perditionis</strong></span> <span class='ocrx_word' id='word_1_457' title='bbox 907 4725 1105 4810; x_wconf 86' lang='lat' dir='ltr'><strong>protraxisse</strong></span> <span class='ocrx_word' id='word_1_458' title='bbox 1130 4724 1352 4808; x_wconf 83' lang='lat' dir='ltr'><strong>cognovimus.</strong></span> 
     </span>
    </p>
   </div>
   <div class='ocr_carea' id='block_1_6' title="bbox 195 4990 1891 5317">
    <p class='ocr_par' dir='ltr' id='par_1_8' title="bbox 195 4990 1891 5240">
     <span class='ocr_line' id='line_1_40' title="bbox 346 4990 1891 5063; baseline 0 -17"><span class='ocrx_word' id='word_1_459' title='bbox 346 4995 404 5046; x_wconf 81' lang='lat' dir='ltr'><strong>XV.</strong></span> <span class='ocrx_word' id='word_1_460' title='bbox 435 4998 492 5046; x_wconf 84' lang='lat' dir='ltr'><strong>3si</strong></span> <span class='ocrx_word' id='word_1_461' title='bbox 511 4998 596 5046; x_wconf 86' lang='lat' dir='ltr'><strong>sacris</strong></span> <span class='ocrx_word' id='word_1_462' title='bbox 613 4995 704 5046; x_wconf 73' lang='lat' dir='ltr'><strong>desum</strong></span> <span class='ocrx_word' id='word_1_463' title='bbox 724 4996 749 5046; x_wconf 73' lang='grc' dir='ltr'><strong>Γ.</strong></span> <span class='ocrx_word' id='word_1_464' title='bbox 818 4997 996 5061; x_wconf 83' lang='lat' dir='ltr'><strong>lpraeconis</strong></span> <span class='ocrx_word' id='word_1_465' title='bbox 1017 4996 1043 5045; x_wconf 85' lang='lat' dir='ltr'><strong>V.</strong></span> <span class='ocrx_word' id='word_1_466' title='bbox 1108 4990 1260 5059; x_wconf 84' lang='lat' dir='ltr'><strong>Pomerius]</strong></span> <span class='ocrx_word' id='word_1_467' title='bbox 1281 4996 1411 5062; x_wconf 82' lang='lat' dir='ltr'><strong>Prorsper</strong></span> <span class='ocrx_word' id='word_1_468' title='bbox 1427 4995 1455 5045; x_wconf 86' lang='lat' dir='ltr'><strong>P.</strong></span> <span class='ocrx_word' id='word_1_469' title='bbox 1523 5003 1613 5046; x_wconf 84' lang='lat' dir='ltr'><strong>autern</strong></span> <span class='ocrx_word' id='word_1_470' title='bbox 1631 4996 1697 5046; x_wconf 73' lang='lat' dir='ltr'><strong>‹leest</strong></span> <span class='ocrx_word' id='word_1_471' title='bbox 1714 4997 1740 5046; x_wconf 73' lang='grc' dir='ltr'><strong>Γ,</strong></span> <span class='ocrx_word' id='word_1_472' title='bbox 1796 4999 1891 5063; x_wconf 78' lang='lat' dir='ltr'><strong>Spre-</strong></span> 
     </span>
     <span class='ocr_line' id='line_1_41' title="bbox 195 5079 1889 5152; baseline -0.001 -16"><span class='ocrx_word' id='word_1_473' title='bbox 195 5099 223 5136; x_wconf 70' lang='grc' dir='ltr'><strong>ιο</strong></span> <span class='ocrx_word' id='word_1_474' title='bbox 240 5086 305 5149; x_wconf 90' lang='lat' dir='ltr'><strong>priis</strong></span> <span class='ocrx_word' id='word_1_475' title='bbox 326 5086 353 5134; x_wconf 89' lang='lat' dir='ltr'><strong>V.</strong></span> <span class='ocrx_word' id='word_1_476' title='bbox 429 5088 460 5135; x_wconf 84' lang='lat'><strong>12</strong></span> <span class='ocrx_word' id='word_1_477' title='bbox 480 5087 655 5150; x_wconf 88' lang='lat' dir='ltr'><strong>cupiditatem</strong></span> <span class='ocrx_word' id='word_1_478' title='bbox 676 5085 703 5134; x_wconf 83' lang='lat' dir='ltr'><strong>l&#39;.</strong></span> <span class='ocrx_word' id='word_1_479' title='bbox 723 5085 753 5135; x_wconf 89' lang='lat' dir='ltr'><strong>P.</strong></span> <span class='ocrx_word' id='word_1_480' title='bbox 828 5088 859 5134; x_wconf 79' lang='grc'><strong>14</strong></span> <span class='ocrx_word' id='word_1_481' title='bbox 878 5079 1006 5148; x_wconf 76' lang='lat' dir='ltr'><strong>Arabiae]</strong></span> <span class='ocrx_word' id='word_1_482' title='bbox 1025 5085 1130 5135; x_wconf 82' lang='lat' dir='ltr'><strong>Rabiae</strong></span> <span class='ocrx_word' id='word_1_483' title='bbox 1151 5085 1176 5132; x_wconf 80' lang='lat' dir='ltr'><strong>l&#39;.</strong></span> <span class='ocrx_word' id='word_1_484' title='bbox 1195 5086 1226 5134; x_wconf 86' lang='lat' dir='ltr'><strong>P.</strong></span> <span class='ocrx_word' id='word_1_485' title='bbox 1299 5081 1473 5152; x_wconf 80' lang='lat' dir='ltr'><strong>aspicientes]</strong></span> <span class='ocrx_word' id='word_1_486' title='bbox 1495 5086 1632 5150; x_wconf 82' lang='lat' dir='ltr'><strong>sapientes</strong></span> <span class='ocrx_word' id='word_1_487' title='bbox 1653 5085 1683 5134; x_wconf 86' lang='lat' dir='ltr'><strong>P.</strong></span> <span class='ocrx_word' id='word_1_488' title='bbox 1759 5087 1790 5135; x_wconf 82' lang='lat'><strong>15</strong></span> <span class='ocrx_word' id='word_1_489' title='bbox 1809 5079 1889 5150; x_wconf 86' lang='lat' dir='ltr'><strong>quae]</strong></span> 
     </span>
     <span class='ocr_line' id='line_1_42' title="bbox 241 5168 1211 5240; baseline -0.001 -17"><span class='ocrx_word' id='word_1_490' title='bbox 241 5190 380 5240; x_wconf 88' lang='lat' dir='ltr'><strong>quaequae</strong></span> <span class='ocrx_word' id='word_1_491' title='bbox 400 5175 570 5239; x_wconf 78' lang='lat' dir='ltr'><strong>1⁷,quaeque</strong></span> <span class='ocrx_word' id='word_1_492' title='bbox 590 5173 620 5224; x_wconf 80' lang='grc' dir='ltr'><strong>Ρ.</strong></span> <span class='ocrx_word' id='word_1_493' title='bbox 696 5177 727 5224; x_wconf 87' lang='grc'><strong>16</strong></span> <span class='ocrx_word' id='word_1_494' title='bbox 746 5175 793 5238; x_wconf 90' lang='lat' dir='ltr'><strong>qui</strong></span> <span class='ocrx_word' id='word_1_495' title='bbox 811 5174 877 5223; x_wconf 68' lang='lat' dir='ltr'><strong>deest</strong></span> <span class='ocrx_word' id='word_1_496' title='bbox 897 5174 923 5223; x_wconf 74' lang='grc' dir='ltr'><strong>Γ.</strong></span> <span class='ocrx_word' id='word_1_497' title='bbox 999 5175 1029 5223; x_wconf 80' lang='grc' dir='ltr'>Π</span> <span class='ocrx_word' id='word_1_498' title='bbox 1050 5168 1094 5236; x_wconf 80' lang='lat' dir='ltr'><strong>ne]</strong></span> <span class='ocrx_word' id='word_1_499' title='bbox 1114 5190 1164 5223; x_wconf 88' lang='lat' dir='ltr'><strong>nee</strong></span> <span class='ocrx_word' id='word_1_500' title='bbox 1186 5173 1211 5222; x_wconf 82' lang='lat' dir='ltr'><strong>l&#39;.</strong></span> 
     </span>
    </p>

    <p class='ocr_par' dir='ltr' id='par_1_9' title="bbox 347 5262 699 5317">
     <span class='ocr_line' id='line_1_43' title="bbox 347 5262 699 5317; baseline 0.014 -5"><span class='ocrx_word' id='word_1_501' title='bbox 347 5263 419 5312; x_wconf 82' lang='lat' dir='ltr'>XVI.</span> <span class='ocrx_word' id='word_1_502' title='bbox 450 5265 482 5314; x_wconf 69' lang='lat'><strong>37</strong></span> <span class='ocrx_word' id='word_1_503' title='bbox 502 5262 652 5314; x_wconf 88' lang='lat' dir='ltr'><strong>scaldalum</strong></span> <span class='ocrx_word' id='word_1_504' title='bbox 673 5263 699 5317; x_wconf 86' lang='lat' dir='ltr'><strong>V.</strong></span> 
     </span>
    </p>
   </div>
   <div class='ocr_carea' id='block_1_7' title="bbox 196 5515 1892 5904">
    <p class='ocr_par' dir='ltr' id='par_1_10' title="bbox 351 5515 1892 5591">
     <span class='ocr_line' id='line_1_44' title="bbox 351 5515 1892 5591; baseline 0.002 -21"><span class='ocrx_word' id='word_1_505' title='bbox 351 5517 378 5584; x_wconf 77' lang='lat'><strong>1)</strong></span> <span class='ocrx_word' id='word_1_506' title='bbox 402 5515 531 5573; x_wconf 70' lang='lat' dir='ltr'><strong>Iudaeus</strong></span> <span class='ocrx_word' id='word_1_507' title='bbox 554 5516 709 5585; x_wconf 71' lang='lat' dir='ltr'><strong>Posterius,</strong></span> <span class='ocrx_word' id='word_1_508' title='bbox 734 5516 780 5572; x_wconf 85' lang='lat' dir='ltr'><strong>De</strong></span> <span class='ocrx_word' id='word_1_509' title='bbox 803 5516 860 5573; x_wconf 79' lang='lat' dir='ltr'><strong>site</strong></span> <span class='ocrx_word' id='word_1_510' title='bbox 884 5515 1098 5589; x_wconf 78' lang='lat' dir='ltr'><strong>corttemplotios</strong></span> <span class='ocrx_word' id='word_1_511' title='bbox 1123 5515 1159 5571; x_wconf 89' lang='lat' dir='ltr'><strong>II</strong></span> <span class='ocrx_word' id='word_1_512' title='bbox 1177 5536 1200 5571; x_wconf 88' lang='lat' dir='ltr'><strong>c.</strong></span> <span class='ocrx_word' id='word_1_513' title='bbox 1218 5519 1237 5574; x_wconf 87' lang='lat'><em>9</em></span> <span class='ocrx_word' id='word_1_514' title='bbox 1244 5538 1254 5585; x_wconf 90' lang='lat'><strong>,·</strong></span> <span class='ocrx_word' id='word_1_515' title='bbox 1280 5515 1352 5591; x_wconf 80' lang='lat' dir='ltr'><strong>opp.</strong></span> <span class='ocrx_word' id='word_1_516' title='bbox 1371 5515 1510 5591; x_wconf 80' lang='lat' dir='ltr'><strong>Prosperi</strong></span> <span class='ocrx_word' id='word_1_517' title='bbox 1523 5537 1591 5591; x_wconf 83' lang='lat' dir='ltr'><strong>app.</strong></span> <span class='ocrx_word' id='word_1_518' title='bbox 1610 5519 1659 5575; x_wconf 72' lang='grc'><strong>32.</strong></span> <span class='ocrx_word' id='word_1_519' title='bbox 1734 5515 1764 5584; x_wconf 81' lang='lat'><strong>2)</strong></span> <span class='ocrx_word' id='word_1_520' title='bbox 1788 5516 1892 5573; x_wconf 69' lang='lat' dir='ltr'><strong>istero-</strong></span> 
     </span>
    </p>

    <p class='ocr_par' dir='ltr' id='par_1_11' title="bbox 241 5621 1890 5698">
     <span class='ocr_line' id='line_1_45' title="bbox 241 5621 1890 5698; baseline 0.001 -21"><span class='ocrx_word' id='word_1_521' title='bbox 241 5641 348 5696; x_wconf 75' lang='lat' dir='ltr'><strong>ayerus,</strong></span> <span class='ocrx_word' id='word_1_522' title='bbox 374 5621 525 5680; x_wconf 60' lang='lat' dir='ltr'><strong>&amp;mirrea</strong></span> <span class='ocrx_word' id='word_1_523' title='bbox 550 5622 579 5678; x_wconf 81' lang='lat' dir='ltr'><strong>ia</strong></span> <span class='ocrx_word' id='word_1_524' title='bbox 600 5623 773 5698; x_wconf 75' lang='lat' dir='ltr'><strong>Seplasiam</strong></span> <span class='ocrx_word' id='word_1_525' title='bbox 781 5645 791 5691; x_wconf 88' lang='lat'><strong>,·</strong></span> <span class='ocrx_word' id='word_1_526' title='bbox 816 5623 890 5698; x_wconf 75' lang='lat' dir='ltr'><strong>opp.</strong></span> <span class='ocrx_word' id='word_1_527' title='bbox 915 5622 961 5690; x_wconf 88' lang='lat' dir='ltr'><strong>VI,</strong></span> <span class='ocrx_word' id='word_1_528' title='bbox 981 5625 1049 5680; x_wconf 79' lang='lat'><strong>718.</strong></span> <span class='ocrx_word' id='word_1_529' title='bbox 1120 5623 1150 5692; x_wconf 87' lang='lat'><strong>3)</strong></span> <span class='ocrx_word' id='word_1_530' title='bbox 1177 5621 1226 5693; x_wconf 59' lang='lat' dir='ltr'><strong>tf.</strong></span> <span class='ocrx_word' id='word_1_531' title='bbox 1251 5622 1350 5679; x_wconf 78' lang='lat' dir='ltr'><strong>relatio</strong></span> <span class='ocrx_word' id='word_1_532' title='bbox 1373 5622 1564 5698; x_wconf 80' lang='lat' dir='ltr'><strong>episcoporum</strong></span> <span class='ocrx_word' id='word_1_533' title='bbox 1590 5626 1687 5692; x_wconf 82' lang='lat' dir='ltr'><strong>c.15,·</strong></span> <span class='ocrx_word' id='word_1_534' title='bbox 1711 5623 1890 5692; x_wconf 74' lang='lat' dir='ltr'><strong>1.l.11,34.</strong></span> 
     </span>
    </p>

    <p class='ocr_par' dir='ltr' id='par_1_12' title="bbox 196 5727 1890 5904">
     <span class='ocr_line' id='line_1_46' title="bbox 196 5727 1890 5804; baseline 0.001 -21"><span class='ocrx_word' id='word_1_535' title='bbox 196 5744 222 5783; x_wconf 83' lang='lat' dir='ltr'><strong>so</strong></span> <span class='ocrx_word' id='word_1_536' title='bbox 243 5729 272 5796; x_wconf 77' lang='lat' dir='ltr'><strong>i)</strong></span> <span class='ocrx_word' id='word_1_537' title='bbox 299 5727 347 5800; x_wconf 81' lang='lat' dir='ltr'><strong>Cf.</strong></span> <span class='ocrx_word' id='word_1_538' title='bbox 372 5732 433 5788; x_wconf 69' lang='lat' dir='ltr'><strong>ed</strong></span> <span class='ocrx_word' id='word_1_539' title='bbox 459 5727 547 5788; x_wconf 62' lang='lat'><strong>(212</strong></span> <span class='ocrx_word' id='word_1_540' title='bbox 570 5750 615 5804; x_wconf 80' lang='lat' dir='ltr'><strong>qu.</strong></span> <span class='ocrx_word' id='word_1_541' title='bbox 633 5734 662 5787; x_wconf 81' lang='lat'><strong>5.</strong></span> <span class='ocrx_word' id='word_1_542' title='bbox 733 5731 764 5798; x_wconf 77' lang='grc' dir='ltr'><strong>ὁ)</strong></span> <span class='ocrx_word' id='word_1_543' title='bbox 783 5729 832 5800; x_wconf 79' lang='lat' dir='ltr'><strong>Cf.</strong></span> <span class='ocrx_word' id='word_1_544' title='bbox 851 5728 888 5784; x_wconf 83' lang='lat' dir='ltr'><strong>E.</strong></span> <span class='ocrx_word' id='word_1_545' title='bbox 908 5728 1044 5804; x_wconf 76' lang='lat' dir='ltr'><strong>Loeniap,</strong></span> <span class='ocrx_word' id='word_1_546' title='bbox 1063 5727 1466 5786; x_wconf 78' lang='lat' dir='ltr'><strong>‘Gesclsiclrtedesdeutscbea</strong></span> <span class='ocrx_word' id='word_1_547' title='bbox 1486 5728 1719 5786; x_wconf 76' lang='lat' dir='ltr'><strong>liircaenrecta&#39;</strong></span> <span class='ocrx_word' id='word_1_548' title='bbox 1737 5728 1890 5804; x_wconf 81' lang='lat' dir='ltr'><strong>1,227sq.</strong></span> 
     </span>
     <span class='ocr_line' id='line_1_47' title="bbox 241 5835 373 5904; baseline -0.008 -12"><span class='ocrx_word' id='word_1_549' title='bbox 241 5835 282 5904; x_wconf 87' lang='lat' dir='ltr'><strong>II,</strong></span> <span class='ocrx_word' id='word_1_550' title='bbox 303 5838 373 5895; x_wconf 74' lang='lat'><strong>674.</strong></span> 
     </span>
    </p>
   </div>
   <div class='ocr_carea' id='block_1_8' title="bbox 0 0 2448 6708">
    <p class='ocr_par' dir='ltr' id='par_1_13' title="bbox 0 0 2448 6708">
     <span class='ocr_line' id='line_1_48' title="bbox 0 0 2448 6708; baseline 0 0"><span class='ocrx_word' id='word_1_551' title='bbox 0 0 2448 6708; x_wconf 95' lang='lat' dir='ltr'><strong> </strong></span> 
     </span>
    </p>
   </div>
  </div>
 </body>
</html>
