4884 6717
677 556 730 613 56.
766 556 984 614 CONCILIUM
1007 556 1337 622 AQUISGRANENSE
1361 558 1398 613 Α.
1419 557 1493 614 836.
1849 551 1914 614 705

260 759 384 824 statues,
414 769 546 831 quorum
576 759 646 809 acta
677 744 724 808 ad
751 759 857 809 nostra
888 769 983 831 usque
1013 759 1153 831 tempora
1182 771 1244 810 non
1271 760 1481 832 peruenerunt
1505 745 1547 828 (u.
1571 770 1671 832 supra
1696 771 1732 833 p.
1759 755 1822 814 601
1838 747 1911 832 sp).

263 851 343 929 Quot
371 855 478 938 capita
509 852 642 937 denique
665 851 940 938 Aqusspranensia
972 855 1005 915 in
1036 851 1206 916 decretales
1228 851 1552 918 Pseudoisidorianas
1581 856 1776 932 transierint,
1804 877 1914 918 earum

260 958 361 1022 editor
384 957 421 1021 P.
444 959 622 1023 Hinsciius
645 959 672 1022 0.
698 983 738 1022 rn.
764 959 935 1022 luculenter
959 958 1183 1023 demonstravit
1205 959 1255 1045 (p.
1277 957 1445 1044 CXXVI).

367 1064 501 1129 Decreta
532 1068 603 1151 ipsa
635 1066 779 1151 loquatur
809 1067 842 1129 in
873 1065 979 1129 codice
1011 1064 1262 1152 Guelferbytano
1296 1068 1376 1131 inter
1407 1065 1675 1131 Heimstadicnses
1705 1074 1771 1133 365
1807 1065 1912 1148 (anua

229 1171 305 1236 att.
331 1171 445 1236 Fiacii
466 1171 608 1258 lllyrici)
633 1195 712 1235 suec.
732 1170 773 1234 X.
801 1170 856 1254 (=
876 1171 920 1254 G)
938 1172 1005 1258 foi.
1023 1175 1191 1238 44—62‘.

369 1303 465 1360 Edd..·
489 1302 590 1360 Surius
606 1302 663 1373 III,
679 1306 749 1362 409.
785 1301 1078 1360 Baliares-Nicoiini
1100 1303 1157 1373 III,
1173 1307 1245 1364 821.
1284 1304 1387 1362 Binius
1402 1304 1459 1374 III,
1477 1308 1504 1373 1,
1521 1308 1594 1364 575.
1632 1304 1769 1362 Sirnrond
1782 1304 1822 1374 ΙΙ,
1839 1307 1912 1364 574.

263 1409 331 1469 Coit.
355 1429 415 1486 rep.
440 1429 517 1467 conc.
542 1409 626 1478 XXI,
642 1412 714 1469 295.
763 1407 1202 1479 Labie-CossartVH,1700;
1228 1412 1271 1467 ed.
1299 1408 1386 1469 Coleti
1408 1410 1462 1480 IX,
1479 1413 1550 1470 815.
1586 1411 1723 1467 Harduin
1748 1410 1768 1467 1
1771 1412 1802 1481 V,
1820 1413 1911 1471 1387.

261 1516 427 1573 Hartzleeim
451 1516 557 1586 11,73.
606 1515 707 1606 Mansi
729 1515 814 1605 XIV,
832 1518 901 1575 671.
928 1545 966 1555 -
993 1516 1084 1593 Repe
1108 1516 1212 1574 ‘Neues
1236 1517 1355 1574 Arcisiu'
1379 1516 1493 1587 XXIV,
1510 1520 1580 1577 490.

368 1697 416 1791 Iu
449 1722 580 1785 nomine
615 1731 747 1785 sanctae
778 1721 939 1785 trinitatis.
988 1719 1072 1786 Oum
1103 1723 1368 1786 convenissemus
1400 1723 1555 1809 episcopi,
1591 1744 1728 1809 quorum
1758 1723 1915 1787 nomina¹

218 1855 243 1894 ro
262 1828 374 1894 subter
407 1827 630 1906 adnectentur,
666 1827 815 1914 synodali
850 1829 1040 1892 evocatione
1076 1839 1278 1893 convocante
1313 1851 1371 1893 nos
1406 1827 1639 1914 gloriosissimo
1670 1840 1703 1894 et
1733 1828 1914 1893 orthodoxo

262 1937 456 2022 imperatore
480 1934 707 2015 Hludowicho,
731 1935 944 1999 invictissimo
968 1934 1128 2020 Augusto,
1157 1935 1264 2020 gratia
1286 1935 1465 2021 inspirante
1489 1934 1611 2016 divina,
1635 1935 1835 2022 Aquisgrani
1858 1958 1915 2022 pa-

261 2042 329 2106 latii
353 2042 387 2106 in
410 2043 586 2106 secretario
606 2040 762 2105 basilicae
779 2053 911 2105 sanctae
927 2042 1102 2126 genetricis
1117 2040 1183 2105 Dei
1200 2040 1336 2124 Mariae,
1362 2041 1449 2127 quod
1465 2041 1585 2107 dicitur
1599 2043 1771 2107 Lateranis
1782 2048 1804 2124 ²,
1828 2065 1914 2106 anno

261 2148 495 2213 incarnationis
520 2148 642 2212 domini
672 2148 774 2212 nostri
797 2147 873 2211 Iesu
898 2145 1017 2211 Christi
1041 2146 1338 2229 Doccxxxvl,
1369 2147 1547 2213 indictione
1571 2148 1696 2229 XIIII,
1727 2170 1914 2213 annovera

262 2255 390 2341 imperii
413 2254 575 2342 praedicti
599 2253 749 2318 Caesaris
766 2253 913 2317 XXIIII.
924 2258 946 2335 ³,
970 2253 1063 2317 VIII.
1088 2253 1213 2319 scilicet
1238 2254 1355 2319 Iduum
1378 2256 1499 2319 mensis
1523 2254 1717 2320 Februarii⁴
1740 2267 1772 2320 et
1798 2254 1845 2338 ibi
1872 2255 1914 2319 de

219 2387 243 2426 m
263 2373 348 2425 statu
371 2371 503 2426 sanctae
520 2361 585 2424 Dei
609 2360 789 2424 aecclesiae
813 2371 1018 2425 ammonente
1043 2361 1247 2425 serenissimo
1271 2372 1368 2448 atque
1392 2363 1489 2426 totius
1513 2361 1679 2447 religionis
1704 2362 1914 2426 devotissimo

262 2467 409 2555 praefato
433 2469 628 2554 imperatore
652 2478 793 2531 tractare
818 2469 1037 2553 coepissemus
1062 2469 1132 2554 pari
1157 2489 1327 2548 consensu,
1351 2469 1455 2555 primo
1479 2469 1583 2532 visum
1609 2480 1658 2532 est
1680 2491 1827 2533 normam
1844 2470 1915 2532 uni·

263 2596 377 2639 versae
401 2573 567 2660 religionis
591 2587 689 2661 atque
713 2573 974 2638 aecclesiasticae
999 2573 1192 2660 disciplinae
1216 2576 1249 2638 in
1274 2574 1400 2638 duabus
1424 2576 1601 2639 consistere
1628 2577 1785 2662 personis,
1811 2575 1915 2662 ponti·

263 2681 348 2746 fictili
372 2680 527 2745 videficet
550 2693 647 2767 atque
671 2680 841 2767 imperiali,
866 2685 926 2746 dc5
949 2709 1005 2761 qua
1028 2709 1059 2746 re
1084 2690 1217 2746 Gelasius
1241 2691 1384 2746 Romanae
1409 2692 1486 2746 sedis
1509 2692 1678 2746 venerabilis
1703 2692 1851 2763 episcopus
1878 2691 1915 2745 ad

264 2798 446 2852 Anastasium
476 2798 681 2869 scripserit
711 2798 751 2851 ita
781 2798 996 2869 imperatorem:
1029 2793 1136 2853 Duae6
1166 2806 1241 2864 sunt,
1272 2797 1375 2869 inquit,
1406 2798 1601 2869 imperatrices
1632 2807 1780 2869 augustae,
1811 2798 1915 2869 quibus

218 2920 246 2961 to
264 2904 458 2976 principaliter
487 2905 531 2958 bic
561 2905 681 2959 mundus
711 2904 831 2976 regitur,
862 2906 1013 2959 auctoritas
1044 2906 1155 2960 seilicet
1185 2911 1297 2960 sacrata
1319 2904 1484 2977 pontificum
1516 2914 1545 2961 et
1569 2906 1673 2977 regalis
1696 2913 1835 2975 potestas.
1882 2904 1915 2958 ln

265 3012 365 3084 quibus
389 3017 470 3066 tanto
493 3012 605 3082 gravius
629 3011 740 3083 pondus
764 3019 809 3065 est
832 3012 1021 3079 sacerdotum,
1053 3019 1160 3083 quanto
1191 3012 1276 3067 etiam
1303 3029 1354 3083 pro
1377 3012 1445 3083 ipsis
1468 3012 1583 3083 regibus
1607 3012 1635 3065 in
1660 3012 1753 3066 divino
1776 3011 1915 3066 reddituri

264 3126 330 3173 sunt
360 3118 487 3174 examine
520 3118 668 3172 rationem.
723 3107 819 3172 Unde
851 3108 950 3171 etiam
979 3117 1149 3190 Fulgentius
1184 3119 1212 3173 in
1247 3119 1319 3175 libro
1353 3120 1390 3173 de
1425 3119 1547 3173 veritate
1582 3119 1851 3189 praedestinationis
1887 3126 1917 3173 et

263 3226 372 3296 gratiae
405 3226 446 3279 ita
475 3225 592 3279 scribit:
625 3218 792 3287 Quantum7
821 3224 958 3294 pertinet,
990 3216 1106 3300 inquit,
1137 3227 1172 3280 ad
1202 3225 1285 3279 huius
1315 3226 1450 3297 temporis
1477 3226 1573 3293 vitam,
1605 3226 1633 3279 in
1664 3225 1804 3280 aeeclesia
1833 3243 1916 3279 nemo

264 3331 397 3404 pontifice
421 3332 514 3403 potior
538 3339 568 3387 et
591 3331 620 3386 in
643 3330 756 3386 saeculo
781 3329 940 3385 Christiano
964 3331 1134 3401 imperatore
1158 3349 1240 3387 nemo
1263 3331 1365 3388 celsior
1387 3333 1538 3387 invenitur.

219 3453 246 3493 ss
372 3438 444 3492 Cum
467 3438 537 3493 haee
562 3439 668 3509 quippe
694 3438 734 3492 ita
758 3455 789 3492 se
812 3437 938 3492 habeant
949 3431 971 3504 ὅ,
994 3429 1109 3514 primo,
1135 3429 1357 3493 ovcnerande
1382 3427 1514 3510 Caesar,
1539 3429 1751 3515 omnipotenti
1774 3428 1916 3493 Domino

264 3547 458 3622 vestraeque
497 3534 750 3620 benignissimae
789 3531 1003 3599 excellentiae
1042 3533 1265 3600 exultantibus
1303 3535 1505 3622 praecordiis
1543 3536 1706 3600 inmensas
1745 3535 1914 3600 referimus

265 3643 397 3728 gratias,
422 3643 477 3729 qui
500 3665 559 3706 nos
582 3644 737 3707 instinctu
761 3641 872 3706 diuino
895 3664 955 3728 per
978 3652 1044 3706 tam
1068 3640 1314 3707 devotissimum
1334 3666 1354 3707 a
1377 3665 1411 3706 se
1429 3642 1567 3706 electum
1592 3656 1689 3729 atque
1706 3643 1917 3707 constitutum

265 3750 511 3814 ammonitorem
534 3760 600 3813 tam
623 3748 878 3814 misericorditer
901 3761 1031 3835 tamque
1057 3747 1234 3827 clementer
1257 3771 1442 3813 ammonere
1466 3748 1619 3834 dignatus
1642 3761 1691 3813 est
1718 3750 1810 3814 iuxta
1841 3772 1917 3814 con·

373 3935 405 3984 13
425 3926 657 3995 DCCCXXXVL]
679 3931 907 3982 DCCCXXXIII.
929 3931 960 3980 0.
1036 3933 1068 3982 18
1087 3930 1211 3998 imperali
1232 3931 1263 3983 θ.
1337 3934 1370 3983 22
1389 3931 1639 3997 praedistinutiouis
1660 3932 1691 3982 (t.

221 4117 248 4157 aa
376 4096 405 4166 l)
431 4095 514 4159 Quae
536 4115 592 4152 non
616 4095 672 4151 iam
696 4102 817 4151 exstant.
897 4094 927 4164 2)
952 4091 1000 4166 Os.
1026 4115 1098 4171 quae
1120 4115 1210 4170 stupra
1231 4115 1263 4171 p.
1280 4099 1341 4154 464
1365 4115 1434 4152 ann.
1453 4099 1470 4155 1
1489 4095 1667 4171 prendimus.
1749 4095 1779 4163 3)
1805 4095 1919 4171 Ορεναε

261 4203 384 4279 pretinm
409 4211 449 4260 est
471 4202 522 4259 iroc
544 4204 612 4272 Ioco,
643 4221 813 4278 quamquam
840 4201 875 4258 de
896 4201 998 4274 synodi
1023 4210 1146 4278 ternpore
1175 4202 1232 4259 iam
1257 4203 1368 4260 b'inrson
1398 4195 1430 4277 (t.
1456 4204 1474 4258 t.
1506 4202 1545 4270 II,
1572 4205 1630 4261 148
1660 4223 1730 4259 anri.
1754 4197 1787 4278 2)
1818 4201 1918 4274 sosius

267 4310 329 4386 epit,
353 4318 481 4385 repetere
502 4317 596 4365 notam
621 4307 702 4364 Binii
723 4307 837 4364 editioni
862 4306 950 4382 ipsius
979 4301 1017 4383 (u.
1041 4328 1131 4384 snpra
1155 4310 1172 4365 l.
1199 4305 1230 4386 6)
1261 4309 1433 4366 subiunctam
1463 4303 1577 4385 (lepino
1607 4308 1688 4364 etiam
1716 4308 1796 4383 apud
1819 4306 1919 4364 Ilansi

267 4417 315 4473 XI
321 4417 351 4485 V,
370 4412 459 4490 734).·
485 4413 553 4473 Cion
569 4435 623 4490 quo
639 4409 709 4488 (scil.
726 4434 803 4471 anno
822 4410 1026 4490 stratisue.)
1050 4414 1164 4472 indictio
1179 4415 1264 4472 XIV.
1288 4425 1313 4472 et
1335 4425 1461 4491 tempora
1480 4415 1615 4472 Luderiei
1630 4414 1817 4490 imperatoris,
1842 4432 1916 4490 qriae

267 4523 312 4578 iric
333 4522 483 4598 siprruntnr
507 4515 544 4595 (r.
569 4530 660 4578 autem
678 4541 711 4596 p.
730 4524 790 4580 704
814 4522 832 4577 i.
850 4523 890 4579 18
901 4515 976 4596 sqq.)
1000 4520 1166 4579 coincidunt.
1213 4522 1294 4580 L'ndc
1310 4531 1393 4598 patet
1415 4522 1444 4578 in
1468 4541 1612 4578 reuerterunt
1636 4541 1775 4578 anrmrum
1800 4519 1917 4576 Dorrrini

221 4650 248 4690 aa
267 4630 348 4703 apud
360 4636 426 4684 arta
442 4628 552 4684 concilii
569 4647 765 4703 cupressorum
789 4628 916 4684 uiuidum
941 4636 967 4683 et
989 4647 1114 4685 errorern
1138 4628 1294 4704 irrepsisse,
1318 4627 1365 4684 ubi
1386 4629 1487 4705 lepinrr
1502 4631 1584 4683 Auno
1602 4628 1704 4683 Christi
1728 4629 1916 4699 redemptoris

266 4735 510 4790 DCCCXXXIII.
558 4734 699 4810 Siquidem
723 4734 773 4790 iste
795 4754 889 4790 anneis
912 4753 972 4790 euni
996 4733 1081 4790 XIV.
1105 4734 1256 4792 indictione
1278 4737 1354 4792 nulio
1377 4736 1457 4791 niorto
1481 4736 1613 4810 coaptari
1634 4743 1735 4810 potest.
1782 4733 1919 4790 Dubitari

261 4849 366 4917 posset,
389 4841 461 4897 sitne
484 4860 566 4897 error
584 4841 679 4916 potius
703 4840 731 4897 in
755 4860 870 4897 nuntiem
893 4840 1073 4897 indictionum
1097 4861 1181 4916 quarn
1204 4861 1345 4898 annorum
1367 4839 1473 4900 Christi
1494 4840 1689 4916 redemptoris,
1714 4841 1769 4897 nisi
1790 4861 1826 4898 ee
1848 4839 1919 4897 artis

267 4947 377 5004 coricilii
399 4955 539 5004 coristaret
562 4948 636 5003 inrue
658 4947 793 5020 synodum
817 4946 876 5002 istis
898 4946 1065 5021 temporibus
1083 4947 1269 5022 posteriorem
1293 4967 1360 5017 esse,
1384 4947 1481 5024 quibus
1498 4948 1656 5005 Lndrroirus
1676 4945 1779 5022 absque
1801 4945 1919 5022 imperio

267 5054 316 5112 sub
334 5062 473 5130 potestate
496 5053 611 5110 hostiurn
636 5063 699 5110 erat
721 5061 804 5129 atque
827 5053 856 5110 in
879 5054 1005 5111 ordinem
1025 5055 1156 5111 redactus
1167 5055 1314 5129 priuatam
1331 5054 1415 5111 uitam
1432 5054 1556 5112 ducebat.
1591 5055 1669 5110 iilud
1682 5053 1827 5130 contipisse
1841 5073 1920 5109 arrrso

222 5183 251 5222 so
270 5160 387 5230 Domini
403 5159 657 5218 DCCCXXXIII.
676 5169 759 5235 patet
781 5179 817 5217 ex
840 5160 882 5228 iis,
907 5179 980 5236 quae
1003 5160 1065 5216 diui
1077 5180 1168 5236 supra
1183 5160 1212 5217 in
1229 5161 1301 5217 notis
1317 5161 1427 5218 concilii
1440 5161 1522 5229 illius,
1547 5162 1623 5236 quod
1636 5160 1757 5216 hamtune
1781 5168 1820 5216 est
1842 5160 1923 5234 apud

271 5266 469 5343 Cbmpendium
495 5261 538 5341 (in
562 5267 616 5323 isac
638 5267 757 5324 editione
779 5286 869 5343 supra
887 5287 920 5342 p.
946 5265 1032 5344 695).
1070 5265 1153 5330 Quae
1174 5267 1303 5342 suspicor
1325 5267 1354 5324 in
1378 5287 1521 5325 nanterum
1540 5267 1636 5342 potins
1658 5287 1797 5324 annorum
1816 5264 1923 5323 Christi

268 5373 417 5449 irrepsisse
439 5375 566 5430 mendum
591 5373 645 5430 iac
667 5373 787 5442 ratione,
812 5381 842 5429 ut
863 5374 940 5448 quad
961 5382 1085 5430 notatum
1109 5373 1226 5430 liabetur
1249 5393 1322 5430 anno
1346 5376 1458 5429 Domini
1481 5372 1714 5429 DCCCXXXVI
1736 5372 1858 5447 scriptor
1881 5371 1921 5428 ita

270 5480 426 5536 reddiderit
447 5479 704 5547 Deccxxmn,
734 5478 861 5555 quinarii
883 5479 993 5536 nunierr¹
1015 5481 1123 5536 notuV
1148 5480 1176 5536 in
1202 5481 1256 5537 dno
1278 5481 1319 5538 sic
1342 5480 1470 5537 dissecta
1577 5481 1608 5548 4>
1633 5479 1755 5538 Frons
1779 5471 1852 5542 (scii.
1877 5478 1923 5534 die

270 5586 440 5662 dominico),·
465 5607 488 5643 r.
512 5607 602 5661 suipra
622 5607 654 5661 p.
673 5589 731 5645 704
757 5587 775 5641 i.
792 5590 831 5644 21
844 5605 905 5660 sqq.
984 5579 1014 5662 5)
1032 5587 1083 5642 Ea
1098 5586 1213 5642 conscilio
1238 5586 1397 5643 Parisiensi
1419 5589 1482 5646 829
1505 5585 1549 5641 lib.
1567 5585 1588 5642 I
1606 5604 1629 5642 c.
1647 5588 1666 5642 3
1689 5576 1793 5659 (stupra
1812 5605 1845 5660 p.
1864 5588 1923 5644 610

223 5715 252 5755 ss
270 5694 288 5749 i.
307 5697 346 5751 35
362 5724 405 5732 -
417 5714 450 5768 p.
469 5696 525 5753 611
543 5695 560 5749 i.
579 5698 610 5770 3)
636 5702 736 5749 autem
751 5692 888 5748 relatione
903 5691 1094 5767 episcoporum
1111 5697 1174 5751 929
1190 5714 1214 5750 c.
1233 5697 1252 5752 3
1269 5687 1358 5766 (MG.
1377 5691 1470 5768 Cupit.
1488 5693 1528 5761 II,
1544 5687 1610 5760 29).
1681 5685 1711 5758 (il
1737 5689 1922 5762 Gelasius1.,

273 5799 404 5874 Epistola
427 5801 468 5856 ad
482 5800 663 5856 Arrastasium
687 5800 901 5874 imperatorem·
932 5798 1017 5867 Ttiet,
1044 5798 1190 5874 Epistulae
1209 5800 1332 5856 Rornan.
1353 5799 1462 5874 pontis.
1479 5799 1503 5868 I,
1521 5802 1581 5858 349
1604 5793 1718 5872 (Jaffi-
1728 5798 1766 5854 K.
1792 5819 1820 5855 n.
1838 5795 1922 5874 632).

273 5906 302 5974 i)
329 5905 501 5983 Fnlqentius,
526 5906 572 5962 De
596 5906 712 5963 ueritate
738 5904 1009 5981 praedestinationis
1032 5913 1058 5961 et
1077 5905 1192 5980 pratiae
1215 5904 1251 5961 II
1270 5926 1292 5962 c.
1310 5909 1368 5974 3&
1393 5905 1467 5980 Opp.
1484 5908 1556 5964 477.

326 6021 482 6063 maccusius
495 6022 525 6064 11.
1675 6028 1709 6076 83
