4884 6717
677 520 730 577 44.
766 518 986 576 concludit
1009 517 1239 574 PABISIENSE
1263 520 1299 574 A.
1323 518 1398 576 825.
1800 514 1865 577 503

312 706 435 772 LXVI.
476 706 560 771 Item
583 707 617 770 in
640 706 802 792 tripertita
831 704 967 770 historia
989 705 1072 770 libro
1095 705 1122 770 Ι.
1150 727 1222 792 eap.
1248 705 1344 770 HH.:
1375 712 1426 769 ln¹
1450 716 1493 770 his
1517 717 1605 787 igitur
1626 716 1866 773 sollicitudinibus

205 825 376 880 consumtus
398 824 428 878 in
450 841 546 878 somno
570 823 642 877 vidit
665 823 756 876 erucis
772 822 882 892 signum
898 821 978 878 eaelo
996 821 1148 892 splendido
1172 821 1341 877 collocatum
1364 824 1535 893 mirautIque
1553 825 1687 879 visionem
1711 825 1866 879 astiterunt

205 932 300 1002 angeli
324 931 469 986 dieentesr
502 930 526 985 0
552 927 748 994 Constantine,
779 929 809 983 in
837 929 891 983 hoc
914 928 1007 984 vince.
1054 929 1159 984 Fertur
1182 935 1278 985 autem
1302 937 1333 985 et
1356 930 1447 1001 ipsum
1472 928 1614 985 Christum
1639 932 1804 1003 apparuisse
1828 932 1867 999 ei,

205 1039 315 1110 signum
339 1038 429 1094 cmcis
452 1045 623 1092 monstrasse
647 1055 680 1090 ac
703 1037 895 1108 praecepisse,
927 1043 960 1089 ut
989 1034 1110 1107 figuram
1133 1036 1253 1092 similem
1276 1036 1388 1092 faceret
1412 1044 1442 1092 et
1466 1037 1494 1091 in
1518 1038 1634 1108 proeliis
1657 1038 1790 1093 auxilium
1812 1038 1866 1094 hoe

173 1146 336 1212 shaberet,
367 1161 423 1217 quo
446 1145 581 1200 victoriae
604 1145 666 1199 iura
688 1144 880 1215 conquireret.
915 1143 1058 1198 Eusebius
1080 1144 1180 1215 itaque
1203 1142 1356 1215 Pamphyli
1378 1161 1441 1198 eum
1464 1144 1644 1199 iureiurando
1668 1146 1728 1216 ipso
1745 1146 1865 1216 impera·

207 1260 269 1308 tore
293 1253 409 1307 dicente
434 1251 547 1307 audisse
571 1269 602 1306 se
626 1250 727 1318 refert,
752 1251 821 1322 quia
843 1250 918 1305 circa
940 1250 1087 1304 meridiem
1110 1249 1273 1304 declinante
1299 1251 1353 1304 iam
1377 1250 1437 1305 sole
1462 1251 1552 1306 crucis
1576 1253 1686 1322 signum
1711 1271 1745 1306 ex
1760 1251 1865 1306 lumine

205 1359 313 1414 ssotusn
337 1367 368 1414 et
390 1359 559 1430 scripturam
583 1365 741 1413 consertam
766 1358 793 1413 ei
816 1357 976 1412 dicentem:
1011 1356 1054 1411 ‘In
1084 1356 1137 1411 hoc
1167 1354 1258 1411 vince’
1283 1357 1402 1412 vidisset
1432 1359 1493 1428 ipse
1525 1365 1555 1412 et
1580 1358 1695 1426 milites,
1727 1358 1774 1429 qui
1803 1376 1866 1412 uum

207 1483 242 1522 eo
264 1473 332 1520 tune
357 1474 463 1521 essem.
509 1465 647 1537 Pergenti
677 1481 799 1536 nemque
823 1464 918 1535 aliquo
944 1481 1008 1518 oum
1036 1464 1163 1519 exercitu
1187 1481 1241 1534 per
1263 1464 1319 1518 iter
1341 1463 1405 1531 hoc,
1435 1464 1545 1535 inquid,
1577 1466 1604 1519 ei
1634 1464 1797 1519 miraculum
1822 1472 1866 1520 est

205 1580 362 1638 ostensum,
386 1573 509 1642 dumque
534 1572 674 1644 cogitaret
696 1572 766 1643 quid
790 1578 878 1637 esset,
902 1587 957 1625 nor
979 1571 1145 1642 supervenit
1171 1578 1201 1625 et
1225 1570 1376 1625 dormienti
1394 1569 1524 1625 Christus
1540 1571 1673 1642 apparuit
1689 1553 1760 1626 oum'
1775 1572 1866 1643 signo,

162 1698 190 1738 ro
207 1680 283 1753 quod
305 1680 377 1734 uidit
400 1680 428 1733 iu
453 1668 543 1747 eaelo,
567 1679 717 1749 iussitque,
749 1686 781 1732 ut
803 1678 888 1733 fieret
913 1678 973 1733 eius
997 1677 1069 1749 signi
1092 1675 1237 1749 figuratio,
1261 1694 1335 1748 quae
1359 1677 1434 1732 soret
1457 1677 1590 1732 auxilium
1616 1679 1644 1732 in
1667 1679 1866 1750 congressibus

207 1786 387 1859 proeliorum.

316 1900 456 1964 LXVII.
491 1900 628 1986 Legilul·
650 1901 686 1964 in
709 1898 825 1964 eodem
848 1897 931 1963 libro
956 1921 1028 1984 cap.
1045 1898 1103 1962 V.:
1128 1903 1213 1962 Hoc*l
1237 1909 1311 1962 euim
1331 1909 1440 1979 signum
1464 1908 1597 1963 bellicum
1622 1910 1699 1963 iuter
1721 1909 1778 1964 alia
1800 1929 1865 1982 pre-

208 2020 308 2073 tiosius
338 2025 411 2084 erat,
442 2035 477 2074 eo
507 2019 584 2089 quod
614 2018 813 2089 imperatorem
842 2016 1020 2088 praecedere
1051 2023 1081 2071 et
1109 2015 1220 2069 adorari
1251 2033 1314 2070 eum
1338 2033 1356 2069 a
1378 2015 1514 2070 militibus
1537 2016 1621 2070 moris
1645 2025 1734 2071 esset.
1781 2017 1866 2074 Unde

209 2126 363 2197 praecipue
388 2124 605 2181 Constantinum
634 2141 698 2180 reor
726 2124 930 2179 nobilissimum
960 2123 1049 2178 decus
1079 2121 1189 2193 imperii
1212 2121 1331 2176 Romani
1363 2123 1390 2176 in
1421 2123 1531 2193 signum
1555 2130 1680 2177 mutasse
1705 2124 1806 2192 crucis,
1835 2134 1867 2180 ut

165 2249 191 2289 te
209 2233 356 2303 frequenti
386 2233 492 2287 visione
523 2240 611 2303 atque
642 2249 710 2286 cura
740 2232 946 2286 desuescerent
968 2247 986 2285 a
1007 2229 1101 2300 priore
1132 2247 1209 2284 more
1241 2230 1363 2284 subiecti
1388 2239 1417 2286 et
1446 2249 1510 2285 eum
1541 2211 1630 2285 solum
1660 2231 1868 2286 arbitrarentur

210 2340 313 2405 Deum,
338 2357 422 2409 quern
445 2339 555 2394 coleret
578 2339 732 2409 imperator
754 2338 800 2392 rel
824 2354 880 2408 quo
903 2336 976 2391 duce
993 2346 1081 2406 atque
1099 2335 1265 2391 auxiliatore
1282 2343 1434 2391 uterentur
1449 2337 1585 2391 adversus
1600 2337 1708 2393 hostes.
1748 2336 1868 2410 Semper

210 2446 284 2501 enim
314 2446 366 2500 hoe
397 2447 506 2517 signum
536 2445 751 2516 proponebatur
781 2450 848 2498 ante
879 2445 992 2499 ordines
1023 2443 1180 2510 univorsos,
1211 2445 1288 2514 quod
1319 2445 1437 2497 maxime
1470 2444 1663 2500 laborantibus
1693 2446 1809 2499 aciebus
1839 2446 1868 2498 in

210 2553 324 2624 proeliis
354 2553 455 2608 adesse
486 2551 693 2623 praecipiebat.
739 2549 895 2605 Constituit
926 2549 1024 2621 itaque
1049 2555 1143 2605 certos
1166 2549 1326 2622 signiferos,
1358 2551 1406 2620 qui
1430 2551 1458 2604 in
1482 2568 1517 2605 ee
1544 2549 1719 2617 laborarent,
1750 2569 1867 2622 quorum

209 2679 280 2732 epus
304 2668 376 2728 erat,
407 2666 439 2714 ut
463 2659 571 2714 vicibus
593 2659 716 2714 humeris
741 2676 806 2714 eum
829 2657 969 2712 veherent
994 2663 1024 2711 et
1047 2675 1145 2712 omnes
1169 2657 1245 2712 acles
1268 2657 1310 2711 ita
1332 2656 1497 2712 lustrarent.
1544 2657 1649 2712 Fertur
1674 2658 1759 2723 enim,
1790 2660 1867 2729 quod

164 2783 192 2823 ro
210 2767 362 2838 aliquando
386 2767 500 2838 quidam
523 2766 619 2820 serens
642 2766 694 2820 hoc
717 2765 828 2836 siguum
851 2772 973 2835 repente
997 2763 1125 2819 hostibus
1155 2764 1357 2818 invadentibus
1388 2764 1550 2834 expauisset
1580 2765 1767 2835 dedissetque
1796 2765 1866 2820 illud

209 2873 293 2930 alteri
316 2874 477 2928 vehendum
500 2889 621 2943 eumque
644 2889 675 2927 se
700 2873 736 2926 de
761 2871 869 2943 praello
891 2871 1079 2930 subtraxisset
1103 2879 1134 2925 et
1149 2870 1242 2925 iacula
1257 2870 1441 2937 declinasset,
1464 2871 1559 2925 subito
1575 2888 1727 2941 percussus
1744 2871 1865 2937 interiit3

210 2981 258 3038 ille
281 2999 360 3048 vero,
392 2981 439 3052 qui
471 2997 580 3035 eaerum
611 2979 738 3050 suscepit
760 2978 921 3049 tropheum,
951 2978 1047 3032 multis
1077 2995 1108 3032 se
1139 2977 1328 3032 iaculantibus
1355 2978 1510 3047 permansit
1534 2977 1650 3031 inlesus.
1698 2977 1867 3034 Mirabiliter

211 3090 285 3146 eninr
308 3089 406 3143 divina
427 3095 549 3158 regente
574 3087 677 3141 virtute
701 3085 824 3157 sagittae
848 3084 971 3139 hostium
994 3083 1158 3156 ligabantur
1180 3085 1209 3138 in
1233 3085 1324 3156 signo,
1348 3083 1516 3156 asignifero
1537 3092 1633 3138 autern
1649 3084 1725 3140 iuter
1739 3083 1868 3155 pericula

209 3196 338 3268 protinus
362 3193 524 3250 evolabant.
569 3193 684 3247 Dicitur
713 3198 808 3247 autem
838 3209 933 3263 neque
963 3190 1048 3246 alium
1073 3208 1155 3262 quam
1178 3191 1261 3245 huius
1283 3193 1356 3262 signi
1380 3191 1546 3256 ministrum,
1575 3199 1606 3244 ut
1630 3190 1714 3258 solet,
1739 3191 1766 3245 in
1791 3191 1866 3247 bello

164 3316 191 3356 ab
210 3303 326 3357 vulnere
351 3309 489 3356 mortuum
513 3309 563 3355 aut
586 3299 696 3355 cladem
720 3298 893 3369 captivitatis
915 3315 1094 3369 perpessum.

316 3416 473 3481 LXVIII.
509 3416 592 3480 Item
622 3417 656 3479 in
687 3413 802 3478 eodem
832 3412 916 3479 libro
946 3412 1091 3479 seeundo
1115 3435 1187 3500 cap.
1204 3412 1351 3477 XVIII:
1384 3417 1516 3477 Dicitur³
1545 3431 1653 3488 autern,
1684 3423 1751 3494 quis
1780 3424 1866 3478 etiarn

209 3542 336 3589 mortuus
359 3533 449 3589 erucis
472 3540 553 3589 tactu
575 3532 708 3587 surrexit.
755 3530 800 3585 De
824 3530 876 3585 hoe
900 3530 976 3602 ligno
1000 3529 1104 3602 sybilla
1126 3530 1197 3584 dixit
1220 3529 1297 3601 apud
1320 3548 1461 3601 paganos:
1492 3528 1517 3583 Ο
1542 3536 1588 3584 ter
1611 3530 1727 3584 beatum
1750 3529 1866 3601 lignum,

210 3643 238 3696 in
262 3659 319 3713 quo
342 3642 422 3696 Deus
447 3649 582 3695 extensus
606 3649 660 3694 est.

318 3754 492 3820 LXVIIII.
527 3755 609 3819 Item
633 3756 667 3818 in
692 3753 807 3819 eodem
831 3750 915 3818 libro
938 3775 1011 3839 eap.
1031 3751 1193 3816 XVIIII:
1218 3757 1344 3816 Audivi⁴
1368 3762 1442 3817 euim
1467 3769 1497 3816 et
1522 3761 1701 3829 Probiannni,
1725 3762 1815 3842 virum
1838 3762 1866 3816 in

166 3896 193 3935 ao
210 3874 316 3945 palatio
340 3873 493 3928 habentem
515 3872 641 3926 militiam
664 3871 836 3926 medicorum
860 3869 968 3924 crudeli
994 3870 1122 3940 podagra
1143 3868 1274 3938 passione
1298 3869 1457 3934 detentum,
1483 3869 1520 3923 ihi
1546 3868 1691 3923 doloribus
1715 3869 1865 3924 liberatum

211 3981 296 4052 eique
320 3979 485 4051 apparuisse
509 3985 634 4033 sanctam
658 3976 826 4032 mirabiliter
848 3976 993 4030 visionem.
1042 3974 1112 4030 Cum
1137 3976 1210 4030 enirn
1234 3976 1340 4030 dudum
1364 3993 1491 4047 paganus
1523 3984 1611 4040 essct,
1643 3974 1736 4030 faetus
1766 3983 1868 4047 postea

211 4085 388 4142 Christianus
411 4086 592 4158 aliquatenus
615 4086 717 4155 dogma
739 4084 925 4155 sequebatur,
949 4083 1037 4137 totius
1060 4100 1128 4138 vero
1143 4081 1243 4136 salutis
1259 4100 1382 4148 causam,
1407 4083 1434 4136 id
1452 4089 1496 4136 est
1512 4083 1726 4137 sacratissimam
1743 4101 1865 4150 crucem,

211 4193 327 4250 uolebat
350 4194 480 4248 adorare.
515 4192 596 4247 Hanc
612 4191 730 4246 habenti
753 4191 926 4246 sententiam
949 4190 1046 4243 divina
1068 4189 1156 4244 virtus
1180 4207 1321 4260 apparens
1345 4190 1454 4260 signum
1477 4189 1641 4243 monstravit
1664 4189 1765 4257 unicis,
1790 4190 1866 4260 quod

211 4309 272 4356 erat
296 4301 419 4372 positum
442 4300 470 4354 in
494 4299 594 4355 altario
618 4299 678 4353 eius
703 4297 853 4364 ecclesiae,
878 4305 908 4352 et
932 4303 1033 4368 aperte
1057 4295 1150 4367 palam
1169 4293 1250 4360 feeit,
1275 4296 1351 4366 quia,
1376 4313 1410 4349 er
1427 4314 1482 4366 quo
1498 4295 1647 4350 crucifixus
1664 4304 1709 4351 est
1725 4295 1865 4364 Christus,

166 4428 192 4469 ss
210 4408 313 4475 emula,
338 4425 411 4477 quae
434 4407 471 4461 ad
494 4406 648 4461 utilitatem
670 4404 784 4459 humani
807 4404 922 4476 generis
945 4402 1122 4470 factasunt,
1146 4402 1276 4474 quolibet
1299 4403 1381 4457 modo
1404 4409 1521 4473 praeter
1544 4403 1679 4457 virtutem
1703 4404 1866 4459 adorandae

211 4515 301 4569 erucis
324 4522 407 4584 gesta
429 4531 484 4567 non
509 4520 606 4568 esseut
630 4529 724 4583 neque
748 4512 785 4566 ab
809 4510 918 4581 augelis
941 4510 1046 4564 sanetis
1070 4527 1165 4580 neque
1189 4527 1207 4564 a
1229 4510 1282 4580 piis
1306 4508 1474 4564 hominibus.

317 4629 425 4694 LXX.
459 4629 597 4714 Legitur
611 4628 646 4691 in
665 4627 780 4692 eedem
803 4624 887 4690 libro
903 4623 1014 4688 VIIII.
1039 4647 1110 4711 eap.
1135 4623 1277 4688 XLVI:
1303 4627 1366 4688 Ea⁵
1388 4635 1529 4705 siquidem
1553 4641 1729 4706 tempestato
1754 4635 1864 4705 plurimi

211 4747 286 4802 inter
310 4746 457 4817 episcopos
481 4744 669 4817 effulgebant,
693 4744 766 4798 sicut
789 4744 920 4797 Donatus
936 4741 1040 4796 Duriae
1057 4741 1156 4813 IlpyrI,
1180 4741 1216 4795 de
1241 4758 1308 4812 quo,
1332 4741 1398 4794 dum
1417 4740 1605 4812 provinciales
1621 4741 1755 4796 muscula
1778 4741 1867 4797 multa

211 4861 366 4920 testentur,
390 4852 537 4907 maximum
560 4860 656 4906 tamen
680 4857 734 4917 est,
764 4851 841 4921 quod
872 4849 909 4903 de
933 4848 1055 4903 dracone
1085 4848 1185 4918 gessit.
1233 4846 1261 4902 ls
1285 4848 1358 4902 enirn
1389 4848 1463 4902 eirca
1493 4855 1610 4918 pontem
1634 4849 1661 4901 in
1686 4847 1731 4902 via
1753 4848 1868 4918 publica

319 5099 415 5148 LXVI.
447 5101 459 5148 l
480 5091 523 5161 In]
544 5095 627 5147 Eusb.
645 5095 673 5145 in
691 5112 770 5160 usurp.
790 5093 822 5144 P.
895 5085 1095 5153 Ieonsertam]
1116 5099 1306 5140 conservatam
1327 5092 1358 5142 P.

319 5187 432 5237 LXVII.
463 5188 495 5237 12
515 5179 638 5250 Legitur]
656 5183 746 5248 Igitur
765 5183 795 5233 P.
869 5175 940 5246 Hoc]
960 5181 1025 5233 Eue.
1044 5179 1072 5230 in
1090 5197 1169 5244 marg.

319 5276 448 5325 LXVIII.
477 5277 511 5325 26
531 5267 648 5337 Dicitur]
668 5273 734 5326 Eas.
751 5273 780 5322 in
798 5289 878 5337 marg.
898 5271 928 5321 P.

319 5365 466 5414 nxvrrn.
494 5365 529 5414 es
548 5357 670 5426 xvun]
690 5362 778 5412 v1111
801 5360 830 5411 e.
903 5361 938 5410 ao
957 5359 1093 5423 possum
1113 5356 1142 5406 Ρ.

319 5454 400 5504 bxx.
429 5455 462 5504 oi
482 5449 606 5518 Legiturl
626 5453 714 5518 Igitur
733 5450 759 5501 P
773 5447 807 5512 (a.
825 5467 905 5514 supro
923 5449 940 5499 l.
955 5451 989 5497 ri
1000 5457 1024 5498 et
1035 5444 1090 5507 dl).

164 5699 193 5740 ω
322 5673 351 5740 1)
377 5668 573 5738 bbssiodonu,
597 5666 729 5724 Historia
751 5666 898 5742 tripartita
921 5665 1039 5734 rel,-
1070 5663 1145 5740 Opp
1170 5664 1212 5720 ed.
1240 5665 1333 5721 (ieret
1356 5663 1380 5735 1,
1403 5667 1476 5723 207.
1591 5663 1622 5734 2)
1645 5663 1722 5721 ibid
1748 5664 1866 5734 loo,-

211 5781 229 5836 l.
254 5781 273 5835 l.
298 5778 323 5848 I,
346 5783 420 5838 208.
502 5775 533 5845 3)
557 5774 632 5831 lbicl.
657 5773 694 5831 ΙΙ
712 5776 809 5844 c.18,·
833 5775 851 5830 l.
876 5775 894 5829 l.
919 5771 944 5842 I,
967 5777 1040 5832 232.
1117 5772 1148 5838 4)
1173 5769 1245 5827 leid.
1271 5769 1308 5826 H
1326 5791 1349 5827 c.
1367 5773 1423 5840 19,·
1446 5772 1464 5826 l.
1489 5773 1508 5827 l.
1533 5770 1557 5841 I,
1581 5773 1653 5830 233.
1733 5772 1765 5842 5)
1789 5771 1864 5828 leid.

211 5885 263 5943 IX
280 5888 377 5954 edd,-
400 5885 419 5940 l.
444 5884 462 5940 l.
487 5882 512 5953 I,
537 5884 606 5941 351.
