4884 6717
657 472 709 528 56.
746 472 963 531 CONCILIUM
985 473 1315 538 AQUISGRANENSE
1340 476 1376 531 Α.
1397 474 1471 531 836.
1826 469 1890 532 745

239 670 354 745 genter
376 658 658 743 considerandum,
683 660 761 747 quid
785 659 931 725 clausula
953 660 1006 725 vel
1029 660 1194 727 conclusio
1218 660 1293 726 libri
1316 662 1421 744 huius,
1446 661 1480 726 id
1504 673 1553 727 est
1567 662 1794 746 Numerorum,
1812 685 1888 727 con·

239 767 348 830 tinent.
395 767 506 830 Innuit
533 777 651 848 autem,
681 766 767 854 quod
791 790 840 849 ea,
872 790 956 854 quae
986 779 1141 854 precepta
1171 779 1255 850 sunt,
1283 769 1444 833 Dominus
1474 770 1659 856 preceperit
1682 780 1714 833 et
1736 768 1888 833 facienda

239 872 421 938 decreverit
445 885 477 938 et
507 896 547 937 ea
576 873 829 961 adimplentibus
859 876 1015 962 praemia,
1051 896 1115 938 non
1145 885 1254 939 autem
1284 874 1536 962 adimplentibus
1567 875 1698 940 diversa
1728 876 1889 962 supplicia

238 982 462 1044 interminatus
487 982 538 1044 sit.
586 981 740 1067 Sequitur
761 982 795 1044 in
819 980 901 1045 libro
926 981 1181 1063 Deuteronomii,
1212 983 1246 1045 in
1271 1004 1334 1068 quo
1357 983 1442 1046 inter
1465 994 1575 1046 cetera
1597 981 1699 1047 multa
1720 981 1885 1064 mandata,

205 1109 322 1174 squae
345 1086 477 1173 Moyses
500 1086 627 1151 locutus
651 1098 701 1151 est
723 1086 765 1151 od
787 1087 871 1151 filios
887 1087 1021 1169 Israhel,
1046 1089 1092 1152 ita
1114 1086 1249 1173 legitur:
1274 1089 1337 1168 En,
1361 1089 1476 1174 iuquit,
1495 1114 1641 1177 propono
1665 1093 1700 1154 in
1724 1106 1886 1177 conspectu
1906 1116 2040 1166 neuneu,

236 1209 336 1259 vestm
370 1194 463 1259 bodie
497 1195 738 1260 benedictionem
773 1211 800 1260 et
832 1196 1099 1276 maledictionem,
1135 1195 1394 1275 benedictionem,
1428 1199 1462 1260 si
1493 1197 1694 1262 oboedieritis
1727 1197 1888 1262 mandatis
1927 1169 2015 1211 ²⁶-st

239 1301 362 1365 domini
390 1300 457 1364 Dei
483 1304 588 1381 vestri,
619 1326 699 1387 quae
728 1326 783 1389 epo
813 1303 905 1366 bodie
928 1304 1078 1389 precipio
1109 1304 1206 1382 vobis,
1236 1302 1498 1383 maledictionem,
1527 1306 1561 1367 si
1586 1327 1647 1366 non
1678 1304 1886 1369 obaudieritis

236 1408 386 1472 mandato
409 1408 477 1472 Dei
497 1410 602 1487 vestri,
625 1408 682 1472 sed
704 1411 893 1473 recesseritis
917 1410 955 1473 de
986 1411 1050 1488 uic,
1081 1434 1175 1494 quom
1198 1433 1252 1495 epo
1282 1433 1364 1473 nunc
1394 1409 1519 1474 ostendo
1547 1411 1643 1474 vobis.
1697 1407 1884 1474 Notandum

236 1511 409 1599 diligenter
431 1524 489 1595 est,
521 1513 608 1600 quod
631 1512 841 1577 oboedientes
872 1526 1099 1601 preceptorum
1123 1513 1307 1578 divinorum
1336 1512 1610 1596 benedictionem,
1638 1513 1884 1580 inoboedientes

191 1642 313 1690 10vero
343 1619 603 1684 maledictionem
634 1632 827 1683 mereantur.
881 1608 971 1684 Luce
999 1622 1085 1684 enim
1116 1620 1234 1685 elarius
1265 1631 1401 1702 constat,
1433 1620 1520 1707 quod
1551 1633 1750 1709 smreptores
1781 1622 1884 1686 ecele-

235 1727 437 1791 siasticamm
467 1749 575 1790 rerum
606 1727 757 1790 iniuriam
786 1737 818 1790 et
848 1725 1123 1791 inoboedientiam
1146 1726 1219 1790 Deo
1250 1728 1400 1812 inrogent
1430 1750 1626 1815 suorumque
1656 1739 1883 1815 preceptorum

234 1842 489 1918 transgressores
513 1834 664 1897 existant.
711 1833 807 1897 Unde
831 1831 1070 1920 providendum
1094 1844 1152 1913 est,
1176 1855 1217 1897 ne
1242 1832 1465 1898 huiuscemodi
1489 1832 1760 1915 maledictionem,
1785 1857 1883 1921 quam

234 1937 350 2023 legifer
372 1941 531 2026 proponit,
556 1962 615 2026 pro
639 1939 867 2004 benedictione
898 1938 1045 2003 subeant.
1105 1941 1170 2021 Qui
1201 1950 1309 2005 autem
1339 1963 1435 2005 nosse
1465 1940 1545 2022 vult,
1582 1963 1665 2028 quae
1696 1943 1738 2005 sit
1767 1940 1881 2006 eadem

234 2044 429 2127 maledictio,
454 2046 732 2133 scrupulosissime
750 2045 987 2132 diligenterque
1011 2046 1222 2132 precedentia
1238 2057 1270 2111 et
1289 2046 1522 2134 subsequentia
1538 2046 1669 2112 divinae
1693 2047 1773 2133 legis
1793 2047 1881 2133 legat

189 2182 215 2222 ιο
234 2151 363 2238 eloquia
387 2161 418 2216 et
434 2175 492 2239 pro
517 2164 605 2217 certo
621 2154 776 2234 inveniet,
801 2163 957 2239 quantum
973 2153 1035 2217 sibi
1052 2151 1204 2217 terribilis
1222 2163 1255 2217 et
1271 2152 1433 2218 horribilis
1449 2165 1546 2240 atque
1563 2153 1824 2239 pertimescenda
1840 2155 1881 2219 sit

233 2257 349 2323 eadem
371 2258 567 2324 maledictio.
606 2260 707 2324 Porro
732 2259 819 2347 quod
843 2260 886 2324 ad
908 2259 1025 2340 locum,
1050 2283 1145 2347 quem
1162 2260 1324 2324 Dominus
1347 2260 1455 2346 elegit,
1479 2258 1677 2324 veniendum
1692 2261 1733 2325 sit
1749 2271 1781 2324 et
1797 2283 1881 2347 quae

233 2364 400 2430 offerenda
423 2376 497 2429 sunt
520 2365 566 2430 ibi
591 2367 705 2430 offerre
737 2365 964 2449 decernantur,
995 2366 1092 2453 poulo
1122 2377 1195 2454 post
1225 2365 1458 2453 subsequentia
1491 2368 1644 2431 innuunt:
1680 2367 1737 2432 Ad
1769 2369 1881 2450 mcum,
1898 2391 2023 2442 ruisse.

232 2473 337 2558 inquit
359 2471 501 2558 Moyses,
526 2499 614 2559 quern
639 2475 766 2562 elegerit
788 2475 934 2539 dominus
957 2474 1045 2539 Deus
1075 2489 1173 2539 vester
1200 2475 1379 2539 decernetis
1403 2476 1544 2539 tribubus
1570 2477 1692 2555 cesum,
1722 2490 1757 2539 ut
1781 2491 1882 2562 ponat
1962 2464 1974 2492 ⁸

232 2604 341 2643 nornen
363 2604 452 2643 suurn
479 2582 528 2645 ibi
547 2596 575 2646 et
597 2582 712 2646 bobitet
735 2584 769 2646 in
793 2606 838 2660 eo,
862 2584 992 2646 venietis
1014 2596 1043 2646 et
1065 2582 1203 2668 offeretis
1225 2583 1261 2645 in
1283 2581 1342 2646 illo
1372 2583 1438 2646 loco
1469 2581 1648 2645 holocausto
1679 2595 1708 2646 et
1735 2584 1881 2646 uictimas

187 2715 214 2754 so
232 2700 360 2766 vestros,
385 2686 523 2751 decimas
545 2689 757 2773 etprimitias
780 2712 928 2752 manuum
954 2702 1127 2752 voscorum
1151 2701 1264 2752 etvotc
1279 2701 1371 2773 atque
1387 2688 1533 2752 dorserio.
1573 2685 1616 2750 Et
1639 2686 1739 2751 infra:
1762 2688 1879 2753 Trans·
1899 2713 2058 2760 mauron.

231 2794 320 2857 ibitis
342 2791 503 2858 lordcnen
526 2808 554 2857 et
575 2794 758 2858 habitabitis
787 2797 822 2859 in
845 2810 940 2874 terra,
971 2820 1065 2881 quom
1089 2795 1235 2859 dominus
1258 2794 1346 2858 Deus
1368 2808 1467 2858 vestm
1490 2794 1622 2858 daturus
1648 2809 1694 2859 est
1721 2795 1819 2874 vobis,
1848 2809 1883 2859 ut

231 2902 434 2986 requiescatis
456 2926 476 2964 a
501 2902 619 2964 cunctis
642 2900 780 2964 hostibus
796 2925 859 2987 per
882 2904 1047 2966 circuitum
1072 2916 1100 2965 et
1121 2903 1238 2987 absque
1260 2901 1326 2965 ullo
1349 2903 1459 2966 timore
1481 2901 1627 2966 habitetis
1647 2904 1681 2966 in
1697 2903 1774 2981 loco,
1790 2926 1879 2988 quem

231 3007 358 3094 elegerit
387 3006 532 3070 dominus
559 3006 646 3070 Deus
677 3020 785 3086 cester,
815 3021 849 3071 ut
876 3010 919 3072 sit
946 3032 1056 3072 nomen
1087 3011 1154 3072 eius
1184 3010 1218 3072 in
1250 3032 1293 3072 eo.
1351 3005 1436 3072 Illuc
1465 3009 1582 3088 omnia,
1612 3033 1692 3094 qnoe
1719 3011 1879 3095 precipio,

231 3115 379 3200 offeretis,
402 3113 582 3178 holocausto
604 3126 634 3176 ct
654 3112 773 3176 bostsbs
794 3137 833 3178 ac
856 3114 1005 3192 decimes,
1029 3129 1057 3179 et
1078 3116 1248 3200 primitias
1279 3139 1427 3178 manuum
1460 3128 1635 3178 vernarum
1665 3129 1694 3178 et
1726 3115 1882 3200 quicquid

185 3247 212 3287 ss
227 3222 416 3306 precipuum
439 3234 483 3283 est
512 3222 545 3283 in
576 3220 767 3298 muneribus,
795 3244 875 3305 quoe
904 3223 1033 3285 occutus
1056 3220 1203 3285 Domino.
1258 3219 1303 3283 Et
1324 3231 1397 3306 post
1426 3241 1548 3306 pauca:
1584 3219 1667 3286 Cave
1696 3245 1733 3286 ne
1763 3223 1880 3309 offeras
1897 3244 2059 3295 u.1s,1s.u.

231 3326 410 3390 holocausto
433 3340 486 3390 tuo
510 3328 543 3390 in
567 3328 656 3390 omni
676 3326 753 3406 loco,
777 3350 866 3412 quem
890 3326 1021 3407 eiderm,
1044 3327 1102 3391 sed
1121 3329 1155 3391 in
1171 3351 1216 3407 eo,
1239 3351 1328 3413 quem
1345 3327 1471 3413 ekperit
1485 3327 1652 3392 Dominus.
1691 3326 1753 3391 His
1768 3325 1878 3391 verbis

230 3441 380 3518 patenter
409 3430 553 3517 intellegi
577 3431 683 3513 datur,
715 3432 802 3518 quod
826 3433 944 3514 omnia,
975 3455 1058 3519 quae
1083 3456 1125 3497 ex
1155 3431 1344 3497 muneribus
1374 3434 1530 3519 precipua
1559 3446 1592 3497 et
1621 3434 1764 3520 pretiosa
1793 3444 1878 3515 sunt,

231 3536 293 3601 sibi
309 3538 470 3603 Dominus
493 3538 632 3602 volucrit
655 3537 765 3602 offerri
789 3549 821 3602 et
844 3538 941 3625 quod,
966 3540 992 3602 si
1017 3561 1066 3620 ea,
1091 3541 1160 3603 sive
1178 3562 1262 3626 quae
1278 3539 1439 3604 Dominus
1454 3541 1612 3627 precepit,
1635 3541 1706 3605 sive
1723 3562 1773 3621 ea,
1793 3562 1877 3627 quae

231 3646 300 3708 eius
323 3644 462 3732 populus
485 3668 545 3709 sua
567 3657 680 3732 sponte
706 3645 821 3709 offerre
845 3644 1010 3727 voluisset,
1034 3667 1099 3711 non
1123 3644 1202 3709 alibi
1231 3647 1293 3710 nisi
1329 3647 1363 3710 in
1392 3645 1474 3726 loco,
1506 3669 1602 3733 quem
1625 3647 1787 3711 Dominus
1815 3646 1878 3711 elc-

185 3778 213 3819 so
230 3752 341 3837 gisset,
365 3760 400 3816 ut
423 3761 509 3815 esset
532 3774 647 3815 nomen
672 3752 742 3815 eius
766 3752 799 3815 in
823 3774 872 3833 eo,
897 3751 1006 3815 offerri
1028 3750 1234 3834 iubebantur,
1257 3751 1370 3839 procul
1393 3751 1491 3817 dubio
1523 3775 1573 3834 ca,
1604 3776 1688 3840 quae
1719 3752 1878 3818 ecelesiae

230 3870 363 3922 sanctae
387 3871 461 3922 sunt
485 3857 622 3940 conlata,
646 3881 711 3922 non
735 3856 859 3940 alienis,
885 3858 943 3921 sed
967 3856 1115 3922 eiusdem
1137 3858 1297 3924 ecclesiae
1321 3870 1395 3923 sunt
1418 3858 1531 3924 usibus
1554 3859 1759 3947 applicanda.

336 3999 534 4064 XXXVIII.
580 4001 662 4064 Item
693 4001 726 4065 in
750 3999 882 4065 eodem:
918 4000 995 4066 Cum
1026 4004 1149 4066 voveras
1179 4016 1281 4066 cotum
1310 4001 1436 4067 domino
1459 4002 1527 4067 Deo
1551 4018 1612 4084 tuo,
1643 4028 1705 4068 non
1734 4003 1879 4068 tardabis
1898 4007 2034 4102 ⁰⁰,ff‘1‘5,²⁸‘

229 4108 372 4188 reddere,
396 4109 471 4193 quia
496 4110 634 4193 requiret
655 4108 741 4173 illud
763 4109 909 4173 domebus
927 4107 1015 4172 Deras
1039 4123 1118 4188 tuus,
1142 4122 1171 4173 et
1191 4110 1225 4173 si
1243 4122 1382 4172 meratius
1397 4109 1521 4196 fucris,
1544 4111 1741 4195 reputabitur
1762 4111 1824 4175 tibi
1844 4111 1877 4174 in
2004 4093 2011 4105 ’

227 4228 397 4298 peccatum.
438 4213 480 4278 Si
498 4215 638 4279 nolueras
654 4216 818 4301 polliceri,
841 4215 957 4301 absque
974 4230 1104 4301 peceato
1126 4218 1199 4280 eris
1243 4213 1335 4292 Quod
1356 4228 1456 4280 cumin
1479 4216 1576 4280 semel
1596 4239 1751 4303 egressum
1774 4231 1819 4281 est
1841 4216 1879 4281 dc

185 4343 211 4384 ss
231 4321 327 4385 labiis
350 4323 412 4385 meis
435 4321 614 4386 observabis
637 4336 665 4386 et
680 4322 801 4409 facies,
831 4324 912 4386 sicut
935 4324 1119 4407 promisisti
1140 4321 1265 4386 domino
1289 4320 1357 4386 Deo
1380 4336 1431 4387 tuo
1454 4336 1483 4387 ct
1504 4324 1644 4409 propria
1674 4323 1828 4387 voluntate
1852 4337 1880 4387 et

230 4451 283 4492 cre
306 4441 357 4492 tuo
382 4427 500 4491 locutus
523 4451 563 4491 es.
612 4425 648 4491 Si
671 4425 728 4508 illi,
753 4428 809 4513 qui
832 4428 963 4513 propria
986 4427 1152 4493 voluntate
1176 4427 1249 4492 Deo
1273 4438 1383 4492 votum
1408 4429 1500 4492 vovit
1523 4438 1555 4492 et
1577 4450 1641 4492 non
1665 4427 1782 4510 reddit,
1809 4429 1877 4493 Do·

230 4533 336 4598 minus
360 4534 394 4596 in
417 4543 589 4618 peccatum
612 4543 750 4620 reputat,
775 4532 862 4619 quod
885 4545 980 4620 putas
1004 4545 1175 4621 peccatum
1198 4534 1341 4599 Domino
1365 4533 1426 4598 sibi
1450 4544 1621 4621 reputante
1644 4536 1790 4616 incurrit,
1822 4537 1878 4621 qui

230 4637 367 4703 aliorum
396 4649 473 4703 vota
503 4638 683 4704 voluntarie
714 4639 856 4703 Domino
887 4639 1035 4705 exhibita
1065 4641 1192 4706 auferre
1222 4641 1380 4728 presumit
1410 4651 1443 4706 et
1475 4650 1585 4706 tantae
1620 4642 1878 4707 comminationis

230 4767 370 4833 poenam
393 4768 457 4811 non
487 4745 664 4811 formidat?
723 4746 809 4827 Quia
838 4768 916 4833 ergo
941 4748 997 4833 qui
1020 4759 1132 4812 votum
1155 4748 1246 4811 vovit
1269 4758 1302 4811 et
1323 4770 1389 4812 non
1412 4745 1528 4829 reddit,
1555 4747 1717 4812 Dominus
1748 4747 1810 4813 sibi
1844 4749 1878 4813 in

183 4878 212 4919 so
229 4863 402 4939 peccatum
426 4865 565 4939 reputat,
590 4865 623 4917 et
646 4854 793 4940 quisquis
817 4875 866 4936 ea,
891 4876 975 4939 quae
1000 4853 1142 4918 Domino
1165 4855 1266 4936 vovit,
1290 4852 1433 4918 reddidit
1456 4854 1497 4935 ei,
1527 4854 1615 4919 nullo
1639 4854 1735 4919 modo
1765 4864 1879 4941 postea

335 5089 478 5140 XXXVII.
506 5093 521 5140 5
544 5088 668 5154 loquutus
690 5090 717 5141 C.
808 5083 858 5153 Eu]
877 5090 918 5139 Eu
937 5089 997 5150 133,
1017 5090 1079 5140 Heu
1099 5089 1136 5140 Μ.
1227 5090 1243 5139 3
1268 5091 1396 5141 msndsts
1414 5089 1474 5151 Ba,
1494 5091 1629 5141 mandatis
1648 5115 1682 5124 —
1702 5091 1877 5140 obaudieritis

228 5177 318 5227 desunt
335 5178 373 5231 Μ.
455 5180 470 5230 't
491 5179 553 5230 odie
572 5177 605 5231 L.
693 5178 900 5228 bredenensi
921 5178 957 5228 Μ.
1043 5181 1268 5245 tpreceptorum
1287 5173 1450 5242 divinorum]
1470 5181 1622 5230 divinorum
1641 5186 1830 5246 preceptorum
1850 5179 1877 5230 0.

231 5269 264 5317 10
283 5269 354 5318 enim
372 5266 440 5318 deest
457 5272 493 5322 M.
568 5269 600 5317 12
619 5261 819 5330 huiuscemodi]
837 5269 1007 5318 eiuscemodi
1028 5270 1064 5319 Μ.
1140 5270 1171 5318 13
1191 5260 1304 5332 rnlt]uul
1323 5267 1348 5319 B
1362 5271 1385 5317 2.
1461 5270 1492 5319 lt
1511 5261 1718 5333 subsequentis]
1737 5269 1878 5332 sequentis

229 5354 289 5405 Ba.
301 5359 326 5406 3.
346 5354 384 5406 Μ.
470 5357 503 5406 18
522 5353 607 5420 elegit
624 5353 657 5404 L.
746 5355 780 5405 de
798 5355 864 5406 deest
882 5356 942 5407 133.
962 5352 1001 5407 Μ.
1088 5359 1120 5408 19
1139 5351 1266 5421 venietis]
1286 5372 1345 5408 cum
1364 5358 1480 5408 venietis
1499 5356 1560 5418 Be,
1579 5371 1640 5406 cum
1659 5358 1821 5408 rentenietIs
1840 5355 1877 5406 Μ.

184 5460 212 5501 ss
230 5441 291 5494 loco
315 5445 383 5495 deest
400 5444 459 5495 131.
550 5446 583 5495 23
609 5439 676 5509 eius]
702 5461 792 5496 meum
817 5446 855 5495 Μ.
946 5448 979 5497 24
1006 5441 1120 5509 hostias]
1149 5448 1234 5496 ostias
1258 5446 1296 5497 Μ.
1386 5447 1420 5496 25
1446 5439 1633 5512 praecipuum]
1659 5446 1793 5512 praetium
1818 5444 1878 5496 Bt.

230 5534 263 5584 23
283 5534 379 5584 offerre
398 5558 433 5568 —
451 5532 579 5598 elegisset
596 5533 687 5583 desunt
703 5535 740 5584 Μ

335 5639 493 5689 xxxvllr.
522 5641 555 5690 32
574 5639 733 5690 XXXVIII·
750 5657 798 5690 om.
818 5640 878 5691 Bi.
945 5643 1053 5693 voveris
1073 5635 1176 5702 votum]
1197 5647 1291 5690 votum
1309 5642 1417 5690 voreris
1436 5639 1468 5690 L.
1542 5642 1575 5691 33
1594 5639 1670 5691 illum
1691 5641 1718 5692 0.
1785 5642 1819 5691 34
1838 5636 1878 5705 si]

230 5728 387 5778 XXXVIII.
402 5728 544 5793 panacis
561 5728 621 5779 Bi.
688 5745 809 5795 gressum
828 5729 861 5780 L.
933 5733 967 5780 35
986 5731 1046 5780 Deo
1064 5729 1131 5780 deest
1149 5725 1185 5778 Μ.
1259 5729 1293 5779 33
1312 5735 1360 5779 tuo
1379 5729 1445 5779 deest
1462 5729 1494 5782 L.
1508 5729 1567 5780 132.
1634 5730 1752 5781 reddidit
1772 5729 1799 5781 0.
1818 5730 1878 5781 Be.

232 5817 266 5867 38
285 5817 387 5867 exibita
406 5813 443 5867 Μ.
515 5810 618 5882 unua]
638 5819 747 5870 tandem
767 5814 804 5867 Μ.
877 5820 910 5869 39
929 5834 1017 5883 poene
1038 5817 1063 5867 B
1075 5823 1099 5868 3.
1120 5817 1156 5867 Μ.

285 5936 327 5978 Ιιῐι.
341 5935 441 5975 Cenetlls
455 5936 484 5978 11.
1632 5945 1666 5993 94
