4884 6717
528 540 592 603 686
824 545 876 602 52.
912 545 1177 601 PRAECEPTUM
1201 543 1412 600 SYNODALE
1436 545 1533 600 ANNI
1557 542 1619 598 829
1636 562 1680 598 ex.
1697 545 1744 600 vel
1761 542 1824 599 830
1838 545 1876 599 in.

527 734 570 798 ad
594 757 615 820 q
639 782 647 798 .
672 782 680 797 .
706 782 714 797 .
740 731 794 821 [ex
818 732 933 797 eodem
956 731 1041 820 l]oco
1065 731 1230 796 modernis
1253 732 1434 818 futurisque
1458 729 1659 817 temporibus
1683 728 1829 816 qualibet
1859 731 2031 795 occasione
2062 730 2181 796 evelle-

527 851 625 921 retur,
650 851 716 904 tam
738 840 876 926 piissimi
900 839 1058 925 principis
1083 839 1329 903 devotissimum
1353 837 1486 920 factum,
1511 860 1531 901 a
1557 849 1623 902 tam
1653 837 1813 923 religiosis
1843 847 1997 924 lauteque
2027 837 2180 927 auctor[i·

526 948 601 1011 tatis
625 947 704 1011 viris
728 944 972 1033 caelebratuml,
997 945 1140 1030 religiosi
1164 946 1228 1008 viri
1252 945 1381 1031 scriptis
1404 967 1470 1009 nou
1494 943 1535 1008 ab
1565 967 1600 1009 re
1631 944 1848 1008 decreverunt
1876 943 2034 1008 roborari.
2087 945 2181 1010 Idem

526 1076 623 1140 porro
643 1054 769 1134 fratres,
794 1051 1009 1138 prolapsionis
1030 1074 1108 1115 suae
1130 1050 1316 1116 diuturnam
1335 1050 1553 1116 calamitatem
1571 1062 1739 1136 gementes
1755 1051 1961 1139 futurumque
1978 1051 2179 1134 scandalum,

527 1159 632 1248 sua[m
648 1159 831 1245 regularem
847 1160 1093 1246 promissionem
1109 1159 1274 1239 iterantes,
1295 1180 1335 1222 ne
1353 1156 1553 1246 aliqluando,
1573 1159 1668 1222 sicuti
1688 1156 1750 1221 sibi
1770 1157 1908 1244 aliisque
1927 1159 1992 1222 iam
2011 1159 2045 1222 in
2063 1158 2210 1224 eodems

526 1263 597 1332 loco
623 1267 813 1351 contigerat,
838 1265 879 1329 ab
909 1265 1024 1330 eodem
1055 1264 1216 1328 diabolico
1247 1265 1402 1329 instinctu
1435 1263 1702 1352 propulsarentur
1730 1266 1906 1352 proposito,
1941 1264 2075 1352 polliciti
2106 1275 2181 1329 sunt

526 1373 610 1437 ultro
649 1395 683 1436 se
722 1372 859 1437 eandem
898 1371 1132 1458 professionem
1171 1370 1256 1459 e[sse
1296 1369 1525 1436 observaturos
1561 1370 1708 1459 eamque]
1750 1370 1791 1434 ob
1829 1373 2064 1436 monimentum
2101 1371 2179 1437 facti

526 1479 704 1544 breviculis
728 1478 941 1564 regulariter1
965 1478 1124 1542 adnotari.

634 1587 696 1650 His
740 1587 786 1649 ita
831 1587 1018 1672 praemissis
1058 1586 1163 1648 visum
1209 1596 1259 1648 est
1304 1584 1428 1648 eisdem
1464 1582 1709 1648 venerabilibus
1753 1585 1850 1665 viris,
1895 1595 1932 1649 ut
1975 1607 2074 1671 super
2118 1585 2180 1650 hoc

527 1694 658 1779 negotio
689 1692 773 1757 duae
802 1691 1070 1781 conscripti[ones
1097 1693 1170 1779 pari
1200 1701 1323 1772 tenore,
1353 1691 1478 1772 fierent,
1511 1739 1518 1754 .
1544 1739 1552 1755 .
1577 1689 1670 1778 .]rum
1701 1690 1804 1755 altera
1832 1692 1866 1755 in
1897 1691 2029 1756 archivo
2060 1713 2180 1757 memo·
2200 1714 2227 1753 ιο

527 1801 590 1864 rati
623 1800 828 1880 monasterii,
864 1798 966 1863 altera
1000 1820 1077 1862 vero
1113 1799 1145 1861 in
1180 1797 1314 1862 archivo
1350 1796 1391 1861 ob
1426 1799 1616 1862 memoriam
1650 1807 1682 1861 et
1717 1795 1923 1863 stabilitatem
1958 1799 2036 1863 facti
2071 1820 2180 1862 serva·

527 1920 616 1971 retur
644 1906 797 1994 palatino,
830 1916 865 1969 ut
887 1905 937 1969 bis
960 1906 1139 1992 perspectis
1163 1927 1280 1991 pacem
1303 1927 1380 1968 suae
1404 1903 1576 1993 eec[lesiae
1593 1903 1774 1992 haberent],
1799 1956 1807 1970 .
1832 1954 1840 1969 .
1866 1953 1874 1969 .
1899 1916 1931 1969 et
1954 1905 1995 1969 ad
2015 1905 2179 1970 cumulum

687 2148 829 2219 religionis
852 2147 958 2200 virtute
983 2146 1101 2199 diunius
1125 2146 1325 2216 permansisse,
1349 2146 1416 2216 quia
1439 2146 1478 2200 sic
1501 2146 1589 2199 nostri
1613 2162 1744 2200 assensus
1767 2145 1853 2200 iussio
1883 2146 1989 2213 fuerat,
2019 2151 2180 2202 annuentes

688 2253 895 2309 rationabiliter
919 2260 949 2308 et
972 2253 1106 2307 canonice
1130 2252 1332 2306 satisfecerunt
1357 2259 1387 2307 et
1407 2252 1443 2306 ob
1459 2252 1648 2323 suggestionis
1665 2252 1803 2318 notitiam,
1826 2259 1859 2306 ut
1874 2259 1987 2308 nostrae
2003 2254 2181 2324 panderetur

689 2361 859 2426 celsitudini,
884 2360 1008 2430 qualiter
1031 2360 1076 2414 vel
1100 2376 1156 2430 quo
1179 2359 1278 2413 ordino
1301 2365 1360 2413 tam
1384 2359 1594 2413 devotissimum
1623 2357 1730 2413 factum
1760 2360 1796 2414 ab
1828 2359 1935 2414 eisdem
1965 2359 2180 2431 religiosissimis
2202 2371 2226 2411 rs

689 2468 754 2521 viris
777 2467 814 2520 sit
838 2467 1042 2532 caelebratum,
1073 2466 1142 2520 duas
1172 2465 1334 2537 superbos
1357 2465 1429 2532 iure,
1460 2465 1519 2536 pari
1551 2471 1650 2521 tenore
1674 2466 1895 2536 conscriptiones
1919 2465 2049 2520 feceruut
2073 2483 2180 2537 easque

689 2574 817 2628 manibus
841 2572 1024 2627 firmaverunt
1047 2572 1176 2643 propriis,
1200 2579 1233 2625 ut
1256 2573 1347 2627 altera
1371 2591 1466 2628 earum
1489 2573 1518 2626 in
1541 2573 1653 2628 archivo
1676 2573 1763 2644 ipsius
1786 2574 1948 2629 monasterii
1967 2574 2003 2628 ob
2020 2573 2180 2628 memoriam

689 2688 719 2736 et
742 2680 928 2734 stabilitatem
952 2679 1021 2733 inibi
1044 2679 1126 2732 buius
1148 2679 1254 2733 ordinis
1276 2697 1329 2750 per
1352 2678 1449 2734 lutura
1471 2685 1600 2750 tempora
1614 2685 1785 2747 servaretur,
1808 2680 1927 2735 alteram
1942 2687 2054 2737 nostrae
2071 2679 2180 2753 magni-

688 2787 781 2841 tudini
804 2787 979 2852 direxerunt,
1002 2793 1034 2839 ut
1057 2786 1134 2839 illam
1156 2785 1291 2857 palatinis
1314 2787 1422 2840 scriniis
1438 2787 1599 2841 iuberemus
1614 2787 1770 2842 recondere
1787 2788 1823 2843 ob
1839 2789 2038 2843 monimentum
2055 2795 2085 2842 et
2101 2787 2180 2841 istius

689 2895 743 2948 rite
767 2893 836 2948 facti
858 2901 1028 2965 perpetuam
1051 2891 1213 2947 firmitatem
1224 2888 1246 2946 ².
1282 2890 1339 2948 Sed
1363 2911 1424 2947 cum
1448 2893 1524 2948 idem
1546 2894 1614 2947 ordo
1631 2893 1694 2948 Deo
1710 2901 1865 2960 annuente,
1889 2901 2024 2965 quantum
2047 2894 2179 2948 divinitus
2198 2907 2226 2945 so

690 3001 780 3055 videri
804 3001 936 3068 dabatur,
961 3001 988 3054 in
1014 3000 1114 3055 eodem
1137 2999 1199 3054 loco
1222 2999 1347 3054 feliciter
1369 2997 1478 3068 (feliter
1502 2997 1556 3067 Or.)
1581 3000 1739 3067 incederet,
1764 3001 1896 3070 antiquus
1919 3000 2017 3054 salutis
2040 3000 2179 3055 humanae

689 3108 826 3174 iuimicus,
858 3108 991 3177 quosdam
1016 3125 1050 3161 ex
1073 3107 1141 3177 ipsis
1165 3106 1295 3160 fratribus
1318 3123 1370 3160 sua
1392 3123 1498 3178 organa
1521 3104 1660 3174 efficiens,
1683 3107 1756 3162 adeo
1779 3106 1943 3161 insidiarum
1964 3125 2077 3162 suarum
2100 3106 2180 3161 furiis

690 3214 853 3285 exagitavit,
878 3221 909 3266 ut
932 3213 1139 3284 conspiratione
1166 3221 1195 3268 et
1218 3213 1410 3268 coniuratione
1435 3209 1534 3268 lacta²3
1559 3218 1589 3268 et
1611 3214 1784 3284 propositum
1805 3214 1987 3268 monasticum
2003 3215 2180 3286 abnegarent

690 3329 719 3375 et
741 3320 801 3374 sino
824 3319 942 3375 licentia
964 3321 1006 3373 sui
1030 3320 1142 3374 abbatis
1165 3319 1328 3391 propriique
1354 3320 1478 3391 episcopi
1508 3338 1541 3375 ac
1567 3320 1778 3390 metropolitani
1802 3337 1897 3375 eornm
1920 3320 2011 3392 legati
2033 3321 2179 3393 dignitatis

689 3434 802 3481 nostrae
827 3427 1046 3481 dominationem
1069 3427 1182 3481 adirent
1206 3433 1236 3480 et
1258 3426 1414 3481 molestiam
1438 3444 1525 3498 super
1546 3427 1599 3482 hae
1614 3427 1723 3482 ratione
1741 3435 1839 3482 contra
1854 3423 2037 3483 canonicam⁴
2060 3435 2090 3482 et
2113 3446 2179 3499 pro·
2198 3437 2225 3478 se

689 3533 771 3605 positi
795 3533 839 3587 sui
862 3534 1067 3587 institutionem
1091 3532 1255 3586 serenitatis
1278 3540 1391 3587 nostrae
1415 3533 1530 3587 auribus
1553 3532 1658 3588 inferre
1674 3541 1899 3604 praesumerent,
1922 3534 2075 3589 offerentes
2098 3533 2180 3588 uobis

689 3640 811 3694 thomum
835 3640 863 3693 in
887 3640 1095 3694 accusationem
1119 3645 1148 3693 et
1172 3639 1348 3694 blasfemiam
1372 3639 1578 3710 episcoporum,
1602 3640 1650 3710 qui
1673 3656 1704 3694 se
1728 3641 1765 3694 de
1789 3641 1939 3711 apostasia,
1962 3641 1991 3695 in
2011 3659 2067 3711 qua
2082 3658 2178 3695 versa·

690 3746 804 3812 bantur,
828 3753 949 3817 patema
971 3746 1161 3802 sollicitudine
1185 3752 1281 3801 nostra
1304 3746 1469 3801 auctoritate
1494 3753 1673 3801 correxerant
1702 3753 1730 3802 et
1753 3748 1789 3800 ad
1813 3749 1996 3818 propositum,
2028 3748 2103 3818 quod
2127 3748 2178 3802 ab·

690 3854 864 3920 dicaverant,
896 3854 989 3908 redire
1020 3861 1178 3920 suaserant,
1209 3854 1347 3908 addentes
1378 3854 1462 3907 etiam
1485 3853 1514 3907 in
1538 3853 1639 3907 eadem
1661 3854 1781 3907 scedula
1806 3853 1872 3922 alia,
1903 3871 1978 3924 quae
2009 3854 2095 3926 digna
2123 3871 2179 3908 non

690 3967 755 4014 sunt
786 3960 978 4031 imperialibus
1005 3960 1108 4013 uostris
1131 3960 1244 4031 scriptis
1268 3960 1409 4014 interseri.
1449 3959 1535 4014 Porro
1558 3967 1654 4014 nostra
1677 3960 1814 4027 sollertia,
1837 3961 1940 4015 auditis
1964 3978 2059 4016 eorum
2082 3962 2178 4032 queri·
2197 3970 2225 4012 so

689 4067 797 4133 moniis,
822 4084 908 4138 supra
930 4075 1083 4121 memorato
1107 4067 1265 4122 venerabili
1287 4067 1346 4121 viro
1362 4067 1496 4121 Hilduino
1519 4073 1614 4120 nostra
1636 4067 1715 4121 iussit
1739 4066 1900 4135 clementia,
1925 4074 1956 4121 ut
1979 4068 2093 4123 eosdem
2117 4068 2179 4140 epi·

690 4190 799 4245 scopos,
824 4181 923 4228 contra
945 4191 1015 4243 quos
1039 4174 1224 4243 querebatur,
1250 4191 1360 4228 necnon
1384 4180 1414 4227 et
1436 4172 1504 4227 alios
1528 4173 1563 4227 ab
1587 4174 1766 4229 accusatione
1790 4174 1917 4229 inmunes
1940 4174 2061 4230 iussione
2082 4181 2180 4229 nostra

689 4281 725 4334 ad
749 4280 839 4351 ipsum
863 4280 960 4335 venire
984 4281 1132 4334 mandaret
1155 4280 1382 4336 monasterium.'
1410 4280 1449 4334 Et
1472 4280 1538 4351 quia
1560 4282 1596 4335 ad
1620 4282 1746 4335 notitiam
1769 4287 1891 4335 noemam
1914 4282 1967 4352 ipsi
1990 4281 2091 4336 fratres
2114 4300 2180 4336 snos

689 4387 791 4442 misere
816 4386 962 4453 clamores,
986 4387 1062 4442 unde
1086 4387 1126 4441 nit
1149 4388 1310 4459 ambiguum
1334 4393 1363 4441 et
1385 4386 1445 4441 sine
1465 4387 1555 4443 iustae
1572 4386 1746 4442 diffinitionis
1761 4388 1878 4443 decreto
1894 4387 1937 4442 fas
1954 4394 1997 4442 est
2011 4389 2178 4456 abscedere,

690 4493 872 4564 complurium
897 4494 1091 4565 episcoporum
1116 4493 1246 4565 diligenti
1278 4494 1404 4549 examine
1434 4510 1493 4549 rem
1522 4494 1687 4549 reventilari
1711 4501 1741 4550 et
1762 4495 1896 4550 canonice
1920 4493 2034 4549 diffiniri
2058 4503 2088 4551 et
2111 4513 2178 4551 con·
2198 4508 2225 4549 ss

689 4600 773 4671 sopiri
805 4599 962 4671 (consopori
987 4599 1043 4669 Or.)
1072 4601 1279 4672 praecepimus,
1307 4617 1363 4654 non
1395 4600 1474 4670 quasi
1503 4601 1538 4655 da
1568 4599 1700 4672 praelata
1729 4608 1942 4656 memoratorum
1971 4609 2083 4673 patrum
2112 4621 2179 4659 sen·

689 4707 791 4774 tentia,
816 4724 890 4777 quae
915 4706 1104 4763 excellentiae
1128 4714 1241 4763 nostrae
1265 4707 1340 4761 bene
1364 4706 1498 4762 manebat
1520 4725 1574 4778 per
1595 4709 1688 4762 omnia
1710 4709 1833 4779 cognita,
1857 4708 1904 4762 vel
1926 4708 1955 4762 iu
1978 4709 2072 4780 aliquo
2096 4710 2179 4764 dubi·

691 4820 795 4880 tantas,
826 4814 878 4868 sed
908 4821 940 4868 ut
962 4814 1050 4868 maior
1073 4813 1185 4869 Christo
1214 4813 1325 4869 domino
1349 4812 1412 4867 Deo
1442 4819 1538 4867 nostro
1569 4814 1605 4868 de
1628 4815 1792 4885 percalcato
1814 4814 1907 4882 hoste,
1938 4816 1986 4886 qui
2012 4816 2067 4871 iam
2089 4816 2180 4872 dictos

691 4920 864 4975 excitaverat
888 4919 1001 4987 fratres,
1030 4919 1185 4991 triumphus
1208 4917 1293 4974 fieret
1317 4927 1347 4973 et
1370 4920 1399 4973 in
1424 4919 1524 4974 codem
1547 4920 1609 4974 loco
1632 4918 1756 4988 firmiori,
1781 4922 1847 4992 quia
1868 4922 1973 4976 iterata
1995 4923 2179 4993 stipulatione

638 5108 827 5160 lex-loco
845 5111 929 5176 suppl.
948 5128 961 5161 e
978 5110 1041 5161 oeni.
1122 5111 1312 5176 deontigerat
1329 5126 1341 5160 e
1359 5127 1422 5160 sorr.
1443 5109 1487 5160 Or.
1568 5112 1601 5161 10
1688 5106 1755 5176 rum]
1774 5112 1894 5177 inulliqe:
1914 5129 2029 5178 quarum
2047 5115 2086 5164 eet
2103 5120 2130 5164 et
2148 5120 2180 5165 ut
2196 5121 2226 5161 to

529 5216 637 5260 aarum
657 5217 680 5250 s.
698 5200 716 5249 l.
732 5203 772 5248 17.

639 5363 668 5432 1)
694 5363 830 5420 Fortasse
852 5362 989 5419 alluditur
1011 5363 1053 5420 ad
1074 5364 1198 5439 regulam
1223 5362 1371 5420 Benedicti
1394 5382 1417 5419 c.
1436 5367 1477 5422 68
1500 5365 1544 5420 ed.
1564 5364 1711 5441 Woelfflin
1729 5385 1762 5440 p.
1780 5368 1822 5424 57
1832 5385 1875 5442 sq.
1972 5365 2003 5436 2)
2027 5365 2180 5442 Hucusque

529 5469 647 5526 histem
665 5468 780 5545 primm
801 5469 904 5543 synodi
925 5471 960 5525 de
982 5469 1064 5526 reus
1086 5470 1178 5527 sancti
1192 5469 1326 5543 Dyonisii
1339 5477 1544 5546 congregatam
1566 5470 1690 5546 sequiasr
1706 5471 1864 5548 descrtptr'o,
1889 5491 1940 5529 mur
1962 5474 2055 5530 altera
2078 5466 2179 5550 (infra

524 5597 559 5652 p.
584 5580 647 5635 688
662 5569 738 5652 sqq.)
770 5583 923 5633 convocata
953 5584 979 5632 et
1007 5577 1049 5633 ad
1076 5595 1155 5652 quem
1178 5576 1269 5654 finem
1296 5575 1392 5632 babitu
1417 5575 1461 5632 sit.
1577 5577 1607 5646 3)
1633 5575 1682 5648 Cf.
1707 5579 1804 5635 conat.
1831 5576 2057 5637 Chalcedonense
2080 5599 2104 5636 c.
2122 5582 2179 5648 18,-

531 5681 632 5738 Menss'
652 5682 715 5750 VII,
733 5684 805 5741 378.
904 5683 935 5752 4)
968 5681 1017 5754 Cf.
1048 5682 1146 5739 conat,
1170 5681 1371 5740 Antiochenam
1403 5702 1442 5739 ce.
1462 5685 1509 5742 11.
1533 5686 1591 5754 12;
1620 5682 1685 5739 did.
1710 5684 1749 5754 II,
1774 5688 1911 5761 1323sq.
1965 5685 1996 5742 V.
2022 5693 2180 5762 praeterea
2195 5703 2225 5746 ss

530 5789 627 5845 concil.
648 5786 864 5865 Mogontiacus
887 5791 948 5848 813
971 5808 994 5845 c.
1011 5791 1062 5858 24,
1086 5789 1318 5865 Aqrsisqranense
1336 5791 1397 5848 816
1420 5789 1483 5846 inst.
1509 5809 1573 5846 can.
1598 5809 1621 5845 e.
1639 5792 1688 5860 73,
1713 5789 1876 5848 Parisiense
1898 5794 1961 5851 829
1984 5791 2030 5849 lit.
2047 5791 2070 5849 I
2086 5811 2109 5848 c.
2125 5796 2178 5852 26.

530 5893 584 5950 ΙΙΙ
594 5914 632 5951 cc.
644 5898 691 5953 11.
703 5898 740 5954 14
753 5889 855 5971 (supra
865 5915 895 5970 p.
906 5897 979 5954 267.
991 5897 1062 5954 366.
1075 5898 1145 5954 629.
1157 5889 1291 5971 susq),
1308 5894 1472 5951 relationem
1484 5894 1676 5971 episcoporum
1688 5899 1751 5956 829
1763 5915 1786 5952 c.
1799 5899 1842 5956 26
1853 5891 1942 5970 (Μο.
1957 5896 2050 5974 Capit.
2064 5898 2103 5969 ΙΙ,
2115 5893 2178 5975 37).
