4884 6717
535 525 598 586 612
1003 530 1055 589 50.
1092 529 1312 587 CONCILIUM
1335 529 1563 586 PARISIENSE
1587 532 1624 586 A.
1646 528 1721 586 829.

394 736 512 829 etolelrpm.
533 727 593 782 Nec
615 728 771 799 gloriantur
793 729 828 782 de
853 726 937 782 officii
960 728 1104 798 dignitate,
1135 728 1183 782 sed
1214 729 1312 782 sudant
1341 728 1433 798 potins
1458 727 1596 781 constituti
1620 726 1670 781 urb
1694 743 1785 781 onere.
1832 726 1919 780 Tales
1942 725 2077 796 scriptura
2099 726 2191 780 divina

439 819 445 840 ’
480 818 486 832 ’
533 836 721 904 speculatores
753 835 889 904 appellat,
920 836 968 905 qui
998 835 1175 904 speculantur
1205 843 1283 888 actus
1312 835 1433 888 omnium
1457 841 1494 902 ct,
1524 833 1644 904 qualiter
1673 834 1863 904 unusquisque
1887 851 1948 888 cum
1972 834 2027 887 suis
2050 834 2077 887 in
2099 834 2191 896 domo,

534 941 655 1011 qualiter
686 941 714 995 in
743 941 855 995 civitate
887 958 950 995 cum
979 941 1086 996 civibus
1108 942 1193 1010 vivat,
1216 942 1368 996 intentione
1390 941 1520 1012 religiose
1543 941 1708 994 curiositatis
1730 942 1891 1011 explorant,
1922 957 1993 1011 qnos
2018 939 2105 994 bonos
2127 958 2189 1009 pro·

532 1048 660 1102 baverint
682 1047 842 1102 honorando
867 1046 1039 1117 confirmant,
1069 1066 1139 1119 quos
1168 1048 1401 1118 deprehenderint
1423 1048 1535 1102 vitiosos
1558 1055 1705 1119 arguentes
1732 1048 1881 1102 emendant
1903 1055 1961 1116 aut,
1990 1048 2012 1100 si
2043 1048 2190 1101 emendare

533 1154 717 1224 nequiverint,
746 1155 948 1225 aequardmiter
976 1162 1097 1226 portant,
1128 1155 1248 1209 habituri
1278 1154 1444 1210 uberrimum
1473 1155 1591 1208 fructum
1621 1161 1669 1208 aut
1691 1154 1726 1208 de
1750 1170 1800 1208 sua
1822 1153 1999 1222 districtione,
2029 1154 2052 1207 si
2075 1154 2222 1208 correctis

534 1260 709 1330 profecerint,
732 1270 780 1315 aut
802 1263 837 1315 de
861 1280 910 1315 sua
925 1262 1069 1332 patientia,
1092 1261 1198 1315 etiamsi
1214 1262 1265 1330 illi,
1288 1278 1359 1332 quos
1374 1262 1516 1330 sustinent,
1540 1261 1680 1316 emendari
1698 1261 1844 1315 noluerint.
1878 1251 1967 1315 Ecce
1991 1250 2062 1315 laus
2085 1250 2190 1336 digni·

534 1369 649 1445 tasque
672 1381 824 1423 verorum
848 1358 1054 1423 sacerdotum
1079 1380 1256 1443 eorumque
1280 1358 1494 1422 ministerium
1510 1356 1655 1422 breviter
1670 1369 1720 1422 est
1736 1357 1908 1444 digestum.
1945 1357 2053 1422 Decet
2069 1358 2190 1444 quippe

535 1464 720 1529 sacerdotes
745 1463 866 1530 Christi
890 1475 981 1529 tanta
1004 1464 1162 1549 dignitate
1187 1464 1334 1546 donatos,
1360 1487 1441 1551 quos
1464 1465 1581 1550 utique¹
1601 1475 1728 1529 constat
1750 1466 1906 1529 ianitores
1930 1463 2081 1528 caelestis
2098 1464 2191 1529 aulae

535 1572 686 1654 existere,
712 1572 864 1658 exempla
887 1572 1095 1636 decessorum
1120 1594 1262 1653 suorum,
1288 1573 1344 1659 qui
1363 1571 1437 1636 Deo
1460 1571 1663 1658 placuerunt,
1688 1570 1935 1656 infatigabiliter
1958 1572 2088 1653 sectari,
2114 1594 2191 1658 qua-

535 1689 629 1743 tenus
660 1691 790 1746 terrena
820 1679 1024 1765 dispiciendo
1061 1690 1094 1743 et
1129 1678 1264 1743 celestia
1297 1678 1437 1743 amando
1468 1679 1608 1765 primum
1643 1678 1707 1765 ipsi
1741 1677 1825 1741 atria
1855 1700 2017 1764 supernae
2050 1680 2192 1742 civitatis
2212 1697 2238 1736 ro

536 1783 657 1868 subire,
683 1785 800 1849 deinde
826 1784 1028 1851 auditoribus
1052 1787 1119 1850 suis
1142 1785 1239 1850 dictis
1263 1797 1296 1850 et
1319 1786 1478 1872 exemplis
1502 1807 1542 1849 ea
1565 1784 1717 1849 studeant
1740 1785 1879 1871 aperire,
1911 1807 1963 1867 ne,
1992 1785 2080 1872 quod
2095 1784 2191 1867 absit,

535 1891 670 1956 audiant
700 1915 720 1956 a
742 1892 903 1956 Domino:
931 1890 1102 1957 Habentes
1133 1892 1261 1957 clavem
1292 1892 1447 1957 scientiae
1477 1915 1536 1957 vos
1566 1892 1630 1978 ipsi
1659 1914 1725 1955 non
1754 1892 1881 1956 intratis
1909 1902 1942 1956 et
1964 1890 2046 1957 alios
2069 1893 2190 1957 intrare

534 2020 599 2062 non
624 1999 738 2062 sinitis.

643 2105 782 2186 Quando
807 2127 884 2170 vero
908 2107 977 2169 vita
1000 2105 1205 2170 sacerdotum
1230 2128 1303 2170 cum
1329 2105 1478 2170 doctrina
1495 2128 1560 2170 non
1577 2105 1765 2188 concordat,
1790 2117 1823 2170 ct
1838 2104 2039 2171 auditoribus
2055 2106 2190 2171 infirmis

535 2211 725 2275 scandalum
756 2224 788 2276 et
818 2213 998 2276 animarum
1030 2213 1202 2299 provenire
1233 2211 1414 2299 perieulum
1444 2235 1509 2277 non
1540 2223 1589 2276 est
1619 2211 1763 2277 dubium.
1814 2212 1955 2277 Proinde
1986 2236 2189 2300 summopere
2209 2239 2236 2279 rs

536 2319 718 2383 cavendum
751 2329 799 2382 est
830 2317 1066 2399 sacerdotibus,
1097 2341 1138 2383 ne
1170 2318 1403 2384 offendiculum
1425 2319 1505 2383 fiant
1535 2319 1595 2401 his,
1627 2318 1745 2406 quibus
1773 2330 1939 2406 praesunt.
1986 2320 2080 2386 Tunc
2104 2323 2190 2386 enim

535 2425 765 2490 offendiculum
789 2426 870 2490 fiunt
898 2425 971 2507 illis,
1003 2424 1134 2512 quando
1158 2425 1246 2513 quod
1269 2424 1379 2490 verbis
1402 2426 1595 2513 praedicant
1618 2424 1762 2490 moribus
1784 2426 1976 2514 inpugnant.
2024 2427 2120 2492 Unde
2143 2428 2189 2510 fit,

535 2543 580 2614 ut,
605 2534 689 2597 sieut
711 2535 744 2597 in
769 2555 868 2619 supra
891 2543 1069 2597 memorato
1093 2530 1177 2596 libro
1202 2532 1316 2597 beatus
1342 2531 1521 2619 Gregorius
1545 2532 1668 2615 scribit,
1693 2539 1774 2598 cuml
1797 2552 1891 2614 pastor
1912 2562 1963 2614 per
1986 2544 2105 2614 abrupta
2127 2563 2189 2616 gra-

535 2650 616 2718 ditur,
640 2651 676 2702 ad
698 2650 870 2720 precipitium
893 2667 962 2720 grex
986 2657 1125 2719 sequatur.
1171 2645 1283 2703 Nemo²
1306 2650 1420 2720 quippe,
1443 2650 1478 2703 ut
1501 2639 1589 2704 idem
1613 2642 1667 2723 ait,
1692 2651 1810 2721 amplius
1833 2651 1860 2704 in
1876 2651 1995 2706 ecclesia
2010 2659 2092 2706 nocet
2106 2670 2190 2722 quam

536 2757 583 2827 qui
613 2774 742 2827 perverse
773 2774 857 2828 agens
887 2774 987 2810 nomen
1010 2756 1055 2810 vel
1079 2756 1202 2809 ordinem
1228 2735 1379 2810 sanctitatis
1409 2756 1503 2810 habet.
1556 2746 1824 2811 Pertimeseenda
1852 2770 1951 2834 porro
1981 2747 2190 2814 nihilominus
2208 2774 2237 2813 ao

371 2872 515 2924 narraras.
536 2852 760 2918 sacerdotibus
783 2855 946 2930 sententia
962 2852 1162 2938 euangelica
1179 2863 1238 2933 cst,
1262 2875 1328 2938 qua
1343 2852 1478 2917 dicitur:
1506 2853 1573 2931 Qui
1591 2855 1858 2920 scandalizaverit
1879 2881 1974 2919 aream
1999 2856 2037 2920 de
2055 2859 2191 2943 pusillis

538 2964 618 3042 istis,
643 2964 702 3047 qai
723 2964 756 3025 rin
779 2986 827 3025 rrae
850 2961 990 3040 credant,
1015 2961 1143 3048 expedit
1165 2964 1204 3041 ei,
1229 2975 1263 3025 at
1284 2961 1495 3047 srrspendutur
1518 2962 1602 3025 arola
1626 2964 1773 3026 asinaria
1798 2965 1831 3026 in
1850 2963 1929 3026 collo
1946 2965 2014 3028 elus
2030 2978 2058 3027 et
2074 2964 2189 3028 dimer-

533 3083 628 3156 gatur
660 3071 693 3132 ia
717 3068 920 3155 profundam
952 3070 1064 3148 maris,
1099 3065 1186 3153 quod
1221 3064 1416 3151 quibusdam
1452 3067 1651 3153 interpositis
1679 3065 1783 3131 isdem
1818 3067 1932 3132 doctor
1962 3070 2008 3132 ita
2037 3071 2188 3155 exponit:

537 3180 614 3249 Qui³
638 3202 703 3256 ergo
733 3185 769 3237 ad
798 3184 950 3237 sanctitatis
973 3183 1093 3252 speciem
1116 3184 1250 3236 deductus
1274 3183 1318 3236 rel
1341 3183 1428 3236 verbo
1451 3189 1558 3237 ceteros
1581 3184 1696 3237 destruit
1717 3185 1763 3238 vel
1787 3185 1924 3255 exemplo,
1947 3186 2045 3240 melius
2067 3187 2191 3256 profecto

537 3291 637 3360 fuerat,
659 3297 690 3343 ut
712 3292 783 3343 hunc
807 3292 842 3343 ad
865 3299 980 3343 mortem
1004 3288 1054 3342 sub
1078 3290 1206 3343 exteriori
1228 3289 1326 3343 habitu
1356 3298 1465 3344 terrena
1495 3297 1558 3344 acta
1588 3291 1805 3362 constringerent
1834 3309 1918 3362 quam
1941 3310 2020 3347 sacra
2047 3291 2141 3347 officia
2164 3292 2191 3346 in
2208 3308 2236 3348 ro

537 3398 619 3467 culpa
642 3397 741 3451 ceteris
764 3396 925 3450 imitabilem
948 3398 1175 3465 demonstrarent,
1205 3397 1271 3466 quia
1294 3386 1429 3462 nimirum,
1459 3397 1480 3450 si
1504 3398 1578 3450 solus
1601 3397 1723 3464 caderet,
1751 3407 1900 3468 utcumque
1926 3399 1998 3453 hunc
2021 3399 2192 3454 tolerabilior

537 3504 635 3557 infami
666 3522 756 3573 poena
779 3503 921 3556 cmciaret.
970 3491 1097 3574 Quibus
1128 3491 1329 3557 terribilibus
1359 3491 1469 3556 verbis
1500 3491 1624 3578 liquido
1653 3493 1750 3558 datur
1780 3494 1926 3581 intelligi,
1958 3495 2046 3581 quod
2076 3498 2191 3562 melius

537 3601 703 3685 satiusque
738 3600 845 3664 fuerat
878 3599 1103 3665 sacerdotibus
1138 3599 1387 3686 neglegentibus
1424 3621 1489 3663 non
1529 3598 1705 3664 subsistere
1746 3623 1844 3687 quam
1885 3604 2029 3689 acceptis
2071 3603 2191 3668 divinis

537 3706 653 3771 officiis
676 3729 736 3793 per
759 3705 932 3793 reprobam
956 3709 1057 3770 vitam
1081 3729 1248 3793 pravaque
1273 3706 1424 3793 exempla
1447 3706 1507 3788 his,
1539 3706 1657 3792 quibus
1685 3707 1840 3794 prodesse
1868 3708 2060 3792 debuerunt,
2092 3711 2190 3774 offen-

489 3805 491 3810 ¹
537 3812 678 3878 diculum
702 3813 882 3900 iniquitatis
906 3823 939 3877 ct
960 3813 1111 3900 laqueum
1135 3823 1313 3899 perpetuae
1338 3813 1578 3900 dampnationis
1602 3815 1752 3879 existere.
2209 3861 2237 3900 ω

645 3938 746 4024 Cap.
773 3938 813 4002 V.
853 3937 917 4001 De
946 3937 1191 4024 periculo,
1224 3937 1345 4024 quod
1375 3937 1721 4002 sacerdotibus
1751 3939 1985 4023 imminet,
2021 3953 2054 4006 et
2083 3941 2190 4030 quod

537 4047 871 4132 uuusquisque
917 4047 962 4108 in
1005 4046 1104 4109 suis
1148 4044 1460 4131 parroechiis
1507 4046 1606 4109 suis
1653 4046 1848 4132 populis
1895 4049 2191 4135 specialiter

537 4153 850 4234 denuntient,
885 4163 932 4216 ut
967 4174 1012 4215 se
1048 4153 1303 4236 corrigant
1338 4162 1381 4215 et
1415 4150 1469 4215 ad
1503 4152 1646 4216 Deum
1681 4175 1734 4217 ex
1769 4165 1869 4218 toto
1904 4154 2046 4220 corde
2082 4179 2189 4222 cou-

537 4271 733 4325 vertant
774 4271 818 4323 et
860 4281 940 4345 pro
982 4257 1225 4344 periculis
1266 4260 1436 4322 merito
1478 4268 1674 4323 nostrae
1716 4261 2008 4348 iniquitatis
2043 4263 2190 4327 immi·

538 4365 768 4434 uentibus
799 4388 983 4430 necnon
1018 4377 1062 4430 et
1089 4387 1170 4451 pro
1201 4365 1302 4430 vita
1332 4366 1672 4451 imperatoris,
1708 4369 1934 4453 coniugis
1970 4369 2235 4455 etprolisrs

538 4477 641 4540 eius
683 4473 949 4561 populique
992 4470 1088 4536 sibi
1129 4471 1346 4537 subiecti
1381 4472 1571 4536 Domini
1613 4474 2002 4539 misericordiam
2044 4474 2189 4540 humi·

537 4584 656 4648 liter
691 4590 903 4644 exorent.
951 4579 1129 4644 Statuimus
1152 4580 1226 4665 pari
1249 4589 1325 4643 voto
1349 4580 1485 4666 parique
1517 4602 1688 4661 consensu,
1720 4587 1776 4645 ut*
1799 4582 2022 4670 unusquisque
2045 4595 2190 4648 nostrum

539 4690 634 4754 dietis
659 4699 691 4752 et
714 4686 873 4772 exemplis
897 4684 1010 4773 plebes
1034 4686 1246 4772 parroechiae
1271 4709 1348 4751 suae
1373 4685 1537 4751 adtentius
1554 4686 1596 4750 ad
1611 4686 1746 4751 meliora
1761 4688 1898 4753 incitare
1915 4688 2044 4754 studeat
2058 4712 2189 4777 easque,

538 4807 573 4862 ut
601 4819 636 4861 se
660 4794 796 4860 amalis
828 4792 1001 4858 cohibeant
1032 4802 1064 4857 et
1093 4792 1136 4857 ad
1159 4792 1269 4857 Deum
1300 4816 1342 4857 ex
1373 4805 1439 4857 toto
1471 4792 1569 4858 eorde
1600 4803 1802 4876 convertant,
1834 4795 1969 4860 sollicite
2001 4796 2188 4878 admoneat,

538 4904 723 4990 Deumque,
757 4923 854 4988 quem
887 4899 1055 4986 peccando
1089 4898 1151 4963 sibi
1184 4900 1303 4964 iratum
1335 4900 1490 4984 fecerant,
1525 4900 1625 4986 digna
1656 4903 1875 4987 paenitentiae
1908 4903 2128 4968 satisfactione
2159 4915 2190 4969 et
2208 4929 2236 4968 ro

539 5009 788 5074 elemosinarum
822 5006 994 5092 largitione
1025 5005 1089 5070 sibi
1119 5005 1315 5093 placabilem
1346 5007 1454 5071 facere
1485 5017 1637 5094 satagant
1665 5031 1794 5073 necnon
1825 5021 1858 5074 et
1880 5032 1939 5095 pro
1962 5010 2031 5074 vita
2052 5011 2190 5097 piissimi

539 5117 678 5203 Deoque
702 5113 851 5180 amabilis
866 5113 1053 5178 Hludowici
1068 5115 1285 5199 imperatoris,
1310 5115 1458 5199 coniugis
1481 5115 1647 5201 prolisque
1671 5117 1741 5180 eius
1761 5115 1980 5181 incolomitate
1997 5116 2189 5203 imperiique

647 5318 716 5367 1111.
745 5316 925 5367 demandare
945 5314 972 5363 V.
1028 5308 1281 5379 9infatigabiliter]
1302 5313 1532 5380 investigabiliter
1550 5313 1581 5364 P.
1645 5317 1824 5367 minuerem
1843 5315 1874 5367 P.
1944 5319 1976 5366 18
1996 5317 2094 5367 abruta
2113 5316 2140 5366 1⁷.
2160 5316 2190 5370 P.

540 5409 574 5458 26
593 5405 729 5457 tolerabili
750 5413 777 5456 et
795 5406 894 5456 inferni
914 5404 941 5454 Γ.
1014 5405 1048 5454 28
1068 5397 1217 5467 satiusque]
1236 5403 1407 5467 satiatusque
1427 5402 1458 5452 P.

647 5495 677 5543 V.
708 5497 741 5544 35
760 5496 979 5559 imperatoris-
992 5487 1062 5557 eius]
1081 5493 1117 5542 ita
1134 5492 1247 5552 correri5
1265 5493 1410 5557 coniugum
1429 5491 1505 5557 prole
1525 5499 1605 5543 erunt
1624 5492 1651 5555 V,
1670 5493 1761 5544 derum
1778 5492 1809 5544 P.
1887 5496 1921 5545 38
1941 5511 2043 5560 easque
2056 5490 2191 5559 —malisl
2209 5502 2237 5541 aa

539 5585 577 5634 ita
593 5583 660 5642 aaa,
678 5583 768 5634 aaut
788 5584 813 5633 l'.
834 5582 865 5633 P.
937 5586 968 5632 41
991 5580 1205 5647 elemosynarum
1226 5580 1257 5631 P.

652 5764 680 5833 1)
707 5764 863 5841 Gregorius
888 5762 941 5834 Ma,
966 5763 1078 5840 Regula
1095 5762 1256 5838 pastoralis
1278 5762 1299 5818 Ι
1317 5765 1396 5831 c.2,·
1427 5761 1501 5838 Opp.
1525 5763 1612 5834 ΙΙ,4.
1728 5762 1758 5834 2)
1783 5762 1902 5822 Iliam.
2016 5765 2048 5835 3)
2072 5765 2189 5823 laidas.

543 5873 573 5942 4)
599 5871 648 5944 Cf.
673 5871 771 5928 relatio
795 5871 986 5946 miscoporara
1010 5890 1034 5927 c.
1051 5875 1110 5938 a),-
1133 5871 1152 5925 l.
1170 5871 1188 5925 l.
1212 5868 1253 5939 ΙΙ,
1271 5872 1320 5928 35.
