4884 6717
271 517 483 573 APPENDIX.
509 517 539 572 9.
556 516 661 573 ACTA
677 517 820 574 SPURIA
836 519 890 573 ΑΙ)
908 516 1127 576 CONOILIUM
1143 517 1424 575 caulslacanse
1441 518 1686 575 SPECTAN'IIA
1703 520 1739 575 Α.
1754 519 1829 576 838.
1861 514 1928 577 849

269 726 438 769 removere
467 727 575 790 neque
605 704 734 791 singula
763 713 950 786 retractare,
982 705 1060 791 qnia
1088 705 1209 770 scimus
1239 714 1272 770 te
1303 706 1461 771 canonice
1491 718 1524 770 et
1554 704 1682 792 legibus
1713 717 1927 772 memoratum

268 812 501 876 monasterinm
531 810 653 876 habere
684 812 901 898 conquisitum
929 822 961 876 et
985 811 1215 876 evindicatum.
1264 810 1331 878 Sed
1360 811 1402 876 de
1432 813 1502 876 istis
1533 813 1711 895 monacbis,
1743 815 1799 900 qni
1830 812 1927 878 modo

269 940 304 982 se
327 917 509 982 reclamant
524 920 646 983 eiectos
663 940 735 983 esse
759 916 800 982 de
824 941 935 983 eorum
959 919 1165 999 monasterio,
1190 918 1278 1005 quod
1295 918 1432 983 domnus
1452 920 1628 1006 imperator
1644 919 1738 984 nobis
1762 921 1926 1006 inquirere

268 1025 417 1112 precepit
445 1025 542 1090 modo
572 1024 735 1111 agendum
760 1025 835 1090 est’.
882 1024 949 1090 Sed
978 1037 1150 1113 postquam
1180 1036 1419 1112 perscrutatum
1452 1038 1502 1090 est
1527 1027 1726 1114 prescriptos
1749 1027 1927 1092 monaches

236 1131 387 1199 anullius
418 1132 577 1197 eiectioue
608 1155 669 1198 nac
700 1133 810 1220 aliqua
839 1131 1021 1218 indigentia
1044 1155 1105 1197 nec
1129 1131 1226 1218 culpa
1249 1144 1306 1197 aut
1329 1132 1416 1197 facto
1440 1132 1600 1219 praedicti
1624 1130 1751 1197 Aldriei
1780 1134 1926 1221 episcopi

268 1239 376 1303 exisse
400 1236 443 1304 ab
467 1261 578 1304 eorum
601 1240 809 1322 monasterio,
838 1239 896 1304 sed
920 1238 1150 1310 eorumlibitu
1173 1250 1206 1303 et
1230 1241 1429 1304 contumatia
1450 1239 1513 1304 boc
1536 1261 1592 1304 eos
1612 1251 1818 1326 perpetrasse
1843 1251 1875 1304 et
1891 1253 1926 1304 ut

267 1346 332 1410 iam
357 1346 480 1411 dictum
503 1346 735 1411 monasterium
759 1346 906 1433 predicto
931 1346 1085 1432 episcopo
1109 1346 1276 1410 auferrent
1299 1358 1332 1411 et
1355 1369 1375 1410 a
1398 1347 1467 1411 iure
1492 1369 1550 1411 sue
1567 1346 1654 1411 sedis
1670 1346 1829 1412 ecclesiae
1846 1370 1924 1434 quo·

268 1475 332 1539 quo
362 1453 458 1518 modo
489 1454 672 1540 potuissent
701 1452 929 1517 subtraherent
958 1452 1011 1517 vel
1043 1452 1225 1517 alienarent
1257 1452 1385 1541 sibique
1416 1452 1654 1536 evindicarent,
1682 1465 1759 1519 tunc
1783 1455 1829 1519 eis
1853 1476 1925 1542 pre·

268 1570 397 1647 ceptum
421 1570 480 1643 est,
505 1571 541 1624 ut
563 1571 805 1624 reverterentur
827 1559 870 1624 ad
893 1582 1005 1648 eorum
1035 1561 1278 1641 monasterium,
1310 1582 1374 1647 qno
1397 1561 1675 1643 renuntiaverunt,
1706 1559 1818 1649 ibique
1845 1562 1923 1626 ieiu-

223 1692 250 1733 ιο
267 1667 329 1731 niis
354 1679 387 1732 et
410 1664 611 1731 orationibus
634 1667 820 1731 insisterent
847 1677 880 1730 et
903 1666 1046 1731 Domino
1071 1666 1264 1752 regulariter
1294 1667 1479 1732 militarent.
1526 1666 1579 1732 Illi
1602 1690 1682 1733 vero
1705 1679 1839 1734 econtra
1861 1680 1923 1734 sto·

265 1772 448 1839 machando
471 1773 710 1860 responderunt
733 1784 831 1861 atquc
854 1773 931 1838 illuc
954 1774 1076 1837 reverti
1106 1772 1193 1838 nolle
1225 1773 1387 1840 dixerunt.
1434 1763 1534 1839 Tunc⁴
1552 1775 1702 1840 videntes
1732 1797 1925 1840 aesomnes

266 1882 413 1968 episcopi
438 1889 470 1945 et
493 1880 609 1967 reliqui
633 1879 820 1945 sacerdotes
843 1889 932 1944 tante
957 1879 1097 1944 stulticie
1129 1902 1200 1945 esse
1232 1881 1265 1945 et
1294 1880 1402 1945 taliter
1425 1881 1544 1947 domno
1569 1882 1756 1968 imperatori
1780 1894 1813 1945 et
1836 1882 1924 1946 omni

266 1999 378 2053 sancte
402 1987 527 2074 synodo
552 1999 650 2074 atque
666 2009 779 2052 eorum
801 1987 933 2073 proprio
950 1988 1104 2074 episcopo
1124 1986 1350 2052 inobedientes
1367 1989 1508 2053 existere
1524 2010 1701 2074 eorumque
1726 1986 1925 2054 iussionibus

266 2106 299 2159 et
321 2096 384 2182 piis
409 2116 448 2159 ac
471 2095 564 2159 iustis
589 2094 732 2159 consiliis
755 2095 917 2176 resistere,
942 2105 1181 2181 praeceperunt
1205 2095 1321 2159 afferre
1344 2094 1491 2180 regulam
1516 2097 1621 2159 sancti
1639 2095 1810 2160 Benedicti
1835 2107 1867 2159 et
1890 2096 1924 2159 in

221 2226 247 2266 rs
266 2214 443 2289 conspectu
467 2203 610 2266 omnium
635 2202 813 2266 sententias
837 2202 907 2265 eius
931 2200 1051 2287 legere,
1077 2200 1193 2288 quibus
1217 2202 1252 2265 in
1276 2200 1426 2266 omnibus
1455 2201 1693 2289 repugnabant,
1724 2215 1757 2267 et
1783 2201 1826 2266 ad
1849 2202 1922 2267 nlti-

264 2332 353 2375 mam
376 2307 419 2373 de
442 2307 631 2373 humilitatis
655 2306 834 2394 gradibus¹
857 2308 1051 2372 sententiam
1075 2307 1184 2394 legere
1207 2309 1381 2390 iusserunt,
1406 2307 1583 2396 dequibus
1607 2310 1655 2373 eis
1671 2308 1793 2374 nullum
1810 2320 1922 2372 tenere

265 2419 372 2480 visum
406 2426 466 2496 est,
497 2413 555 2479 sed
585 2415 690 2501 magis
713 2415 853 2502 propriis
882 2413 1104 2479 voluntatibus
1135 2415 1294 2480 inservire
1326 2427 1358 2480 et
1385 2438 1496 2481 eorum
1520 2414 1624 2480 libitui
1650 2416 1798 2480 insistere
1823 2438 1921 2502 quam

266 2522 388 2609 regule.
436 2522 530 2587 Tunc
563 2521 808 2587 considerantes
839 2520 1002 2602 dixerunt,
1039 2523 1192 2608 qnoniam
1222 2545 1272 2604 ea,
1304 2546 1367 2609 que
1397 2521 1463 2588 leni
1493 2534 1526 2588 et
1556 2522 1676 2588 blando
1704 2521 1921 2588 medicamine

266 2630 375 2695 sanari
395 2652 459 2694 non
479 2641 625 2716 possunt,
649 2629 735 2693 ferro
751 2626 901 2693 abscindi
918 2650 1052 2692 neeesse
1073 2639 1132 2710 est,
1156 2641 1189 2693 et
1208 2641 1449 2717 praeceperunt
1464 2630 1580 2694 afferre
1598 2651 1750 2710 canones,
1767 2651 1785 2693 e
1801 2627 1922 2715 quibus

220 2765 248 2804 so
266 2737 299 2800 in
327 2737 514 2824 praesentia
543 2737 685 2801 omnium
714 2736 747 2800 in
771 2735 919 2822 plenaria
943 2734 1068 2821 synodo
1098 2734 1222 2800 relecta
1252 2748 1302 2800 est
1330 2737 1490 2801 sententia
1520 2735 1650 2801 concilii
1675 2734 1922 2800 Calcidonensis

266 2843 307 2908 de
337 2843 479 2925 clericis,
515 2843 572 2929 qni
605 2853 761 2930 praesunt
796 2841 934 2929 ptochiis
969 2841 1021 2906 vel
1056 2843 1272 2924 monasteriis,
1308 2843 1484 2930 capitulum
1509 2843 1600 2908 VIII.
1638 2843 1807 2908 continens
1841 2843 1920 2908 bec:

266 2956 396 3030 Clerici²,
425 2960 472 3031 qui
499 2958 696 3031 praeficiuntur
729 2959 756 3014 in
787 2959 904 3030 ptochiis
927 2959 971 3014 vel
999 2959 1046 3030 qui
1070 2959 1230 3014 ordinantur
1252 2959 1280 3014 in
1302 2960 1473 3015 monasteriis
1496 2968 1524 3015 et
1545 2960 1667 3015 basilicis
1688 2965 1849 3030 martyrum,
1871 2959 1922 3014 sub

266 3068 467 3139 episcoporum,
491 3067 537 3138 qui
560 3067 588 3121 in
610 3083 776 3137 unaquaque
800 3067 912 3122 civitate
936 3073 1007 3134 sunt,
1031 3067 1179 3121 secundum
1202 3073 1357 3121 sanctorum
1386 3074 1494 3137 patrum
1517 3067 1677 3121 traditiones
1699 3073 1838 3137 potestate
1859 3083 1921 3137 per·

264 3181 395 3229 maneant
423 3192 514 3246 neque
545 3192 595 3245 per
626 3174 822 3227 contumatiam
851 3173 887 3228 ab
914 3173 1042 3244 episcopo
1066 3191 1115 3228 sne
1139 3173 1282 3228 dissiliant.
1328 3172 1383 3238 Qui
1405 3190 1472 3228 vero
1495 3175 1597 3228 audent
1621 3181 1744 3228 evertere
1768 3171 1922 3228 huiusmodi

220 3297 248 3337 ss
265 3282 380 3336 formam
404 3297 579 3352 quocumque
595 3281 676 3334 modo
699 3297 750 3335 nec
766 3280 877 3350 proprio
892 3280 1061 3335 subiciantur
1076 3281 1217 3351 episcopo,
1240 3280 1262 3334 si
1278 3281 1389 3351 quidem
1412 3279 1504 3334 clerici
1529 3287 1600 3347 sunt,
1622 3296 1757 3334 canonum
1773 3280 1921 3349 correptio·

264 3388 344 3443 nibus
366 3388 559 3457 subiacebunt,
582 3388 603 3442 ai
627 3405 692 3442 vero
717 3386 781 3442 laici
804 3386 850 3442 vel
872 3387 999 3441 monachi
1021 3388 1131 3456 fuerint,
1153 3387 1343 3442 communione
1366 3387 1514 3457 priventur.
1553 3375 1704 3440 Perlecta
1726 3388 1835 3441 autem
1859 3376 1922 3441 hac

266 3485 428 3550 sententia
450 3487 567 3549 iterum
590 3484 782 3570 interrogati
805 3493 890 3565 sunt,
915 3485 942 3547 si
958 3483 1065 3548 adhuc
1082 3494 1191 3548 essent
1214 3484 1261 3547 ita
1283 3481 1508 3548 inobedientes
1532 3484 1616 3549 sicut
1634 3483 1733 3569 prius.
1774 3481 1827 3547 llli
1843 3504 1921 3548 vero

264 3593 298 3655 in
322 3591 437 3656 eadem
461 3593 636 3678 pertinatia
660 3601 889 3678 permanentes
913 3601 989 3655 tunc
1009 3590 1130 3655 iudicio
1147 3591 1291 3655 omnium
1308 3590 1535 3676 episcoporum
1559 3599 1591 3654 et
1606 3587 1801 3653 universalis
1817 3590 1921 3654 sancti

266 3699 396 3764 concilii
428 3698 608 3764 secundum
637 3698 721 3763 banc
745 3699 939 3762 sententiam
963 3695 1005 3761 ab
1030 3695 1180 3761 carnibus
1204 3696 1367 3784 episeopis
1398 3707 1430 3761 et
1457 3696 1591 3784 reliquis
1615 3694 1840 3761 sacerdotibus
1865 3718 1920 3761 ex·

220 3832 248 3873 so
266 3805 348 3872 clusi
378 3818 454 3872 sunt
484 3805 526 3872 ab
557 3807 644 3871 omni
675 3803 870 3869 sacerdotali
901 3803 1050 3889 catalogo
1081 3815 1114 3868 et
1142 3804 1368 3869 communione
1393 3815 1425 3868 et
1448 3815 1605 3884 extorres,
1630 3804 1657 3867 si
1681 3801 1921 3868 inrevocabiles

265 3914 485 4001 persisterent,
509 3913 711 3979 acatholica
735 3911 876 3976 ecclesia
899 3909 976 3975 facti
1001 3923 1082 3975 sunt.
1131 3911 1225 3976 Tunc
1256 3933 1334 3996 ergo
1365 3909 1407 3974 ab
1432 3909 1581 3975 omnibus
1604 3910 1769 3997 episcopis
1793 3920 1825 3974 et
1848 3909 1920 3974 reli·

265 4022 338 4109 quis
361 4021 427 4086 Dei
450 4022 554 4086 servis
578 4020 647 4085 sive
672 4043 692 4084 a
714 4017 861 4105 generali
884 4029 1047 4083 conventu
1070 4017 1247 4082 iudicatum
1267 4027 1326 4099 est,
1350 4028 1386 4082 ut
1409 4019 1569 4105 reciperet
1584 4017 1751 4103 praefatus
1767 4016 1921 4081 Aldricus

265 4129 438 4215 episcopus
462 4151 537 4194 suos
560 4126 737 4192 monachos
761 4136 794 4190 et
816 4125 940 4190 faceret
963 4147 1005 4188 ex
1029 4125 1076 4188 eis
1100 4122 1257 4210 quicquid
1281 4125 1311 4188 ei
1336 4122 1464 4188 libitum
1486 4123 1602 4206 fnerit3
1627 4135 1660 4187 et
1682 4123 1784 4210 aliqui
1808 4124 1838 4188 ei
1861 4146 1922 4210 per

264 4257 379 4299 manus
403 4257 423 4300 a
446 4246 558 4299 sancto
583 4231 721 4299 concilio
741 4231 861 4297 redditi
884 4242 967 4297 sunt.
1006 4231 1051 4295 Et
1074 4230 1252 4296 iudicatum
1276 4243 1326 4295 est
1349 4231 1379 4295 ei
1403 4229 1445 4295 ab
1469 4232 1624 4295 universa
1646 4241 1761 4296 sancta
1783 4229 1920 4317 synodo,

219 4364 246 4406 rs
265 4341 353 4428 qnod
376 4340 503 4426 legibus
527 4340 746 4405 evindicatam
771 4336 913 4403 habebat
935 4360 1027 4402 suam
1044 4360 1176 4402 causam
1201 4348 1234 4402 et
1252 4338 1413 4424 prefatum
1430 4338 1662 4402 monasterium
1679 4360 1753 4403 cnm
1770 4336 1921 4403 omnibns

265 4448 307 4514 ad
331 4470 366 4513 se
389 4446 626 4534 pertinentibus
649 4446 805 4510 canonice
829 4456 863 4508 et
885 4443 1012 4530 legibus
1036 4446 1254 4532 conquisitum
1278 4455 1310 4509 et
1326 4443 1484 4509 ecelesiae
1508 4443 1570 4509 sibi
1588 4446 1780 4510 commissae
1804 4444 1921 4508 futuris

263 4553 465 4642 temporibus
489 4554 620 4638 suisque
644 4550 887 4616 successoribus
910 4551 1070 4617 lucratum
1094 4564 1126 4617 et
1149 4550 1306 4639 quicquid
1331 4550 1406 4616 inde
1431 4551 1654 4616 eeclesiastico
1674 4551 1787 4616 ordine
1810 4551 1920 4616 facere

264 4673 297 4726 et
313 4661 485 4748 disponere
497 4659 641 4724 Domino
657 4669 821 4723 annuente
837 4657 1020 4724 decreverit
1035 4658 1173 4724 liberam
1189 4658 1222 4722 in
1237 4656 1387 4723 omnibus
1404 4656 1525 4723 lrabeat
1540 4670 1734 4745 potestatem
1746 4657 1920 4722 facientia

263 4767 391 4834 Idcirco
422 4789 557 4832 necesse
587 4765 658 4848 fuit,
689 4776 724 4829 ut
751 4765 918 4853 praefatus
941 4767 1113 4852 episcopus
1136 4777 1170 4830 et
1192 4765 1330 4829 ministri
1355 4787 1413 4828 sue
1437 4764 1524 4829 sedis
1548 4765 1686 4829 ecclesie
1711 4764 1772 4829 boc
1796 4763 1921 4828 evindi-

218 4897 247 4938 ω
264 4888 372 4941 catum
395 4874 449 4939 vel
472 4874 557 4938 banc
580 4874 734 4938 noticiam
751 4872 886 4937 consilio
911 4883 944 4936 et
958 4871 1079 4936 iudicio
1096 4873 1240 4937 omniurn
1264 4871 1306 4936 ad
1322 4871 1524 4958 praedictam
1541 4870 1701 4958 synodum
1724 4871 1920 4935 convenien-

371 5131 574 5181 tireverterent
590 5146 611 5180 e.
676 5130 707 5180 l'l
728 5126 807 5178 libitu
825 5144 846 5177 c.
909 5129 944 5177 20
962 5124 1067 5191 planari
1085 5143 1106 5176 c.
1166 5128 1200 5177 28
1221 5125 1369 5176 universali
1388 5143 1409 5176 c.
1472 5127 1506 5175 80
1525 5123 1666 5190 cartalogo
1684 5143 1705 5173 c.
1761 5132 1881 5175 exterres
1899 5141 1922 5175 c.

264 5219 298 5269 85
317 5218 502 5271 evindicatum
520 5236 541 5270 c.

375 5453 404 5522 1)
438 5452 487 5526 Cs.
519 5454 618 5530 rapula
640 5453 749 5511 Bened.
774 5472 797 5509 c.
823 5455 859 5522 7,-
889 5451 932 5507 ed.
961 5449 1107 5526 Woelfflin
1133 5469 1163 5525 p.
1187 5451 1236 5508 17.
1351 5448 1382 5518 2)
1416 5447 1521 5507 Concil.
1548 5447 1681 5507 Clalced.
1706 5468 1730 5504 c.
1755 5452 1792 5516 8,·
1824 5445 1925 5504 Mauri

271 5559 425 5630 V11,375.
540 5560 570 5628 3)
605 5559 655 5617 Ex
677 5557 779 5617 iudicio
801 5557 904 5633 synodi
926 5556 1127 5614 Veneriensis
1150 5558 1177 5614 d.
1202 5558 1232 5614 d.
1256 5559 1317 5617 863
1342 5555 1402 5614 Oct.
1427 5559 1469 5614 29
1492 5549 1607 5629 (Horret,
1640 5553 1801 5618 ‘Questr'oar
1827 5554 1922 5610 Me're·

218 5685 247 5725 so
264 5668 440 5745 viapr'canes’
465 5667 519 5732 IV,
538 5669 578 5725 96
600 5690 641 5712 =
669 5665 871 5740 ‘Biblietlr'eqae
901 5664 935 5720 de
966 5663 1065 5720 l’teole
1095 5664 1143 5720 dra
1173 5664 1298 5721 clrartes'
1324 5661 1470 5732 XLVIII,
1490 5657 1565 5736 246)
1595 5670 1720 5738 apparet
1742 5661 1921 5717 Adaiardum

266 5775 398 5845 comitem,
423 5772 586 5830 Hludotricr'
599 5772 779 5847 inperatoris
797 5780 971 5828 secretorum
994 5771 1135 5826 conscium
1159 5753 1188 5827 et
1211 5771 1415 5837 administrum,
1441 5777 1567 5825 testatam
1592 5787 1651 5824 esse
1673 5768 1764 5840 ipsum
1783 5775 1922 5824 monaste·

265 5883 334 5937 riam
360 5923 367 5937 .
393 5923 400 5937 .
426 5922 433 5938 .
457 5880 593 5936 llaldrico
616 5898 672 5936 non
695 5879 892 5946 restitutionis,
916 5879 968 5933 sed
991 5877 1124 5933 beneficii
1148 5879 1207 5932 iure
1233 5878 1376 5949 largitum.

319 5997 475 6039 anconem·
488 5995 519 6039 11.
1658 5995 1706 6045 107
