<?xml version="1.0" encoding="UTF-8"?>
<!DOCTYPE html PUBLIC "-//W3C//DTD XHTML 1.0 Transitional//EN"
    "http://www.w3.org/TR/xhtml1/DTD/xhtml1-transitional.dtd">
<html xmlns="http://www.w3.org/1999/xhtml" xml:lang="en" lang="en">
 <head>
  <title>
</title>
<meta http-equiv="Content-Type" content="text/html;charset=utf-8" />
  <meta name='ocr-system' content='tesseract 3.04.00' />
  <meta name='ocr-capabilities' content='ocr_page ocr_carea ocr_par ocr_line ocrx_word'/>
</head>
<body>
  <div class='ocr_page' id='page_1' title='image "./monumentagerman02gescgoog/monumentagerman02gescgoog_0387.png"; bbox 0 0 4884 6717; ppageno 0'>
   <div class='ocr_carea' id='block_1_1' title="bbox 674 502 1902 577">
    <p class='ocr_par' dir='ltr' id='par_1_1' title="bbox 674 502 1902 577">
     <span class='ocr_line' id='line_1_1' title="bbox 674 502 1902 577; baseline -0.003 -8"><span class='ocrx_word' id='word_1_1' title='bbox 674 513 726 569; x_wconf 87' lang='grc'><em>61.</em></span> <span class='ocrx_word' id='word_1_2' title='bbox 762 511 980 569; x_wconf 83' lang='lat' dir='ltr'><em>CONCILIUM</em></span> <span class='ocrx_word' id='word_1_3' title='bbox 1002 510 1324 567; x_wconf 76' lang='lat' dir='ltr'><em>Iuauffluffluusu</em></span> <span class='ocrx_word' id='word_1_4' title='bbox 1348 511 1385 566; x_wconf 84' lang='grc' dir='ltr'><em>Α.</em></span> <span class='ocrx_word' id='word_1_5' title='bbox 1406 508 1481 565; x_wconf 81' lang='grc'><strong>840.</strong></span> <span class='ocrx_word' id='word_1_6' title='bbox 1839 502 1902 577; x_wconf 71' lang='grc'><em>799</em></span> 
     </span>
    </p>
   </div>
   <div class='ocr_carea' id='block_1_2' title="bbox 206 695 2081 4416">
    <p class='ocr_par' dir='ltr' id='par_1_2' title="bbox 206 695 2081 4416">
     <span class='ocr_line' id='line_1_2' title="bbox 252 695 2073 788; baseline -0.004 -19"><span class='ocrx_word' id='word_1_7' title='bbox 252 704 351 769; x_wconf 88' lang='lat' dir='ltr'><em>hendi</em></span> <span class='ocrx_word' id='word_1_8' title='bbox 382 703 543 788; x_wconf 86' lang='lat' dir='ltr'><em>contagia,</em></span> <span class='ocrx_word' id='word_1_9' title='bbox 574 700 718 766; x_wconf 85' lang='lat' dir='ltr'><em>divinam</em></span> <span class='ocrx_word' id='word_1_10' title='bbox 748 700 951 764; x_wconf 87' lang='lat' dir='ltr'><em>maiestatem</em></span> <span class='ocrx_word' id='word_1_11' title='bbox 980 699 1158 787; x_wconf 76' lang='lat' dir='ltr'><strong>inplorans,</strong></span> <span class='ocrx_word' id='word_1_12' title='bbox 1188 708 1225 762; x_wconf 91' lang='lat' dir='ltr'><em>ut</em></span> <span class='ocrx_word' id='word_1_13' title='bbox 1253 706 1354 783; x_wconf 90' lang='lat' dir='ltr'><em>ponat</em></span> <span class='ocrx_word' id='word_1_14' title='bbox 1384 695 1468 761; x_wconf 89' lang='lat' dir='ltr'><em>ultra</em></span> <span class='ocrx_word' id='word_1_15' title='bbox 1498 696 1672 761; x_wconf 71' lang='lat' dir='ltr'><em>custodiam</em></span> <span class='ocrx_word' id='word_1_16' title='bbox 1702 698 1756 761; x_wconf 87' lang='lat' dir='ltr'><em>ori</em></span> <span class='ocrx_word' id='word_1_17' title='bbox 1781 721 1848 762; x_wconf 90' lang='lat' dir='ltr'><em>meo</em></span> <span class='ocrx_word' id='word_1_18' title='bbox 1876 711 1905 762; x_wconf 89' lang='lat' dir='ltr'><em>ct</em></span> <span class='ocrx_word' id='word_1_19' title='bbox 1921 720 2073 772; x_wconf 57' lang='lat' dir='ltr'><em>aarum«.</em></span> 
     </span>
     <span class='ocr_line' id='line_1_3' title="bbox 251 801 1903 889; baseline -0.005 -13"><span class='ocrx_word' id='word_1_20' title='bbox 251 815 364 876; x_wconf 86' lang='lat' dir='ltr'><em>ostium</em></span> <span class='ocrx_word' id='word_1_21' title='bbox 387 811 641 875; x_wconf 74' lang='lat' dir='ltr'><em>circumstantiae</em></span> <span class='ocrx_word' id='word_1_22' title='bbox 664 809 761 872; x_wconf 68' lang='lat' dir='ltr'><em>mlius</em></span> <span class='ocrx_word' id='word_1_23' title='bbox 783 810 872 889; x_wconf 75' lang='lat' dir='ltr'><em>mess,</em></span> <span class='ocrx_word' id='word_1_24' title='bbox 895 833 933 873; x_wconf 88' lang='lat' dir='ltr'><em>ae</em></span> <span class='ocrx_word' id='word_1_25' title='bbox 957 807 1091 872; x_wconf 78' lang='lat' dir='ltr'><em>declinet</em></span> <span class='ocrx_word' id='word_1_26' title='bbox 1113 830 1167 870; x_wconf 90' lang='lat' dir='ltr'><em>cor</em></span> <span class='ocrx_word' id='word_1_27' title='bbox 1188 829 1289 869; x_wconf 88' lang='lat' dir='ltr'><em>meum</em></span> <span class='ocrx_word' id='word_1_28' title='bbox 1314 807 1348 868; x_wconf 87' lang='lat' dir='ltr'><em>in</em></span> <span class='ocrx_word' id='word_1_29' title='bbox 1373 804 1466 868; x_wconf 84' lang='lat' dir='ltr'><em>uerbo</em></span> <span class='ocrx_word' id='word_1_30' title='bbox 1482 804 1631 868; x_wconf 78' lang='lat' dir='ltr'><em>maliciae</em></span> <span class='ocrx_word' id='word_1_31' title='bbox 1647 801 1693 867; x_wconf 86' lang='lat' dir='ltr'><em>od</em></span> <span class='ocrx_word' id='word_1_32' title='bbox 1706 804 1903 869; x_wconf 71' lang='lat' dir='ltr'><em>maenadas</em></span> 
     </span>
     <span class='ocr_line' id='line_1_4' title="bbox 252 906 2033 1003; baseline -0.004 -20"><span class='ocrx_word' id='word_1_33' title='bbox 252 920 465 983; x_wconf 64' lang='lat' dir='ltr'><em>accusationes</em></span> <span class='ocrx_word' id='word_1_34' title='bbox 494 919 528 982; x_wconf 85' lang='lat' dir='ltr'><em>in</em></span> <span class='ocrx_word' id='word_1_35' title='bbox 551 917 704 1003; x_wconf 75' lang='lat' dir='ltr'><em>peccatis,</em></span> <span class='ocrx_word' id='word_1_36' title='bbox 734 912 793 978; x_wconf 84' lang='lat' dir='ltr'><em>sed</em></span> <span class='ocrx_word' id='word_1_37' title='bbox 823 917 980 1002; x_wconf 84' lang='lat' dir='ltr'><em>corripiat</em></span> <span class='ocrx_word' id='word_1_38' title='bbox 1008 939 1055 979; x_wconf 87' lang='lat' dir='ltr'><em>me</em></span> <span class='ocrx_word' id='word_1_39' title='bbox 1086 916 1185 978; x_wconf 77' lang='lat' dir='ltr'><em>iustsss</em></span> <span class='ocrx_word' id='word_1_40' title='bbox 1214 935 1337 997; x_wconf 84' lang='lat' dir='ltr'><em>semper</em></span> <span class='ocrx_word' id='word_1_41' title='bbox 1367 913 1400 974; x_wconf 87' lang='lat' dir='ltr'><em>in</em></span> <span class='ocrx_word' id='word_1_42' title='bbox 1428 909 1660 975; x_wconf 86' lang='lat' dir='ltr'><em>misericordia.</em></span> <span class='ocrx_word' id='word_1_43' title='bbox 1709 906 2033 985; x_wconf 80' lang='lat' dir='ltr'><em>Cumenimtu.1so,t.</em></span> 
     </span>
     <span class='ocr_line' id='line_1_5' title="bbox 252 1014 1903 1106; baseline -0.005 -18"><span class='ocrx_word' id='word_1_44' title='bbox 252 1047 313 1088; x_wconf 89' lang='lat' dir='ltr'><em>nec</em></span> <span class='ocrx_word' id='word_1_45' title='bbox 343 1025 462 1088; x_wconf 91' lang='lat' dir='ltr'><em>iustum</em></span> <span class='ocrx_word' id='word_1_46' title='bbox 492 1022 555 1085; x_wconf 89' lang='lat' dir='ltr'><em>uisi</em></span> <span class='ocrx_word' id='word_1_47' title='bbox 590 1022 623 1085; x_wconf 91' lang='lat' dir='ltr'><em>iu</em></span> <span class='ocrx_word' id='word_1_48' title='bbox 658 1019 883 1085; x_wconf 82' lang='lat' dir='ltr'><em>misericordia</em></span> <span class='ocrx_word' id='word_1_49' title='bbox 912 1022 1075 1106; x_wconf 85' lang='lat' dir='ltr'><em>corripere</em></span> <span class='ocrx_word' id='word_1_50' title='bbox 1107 1019 1183 1083; x_wconf 89' lang='lat' dir='ltr'><em>sinit</em></span> <span class='ocrx_word' id='word_1_51' title='bbox 1217 1016 1330 1082; x_wconf 86' lang='lat' dir='ltr'><em>divina</em></span> <span class='ocrx_word' id='word_1_52' title='bbox 1364 1017 1518 1103; x_wconf 89' lang='lat' dir='ltr'><em>potentia,</em></span> <span class='ocrx_word' id='word_1_53' title='bbox 1554 1014 1715 1102; x_wconf 90' lang='lat' dir='ltr'><em>quomodo</em></span> <span class='ocrx_word' id='word_1_54' title='bbox 1750 1027 1903 1102; x_wconf 87' lang='lat' dir='ltr'><em>peccator</em></span> 
     </span>
     <span class='ocr_line' id='line_1_6' title="bbox 218 1121 1900 1218; baseline -0.005 -23"><span class='ocrx_word' id='word_1_55' title='bbox 218 1142 457 1218; x_wconf 71' lang='lat' dir='ltr'><em>speccatorem</em></span> <span class='ocrx_word' id='word_1_56' title='bbox 474 1129 629 1193; x_wconf 88' lang='lat' dir='ltr'><em>damnare</em></span> <span class='ocrx_word' id='word_1_57' title='bbox 646 1127 734 1192; x_wconf 89' lang='lat' dir='ltr'><em>licite</em></span> <span class='ocrx_word' id='word_1_58' title='bbox 750 1128 870 1213; x_wconf 89' lang='lat' dir='ltr'><em>poterit</em></span> <span class='ocrx_word' id='word_1_59' title='bbox 893 1126 1005 1190; x_wconf 87' lang='lat' dir='ltr'><em>divina</em></span> <span class='ocrx_word' id='word_1_60' title='bbox 1028 1126 1097 1190; x_wconf 91' lang='lat' dir='ltr'><em>sine</em></span> <span class='ocrx_word' id='word_1_61' title='bbox 1120 1122 1292 1189; x_wconf 82' lang='lat' dir='ltr'><em>vindicta?</em></span> <span class='ocrx_word' id='word_1_62' title='bbox 1326 1124 1510 1188; x_wconf 88' lang='lat' dir='ltr'><em>Dominus¹</em></span> <span class='ocrx_word' id='word_1_63' title='bbox 1530 1123 1642 1209; x_wconf 87' lang='lat' dir='ltr'><em>utique</em></span> <span class='ocrx_word' id='word_1_64' title='bbox 1666 1121 1900 1188; x_wconf 82' lang='lat' dir='ltr'><em>dominantium</em></span> 
     </span>
     <span class='ocr_line' id='line_1_7' title="bbox 252 1228 2065 1321; baseline -0.004 -18"><span class='ocrx_word' id='word_1_65' title='bbox 252 1238 457 1303; x_wconf 82' lang='lat' dir='ltr'><em>meretricem</em></span> <span class='ocrx_word' id='word_1_66' title='bbox 475 1233 636 1321; x_wconf 77' lang='lat' dir='ltr'><em>legalibus</em></span> <span class='ocrx_word' id='word_1_67' title='bbox 658 1235 773 1321; x_wconf 91' lang='lat' dir='ltr'><em>poenis</em></span> <span class='ocrx_word' id='word_1_68' title='bbox 797 1232 929 1319; x_wconf 90' lang='lat' dir='ltr'><em>dignam</em></span> <span class='ocrx_word' id='word_1_69' title='bbox 952 1233 1081 1297; x_wconf 91' lang='lat' dir='ltr'><em>nonnisi</em></span> <span class='ocrx_word' id='word_1_70' title='bbox 1099 1233 1167 1296; x_wconf 90' lang='lat' dir='ltr'><em>sine</em></span> <span class='ocrx_word' id='word_1_71' title='bbox 1184 1241 1320 1318; x_wconf 88' lang='lat' dir='ltr'><em>peceato</em></span> <span class='ocrx_word' id='word_1_72' title='bbox 1338 1252 1534 1316; x_wconf 91' lang='lat' dir='ltr'><em>quemquam</em></span> <span class='ocrx_word' id='word_1_73' title='bbox 1551 1228 1706 1293; x_wconf 90' lang='lat' dir='ltr'><em>damnare</em></span> <span class='ocrx_word' id='word_1_74' title='bbox 1722 1228 1901 1316; x_wconf 87' lang='lat' dir='ltr'><em>adquievit,</em></span> <span class='ocrx_word' id='word_1_75' title='bbox 1921 1255 1950 1297; x_wconf 78' lang='lat' dir='ltr'><em>a.</em></span> <span class='ocrx_word' id='word_1_76' title='bbox 1958 1254 2007 1295; x_wconf 71' lang='lat' dir='ltr'><em>rou.</em></span> <span class='ocrx_word' id='word_1_77' title='bbox 2014 1255 2036 1306; x_wconf 86' lang='lat' dir='ltr'><em>s,</em></span> <span class='ocrx_word' id='word_1_78' title='bbox 2045 1256 2065 1295; x_wconf 83' lang='lat' dir='ltr'><em>r.</em></span> 
     </span>
     <span class='ocr_line' id='line_1_8' title="bbox 252 1334 2071 1432; baseline -0.004 -23"><span class='ocrx_word' id='word_1_79' title='bbox 252 1367 316 1432; x_wconf 91' lang='lat' dir='ltr'><em>quo</em></span> <span class='ocrx_word' id='word_1_80' title='bbox 339 1345 469 1430; x_wconf 88' lang='lat' dir='ltr'><em>pietatis</em></span> <span class='ocrx_word' id='word_1_81' title='bbox 493 1341 643 1429; x_wconf 86' lang='lat' dir='ltr'><em>exemplo</em></span> <span class='ocrx_word' id='word_1_82' title='bbox 667 1351 887 1428; x_wconf 84' lang='lat' dir='ltr'><em>conpunctum</em></span> <span class='ocrx_word' id='word_1_83' title='bbox 910 1339 1008 1405; x_wconf 86' lang='lat' dir='ltr'><em>eorde</em></span> <span class='ocrx_word' id='word_1_84' title='bbox 1025 1362 1089 1403; x_wconf 88' lang='lat' dir='ltr'><em>uon</em></span> <span class='ocrx_word' id='word_1_85' title='bbox 1105 1337 1311 1418; x_wconf 86' lang='lat' dir='ltr'><em>mortificare,</em></span> <span class='ocrx_word' id='word_1_86' title='bbox 1336 1335 1395 1400; x_wconf 89' lang='lat' dir='ltr'><em>sed</em></span> <span class='ocrx_word' id='word_1_87' title='bbox 1410 1334 1668 1400; x_wconf 90' lang='lat' dir='ltr'><em>misericordiam</em></span> <span class='ocrx_word' id='word_1_88' title='bbox 1683 1336 1788 1421; x_wconf 89' lang='lat' dir='ltr'><em>magis</em></span> <span class='ocrx_word' id='word_1_89' title='bbox 1805 1358 1902 1423; x_wconf 89' lang='lat' dir='ltr'><em>quam</em></span> <span class='ocrx_word' id='word_1_90' title='bbox 1921 1361 2071 1414; x_wconf 71' lang='lat' dir='ltr'><em>mamas.</em></span> 
     </span>
     <span class='ocr_line' id='line_1_9' title="bbox 252 1443 2055 1553; baseline -0.008 -37"><span class='ocrx_word' id='word_1_91' title='bbox 252 1451 447 1516; x_wconf 86' lang='lat' dir='ltr'><em>sacrificium</em></span> <span class='ocrx_word' id='word_1_92' title='bbox 472 1472 506 1515; x_wconf 90' lang='lat' dir='ltr'><em>se</em></span> <span class='ocrx_word' id='word_1_93' title='bbox 530 1448 614 1513; x_wconf 91' lang='lat' dir='ltr'><em>velle</em></span> <span class='ocrx_word' id='word_1_94' title='bbox 637 1447 838 1513; x_wconf 82' lang='lat' dir='ltr'><em>monstravit</em></span> <span class='ocrx_word' id='word_1_95' title='bbox 885 1444 1104 1510; x_wconf 88' lang='lat' dir='ltr'><em>Publicanum</em></span> <span class='ocrx_word' id='word_1_96' title='bbox 1127 1443 1289 1530; x_wconf 89' lang='lat' dir='ltr'><em>siquidem</em></span> <span class='ocrx_word' id='word_1_97' title='bbox 1314 1465 1348 1508; x_wconf 91' lang='lat' dir='ltr'><em>se</em></span> <span class='ocrx_word' id='word_1_98' title='bbox 1372 1444 1478 1529; x_wconf 89' lang='lat' dir='ltr'><em>ipsum</em></span> <span class='ocrx_word' id='word_1_99' title='bbox 1502 1451 1712 1507; x_wconf 81' lang='lat' dir='ltr'><em>accusantem</em></span> <span class='ocrx_word' id='word_1_100' title='bbox 1737 1466 1804 1507; x_wconf 89' lang='lat' dir='ltr'><em>non</em></span> <span class='ocrx_word' id='word_1_101' title='bbox 1827 1465 1902 1508; x_wconf 88' lang='lat' dir='ltr'><em>cou—</em></span> <span class='ocrx_word' id='word_1_102' title='bbox 1921 1451 2012 1553; x_wconf 46' lang='lat' dir='ltr'><em>elffii</em></span> <span class='ocrx_word' id='word_1_103' title='bbox 2022 1450 2055 1501; x_wconf 73' lang='lat'><em>1⁸,</em></span> 
     </span>
     <span class='ocr_line' id='line_1_10' title="bbox 254 1531 2034 1642; baseline -0.002 -21"><span class='ocrx_word' id='word_1_104' title='bbox 254 1557 430 1637; x_wconf 83' lang='lat' dir='ltr'><em>damnavit,</em></span> <span class='ocrx_word' id='word_1_105' title='bbox 455 1555 513 1620; x_wconf 90' lang='lat' dir='ltr'><em>sed</em></span> <span class='ocrx_word' id='word_1_106' title='bbox 536 1556 641 1642; x_wconf 89' lang='lat' dir='ltr'><em>magis</em></span> <span class='ocrx_word' id='word_1_107' title='bbox 665 1553 855 1619; x_wconf 89' lang='lat' dir='ltr'><em>iustificavit</em></span> <span class='ocrx_word' id='word_1_108' title='bbox 878 1575 939 1617; x_wconf 92' lang='lat' dir='ltr'><em>nec</em></span> <span class='ocrx_word' id='word_1_109' title='bbox 964 1553 1135 1639; x_wconf 81' lang='lat' dir='ltr'><em>oppressit,</em></span> <span class='ocrx_word' id='word_1_110' title='bbox 1159 1550 1219 1615; x_wconf 90' lang='lat' dir='ltr'><em>sed</em></span> <span class='ocrx_word' id='word_1_111' title='bbox 1242 1549 1368 1631; x_wconf 83' lang='lat' dir='ltr'><em>extulit,</em></span> <span class='ocrx_word' id='word_1_112' title='bbox 1393 1572 1467 1613; x_wconf 89' lang='lat' dir='ltr'><em>cum</em></span> <span class='ocrx_word' id='word_1_113' title='bbox 1490 1571 1556 1613; x_wconf 92' lang='lat' dir='ltr'><em>uon</em></span> <span class='ocrx_word' id='word_1_114' title='bbox 1579 1548 1679 1613; x_wconf 83' lang='lat' dir='ltr'><em>dixit:</em></span> <span class='ocrx_word' id='word_1_115' title='bbox 1707 1549 1773 1628; x_wconf 78' lang='lat' dir='ltr'><em>Qui</em></span> <span class='ocrx_word' id='word_1_116' title='bbox 1791 1576 1824 1616; x_wconf 90' lang='lat' dir='ltr'><em>se</em></span> <span class='ocrx_word' id='word_1_117' title='bbox 1847 1552 1903 1616; x_wconf 83' lang='lat' dir='ltr'><em>lu·</em></span> <span class='ocrx_word' id='word_1_118' title='bbox 1922 1531 2034 1625; x_wconf 69' lang='lat' dir='ltr'><em>amri.</em></span> 
     </span>
     <span class='ocr_line' id='line_1_11' title="bbox 210 1655 1902 1744; baseline -0.007 -12"><span class='ocrx_word' id='word_1_119' title='bbox 210 1695 236 1734; x_wconf 79' lang='grc' dir='ltr'><em>ιο</em></span> <span class='ocrx_word' id='word_1_120' title='bbox 253 1666 360 1729; x_wconf 87' lang='lat' dir='ltr'><em>miliat</em></span> <span class='ocrx_word' id='word_1_121' title='bbox 389 1661 671 1744; x_wconf 87' lang='lat' dir='ltr'><em>condemnabitur,</em></span> <span class='ocrx_word' id='word_1_122' title='bbox 702 1659 761 1724; x_wconf 89' lang='lat' dir='ltr'><em>sed</em></span> <span class='ocrx_word' id='word_1_123' title='bbox 789 1661 988 1726; x_wconf 72' lang='lat' dir='ltr'><em>exaltabitur.</em></span> <span class='ocrx_word' id='word_1_124' title='bbox 1036 1658 1240 1723; x_wconf 80' lang='lat' dir='ltr'><em>Semi&#39;vivum</em></span> <span class='ocrx_word' id='word_1_125' title='bbox 1270 1655 1418 1720; x_wconf 90' lang='lat' dir='ltr'><em>similiter</em></span> <span class='ocrx_word' id='word_1_126' title='bbox 1446 1665 1644 1743; x_wconf 88' lang='lat' dir='ltr'><em>prostratum</em></span> <span class='ocrx_word' id='word_1_127' title='bbox 1673 1678 1739 1720; x_wconf 89' lang='lat' dir='ltr'><em>non</em></span> <span class='ocrx_word' id='word_1_128' title='bbox 1768 1658 1902 1744; x_wconf 87' lang='lat' dir='ltr'><em>respuit,</em></span> 
     </span>
     <span class='ocr_line' id='line_1_12' title="bbox 254 1760 1903 1857; baseline -0.004 -23"><span class='ocrx_word' id='word_1_129' title='bbox 254 1769 312 1835; x_wconf 88' lang='lat' dir='ltr'><em>sed</em></span> <span class='ocrx_word' id='word_1_130' title='bbox 334 1769 574 1857; x_wconf 87' lang='lat' dir='ltr'><em>procurandum</em></span> <span class='ocrx_word' id='word_1_131' title='bbox 604 1769 725 1832; x_wconf 89' lang='lat' dir='ltr'><em>sanctis</em></span> <span class='ocrx_word' id='word_1_132' title='bbox 756 1764 941 1831; x_wconf 87' lang='lat' dir='ltr'><em>stabulariis</em></span> <span class='ocrx_word' id='word_1_133' title='bbox 974 1764 1098 1851; x_wconf 90' lang='lat' dir='ltr'><em>ligandi</em></span> <span class='ocrx_word' id='word_1_134' title='bbox 1130 1763 1343 1849; x_wconf 81' lang='lat' dir='ltr'><em>solvendique</em></span> <span class='ocrx_word' id='word_1_135' title='bbox 1374 1772 1568 1849; x_wconf 87' lang='lat' dir='ltr'><em>potestatem</em></span> <span class='ocrx_word' id='word_1_136' title='bbox 1598 1760 1794 1826; x_wconf 87' lang='lat' dir='ltr'><em>habentibus</em></span> <span class='ocrx_word' id='word_1_137' title='bbox 1817 1785 1903 1828; x_wconf 91' lang='lat' dir='ltr'><em>com-</em></span> 
     </span>
     <span class='ocr_line' id='line_1_13' title="bbox 254 1869 1903 1963; baseline -0.004 -22"><span class='ocrx_word' id='word_1_138' title='bbox 254 1878 342 1941; x_wconf 90' lang='lat' dir='ltr'><em>misit</em></span> <span class='ocrx_word' id='word_1_139' title='bbox 364 1888 397 1941; x_wconf 91' lang='lat' dir='ltr'><em>et</em></span> <span class='ocrx_word' id='word_1_140' title='bbox 420 1899 518 1963; x_wconf 90' lang='lat' dir='ltr'><em>super</em></span> <span class='ocrx_word' id='word_1_141' title='bbox 541 1875 653 1939; x_wconf 87' lang='lat' dir='ltr'><em>divina</em></span> <span class='ocrx_word' id='word_1_142' title='bbox 676 1884 812 1960; x_wconf 85' lang='lat' dir='ltr'><em>accepta</em></span> <span class='ocrx_word' id='word_1_143' title='bbox 836 1872 1043 1937; x_wconf 89' lang='lat' dir='ltr'><em>denariorum</em></span> <span class='ocrx_word' id='word_1_144' title='bbox 1066 1869 1243 1957; x_wconf 88' lang='lat' dir='ltr'><em>reparandi</em></span> <span class='ocrx_word' id='word_1_145' title='bbox 1265 1890 1400 1934; x_wconf 89' lang='lat' dir='ltr'><em>munera</em></span> <span class='ocrx_word' id='word_1_146' title='bbox 1423 1869 1649 1956; x_wconf 88' lang='lat' dir='ltr'><em>compassione</em></span> <span class='ocrx_word' id='word_1_147' title='bbox 1672 1871 1805 1956; x_wconf 91' lang='lat' dir='ltr'><em>propria</em></span> <span class='ocrx_word' id='word_1_148' title='bbox 1828 1892 1903 1935; x_wconf 90' lang='lat' dir='ltr'><em>oon-</em></span> 
     </span>
     <span class='ocr_line' id='line_1_14' title="bbox 255 1976 2034 2070; baseline -0.002 -22"><span class='ocrx_word' id='word_1_149' title='bbox 255 1983 365 2048; x_wconf 90' lang='lat' dir='ltr'><em>dolere</em></span> <span class='ocrx_word' id='word_1_150' title='bbox 385 2006 444 2070; x_wconf 91' lang='lat' dir='ltr'><em>pro</em></span> <span class='ocrx_word' id='word_1_151' title='bbox 461 1993 612 2047; x_wconf 88' lang='lat' dir='ltr'><em>aeternae</em></span> <span class='ocrx_word' id='word_1_152' title='bbox 631 1979 792 2046; x_wconf 88' lang='lat' dir='ltr'><em>mercedis</em></span> <span class='ocrx_word' id='word_1_153' title='bbox 807 1979 897 2044; x_wconf 88' lang='lat' dir='ltr'><em>lucro</em></span> <span class='ocrx_word' id='word_1_154' title='bbox 915 1979 1113 2044; x_wconf 87' lang='lat' dir='ltr'><em>commonuit</em></span> <span class='ocrx_word' id='word_1_155' title='bbox 1128 1976 1258 2041; x_wconf 85' lang='lat' dir='ltr'><em>dicens:</em></span> <span class='ocrx_word' id='word_1_156' title='bbox 1285 1976 1507 2063; x_wconf 79' lang='lat' dir='ltr'><em>Quodcumque</em></span> <span class='ocrx_word' id='word_1_157' title='bbox 1529 1979 1814 2064; x_wconf 80' lang='lat' dir='ltr'><em>supereropaneris,</em></span> <span class='ocrx_word' id='word_1_158' title='bbox 1838 2003 1903 2066; x_wconf 79' lang='lat' dir='ltr'><em>epo,</em></span> <span class='ocrx_word' id='word_1_159' title='bbox 1922 2003 2034 2054; x_wconf 60' lang='lat' dir='ltr'><em>araas.</em></span> 
     </span>
     <span class='ocr_line' id='line_1_15' title="bbox 255 2081 1904 2172; baseline -0.004 -16"><span class='ocrx_word' id='word_1_160' title='bbox 255 2117 324 2156; x_wconf 78' lang='lat' dir='ltr'><em>cunr</em></span> <span class='ocrx_word' id='word_1_161' title='bbox 342 2091 478 2171; x_wconf 81' lang='lat' dir='ltr'><em>rediero,</em></span> <span class='ocrx_word' id='word_1_162' title='bbox 502 2090 635 2154; x_wconf 85' lang='lat' dir='ltr'><em>reddam</em></span> <span class='ocrx_word' id='word_1_163' title='bbox 658 2090 724 2153; x_wconf 84' lang='lat' dir='ltr'><em>tili.</em></span> <span class='ocrx_word' id='word_1_164' title='bbox 750 2087 908 2150; x_wconf 86' lang='lat' dir='ltr'><em>Davitica</em></span> <span class='ocrx_word' id='word_1_165' title='bbox 923 2086 1043 2172; x_wconf 89' lang='lat' dir='ltr'><em>quippe</em></span> <span class='ocrx_word' id='word_1_166' title='bbox 1060 2084 1256 2170; x_wconf 89' lang='lat' dir='ltr'><em>conpunctio</em></span> <span class='ocrx_word' id='word_1_167' title='bbox 1272 2093 1500 2147; x_wconf 88' lang='lat' dir='ltr'><em>momentanea</em></span> <span class='ocrx_word' id='word_1_168' title='bbox 1515 2104 1579 2145; x_wconf 91' lang='lat' dir='ltr'><em>non</em></span> <span class='ocrx_word' id='word_1_169' title='bbox 1595 2081 1821 2166; x_wconf 88' lang='lat' dir='ltr'><em>deiectionem,</em></span> <span class='ocrx_word' id='word_1_170' title='bbox 1846 2085 1904 2149; x_wconf 90' lang='lat' dir='ltr'><em>sed</em></span> 
     </span>
     <span class='ocr_line' id='line_1_16' title="bbox 206 2189 2080 2283; baseline -0.004 -19"><span class='ocrx_word' id='word_1_171' title='bbox 206 2227 232 2266; x_wconf 80' lang='lat' dir='ltr'><em>a</em></span> <span class='ocrx_word' id='word_1_172' title='bbox 254 2197 535 2283; x_wconf 87' lang='lat' dir='ltr'><em>recuperationem</em></span> <span class='ocrx_word' id='word_1_173' title='bbox 564 2196 692 2260; x_wconf 89' lang='lat' dir='ltr'><em>meruit.</em></span> <span class='ocrx_word' id='word_1_174' title='bbox 740 2194 853 2259; x_wconf 88' lang='lat' dir='ltr'><em>Sancti</em></span> <span class='ocrx_word' id='word_1_175' title='bbox 877 2214 1005 2279; x_wconf 90' lang='lat' dir='ltr'><em>quoqne</em></span> <span class='ocrx_word' id='word_1_176' title='bbox 1032 2189 1180 2279; x_wconf 90' lang='lat' dir='ltr'><em>apostoli,</em></span> <span class='ocrx_word' id='word_1_177' title='bbox 1212 2189 1253 2253; x_wconf 93' lang='lat' dir='ltr'><em>de</em></span> <span class='ocrx_word' id='word_1_178' title='bbox 1283 2189 1443 2275; x_wconf 90' lang='lat' dir='ltr'><em>promissa</em></span> <span class='ocrx_word' id='word_1_179' title='bbox 1473 2211 1512 2253; x_wconf 90' lang='lat' dir='ltr'><em>ac</em></span> <span class='ocrx_word' id='word_1_180' title='bbox 1535 2189 1671 2253; x_wconf 87' lang='lat' dir='ltr'><em>mentita</em></span> <span class='ocrx_word' id='word_1_181' title='bbox 1693 2190 1727 2253; x_wconf 89' lang='lat' dir='ltr'><em>in</em></span> <span class='ocrx_word' id='word_1_182' title='bbox 1750 2192 1903 2276; x_wconf 89' lang='lat' dir='ltr'><em>passione</em></span> <span class='ocrx_word' id='word_1_183' title='bbox 1921 2206 2080 2258; x_wconf 56' lang='lat' dir='ltr'><em>ausuum.</em></span> 
     </span>
     <span class='ocr_line' id='line_1_17' title="bbox 250 2260 2081 2391; baseline -0.004 -23"><span class='ocrx_word' id='word_1_184' title='bbox 250 2304 505 2391; x_wconf 88' lang='lat' dir='ltr'><em>perseverantia,</em></span> <span class='ocrx_word' id='word_1_185' title='bbox 536 2313 610 2389; x_wconf 88' lang='lat' dir='ltr'><em>post</em></span> <span class='ocrx_word' id='word_1_186' title='bbox 638 2301 909 2366; x_wconf 87' lang='lat' dir='ltr'><em>resurrectionem</em></span> <span class='ocrx_word' id='word_1_187' title='bbox 932 2321 1012 2363; x_wconf 79' lang='lat' dir='ltr'><em>vero</em></span> <span class='ocrx_word' id='word_1_188' title='bbox 1043 2298 1084 2363; x_wconf 92' lang='lat' dir='ltr'><em>de</em></span> <span class='ocrx_word' id='word_1_189' title='bbox 1108 2297 1244 2363; x_wconf 88' lang='lat' dir='ltr'><em>stultitia</em></span> <span class='ocrx_word' id='word_1_190' title='bbox 1268 2307 1301 2361; x_wconf 89' lang='lat' dir='ltr'><em>et</em></span> <span class='ocrx_word' id='word_1_191' title='bbox 1323 2294 1551 2360; x_wconf 89' lang='lat' dir='ltr'><em>incredulitate</em></span> <span class='ocrx_word' id='word_1_192' title='bbox 1574 2294 1628 2359; x_wconf 79' lang='lat' dir='ltr'><em>vel</em></span> <span class='ocrx_word' id='word_1_193' title='bbox 1652 2295 1759 2361; x_wconf 90' lang='lat' dir='ltr'><em>cordis</em></span> <span class='ocrx_word' id='word_1_194' title='bbox 1783 2296 1903 2362; x_wconf 92' lang='lat' dir='ltr'><em>duritia</em></span> <span class='ocrx_word' id='word_1_195' title='bbox 1921 2260 2081 2311; x_wconf 42' lang='lat' dir='ltr'><em>”mmm</em></span> 
     </span>
     <span class='ocr_line' id='line_1_18' title="bbox 249 2401 1903 2497; baseline -0.004 -22"><span class='ocrx_word' id='word_1_196' title='bbox 249 2411 421 2497; x_wconf 88' lang='lat' dir='ltr'><em>increpati,</em></span> <span class='ocrx_word' id='word_1_197' title='bbox 448 2410 538 2474; x_wconf 89' lang='lat' dir='ltr'><em>Petri</em></span> <span class='ocrx_word' id='word_1_198' title='bbox 562 2410 659 2473; x_wconf 88' lang='lat' dir='ltr'><em>etiam</em></span> <span class='ocrx_word' id='word_1_199' title='bbox 683 2408 813 2494; x_wconf 90' lang='lat' dir='ltr'><em>negatio</em></span> <span class='ocrx_word' id='word_1_200' title='bbox 838 2408 1031 2471; x_wconf 86' lang='lat' dir='ltr'><em>contritione</em></span> <span class='ocrx_word' id='word_1_201' title='bbox 1055 2405 1162 2470; x_wconf 89' lang='lat' dir='ltr'><em>cordis</em></span> <span class='ocrx_word' id='word_1_202' title='bbox 1186 2415 1326 2491; x_wconf 91' lang='lat' dir='ltr'><em>purgata</em></span> <span class='ocrx_word' id='word_1_203' title='bbox 1347 2424 1554 2489; x_wconf 87' lang='lat' dir='ltr'><em>nequaquam</em></span> <span class='ocrx_word' id='word_1_204' title='bbox 1578 2401 1758 2485; x_wconf 86' lang='lat' dir='ltr'><em>damnatos,</em></span> <span class='ocrx_word' id='word_1_205' title='bbox 1788 2425 1903 2469; x_wconf 88' lang='lat' dir='ltr'><em>verum</em></span> 
     </span>
     <span class='ocr_line' id='line_1_19' title="bbox 251 2507 1901 2603; baseline -0.004 -21"><span class='ocrx_word' id='word_1_206' title='bbox 251 2518 348 2582; x_wconf 87' lang='lat' dir='ltr'><em>etiam</em></span> <span class='ocrx_word' id='word_1_207' title='bbox 373 2527 536 2581; x_wconf 90' lang='lat' dir='ltr'><em>correctos</em></span> <span class='ocrx_word' id='word_1_208' title='bbox 559 2516 768 2603; x_wconf 90' lang='lat' dir='ltr'><em>pristinisque</em></span> <span class='ocrx_word' id='word_1_209' title='bbox 800 2511 1013 2599; x_wconf 85' lang='lat' dir='ltr'><em>dignitatibus</em></span> <span class='ocrx_word' id='word_1_210' title='bbox 1044 2513 1207 2577; x_wconf 90' lang='lat' dir='ltr'><em>restitutos</em></span> <span class='ocrx_word' id='word_1_211' title='bbox 1237 2533 1304 2575; x_wconf 92' lang='lat' dir='ltr'><em>uon</em></span> <span class='ocrx_word' id='word_1_212' title='bbox 1334 2509 1437 2573; x_wconf 91' lang='lat' dir='ltr'><em>solum</em></span> <span class='ocrx_word' id='word_1_213' title='bbox 1462 2507 1616 2590; x_wconf 83' lang='lat' dir='ltr'><em>celebrat,</em></span> <span class='ocrx_word' id='word_1_214' title='bbox 1647 2509 1707 2574; x_wconf 89' lang='lat' dir='ltr'><em>sed</em></span> <span class='ocrx_word' id='word_1_215' title='bbox 1729 2511 1836 2596; x_wconf 89' lang='lat' dir='ltr'><em>potius</em></span> <span class='ocrx_word' id='word_1_216' title='bbox 1860 2510 1901 2576; x_wconf 91' lang='lat' dir='ltr'><em>de</em></span> 
     </span>
     <span class='ocr_line' id='line_1_20' title="bbox 250 2614 1901 2710; baseline -0.003 -22"><span class='ocrx_word' id='word_1_217' title='bbox 250 2625 455 2710; x_wconf 86' lang='lat' dir='ltr'><em>reparatione</em></span> <span class='ocrx_word' id='word_1_218' title='bbox 478 2623 642 2710; x_wconf 89' lang='lat' dir='ltr'><em>lapsorum</em></span> <span class='ocrx_word' id='word_1_219' title='bbox 666 2620 823 2685; x_wconf 90' lang='lat' dir='ltr'><em>imitando</em></span> <span class='ocrx_word' id='word_1_220' title='bbox 846 2619 1004 2706; x_wconf 89' lang='lat' dir='ltr'><em>gloriatur</em></span> <span class='ocrx_word' id='word_1_221' title='bbox 1026 2618 1149 2705; x_wconf 91' lang='lat' dir='ltr'><em>ubique</em></span> <span class='ocrx_word' id='word_1_222' title='bbox 1172 2618 1288 2704; x_wconf 89' lang='lat' dir='ltr'><em>gavisa</em></span> <span class='ocrx_word' id='word_1_223' title='bbox 1310 2626 1424 2680; x_wconf 87' lang='lat' dir='ltr'><em>sancta</em></span> <span class='ocrx_word' id='word_1_224' title='bbox 1447 2615 1512 2679; x_wconf 91' lang='lat' dir='ltr'><em>Dei</em></span> <span class='ocrx_word' id='word_1_225' title='bbox 1535 2614 1706 2679; x_wconf 89' lang='lat' dir='ltr'><em>aecclesia.</em></span> <span class='ocrx_word' id='word_1_226' title='bbox 1741 2614 1901 2682; x_wconf 85' lang='lat' dir='ltr'><em>Moderna</em></span> 
     </span>
     <span class='ocr_line' id='line_1_21' title="bbox 206 2722 1900 2818; baseline -0.005 -21"><span class='ocrx_word' id='word_1_227' title='bbox 206 2731 403 2818; x_wconf 78' lang='lat' dir='ltr'><em>nequidem</em></span> <span class='ocrx_word' id='word_1_228' title='bbox 436 2730 627 2794; x_wconf 89' lang='lat' dir='ltr'><em>auctoritate</em></span> <span class='ocrx_word' id='word_1_229' title='bbox 656 2727 800 2815; x_wconf 88' lang='lat' dir='ltr'><em>palatina</em></span> <span class='ocrx_word' id='word_1_230' title='bbox 830 2726 988 2814; x_wconf 90' lang='lat' dir='ltr'><em>compulsi</em></span> <span class='ocrx_word' id='word_1_231' title='bbox 1012 2727 1046 2789; x_wconf 89' lang='lat' dir='ltr'><em>in</em></span> <span class='ocrx_word' id='word_1_232' title='bbox 1070 2725 1227 2811; x_wconf 88' lang='lat' dir='ltr'><em>angustiis</em></span> <span class='ocrx_word' id='word_1_233' title='bbox 1251 2722 1293 2787; x_wconf 93' lang='lat' dir='ltr'><em>ad</em></span> <span class='ocrx_word' id='word_1_234' title='bbox 1315 2722 1532 2786; x_wconf 90' lang='lat' dir='ltr'><em>monasticum</em></span> <span class='ocrx_word' id='word_1_235' title='bbox 1554 2723 1730 2808; x_wconf 89' lang='lat' dir='ltr'><em>penitentis</em></span> <span class='ocrx_word' id='word_1_236' title='bbox 1753 2722 1900 2789; x_wconf 89' lang='lat' dir='ltr'><em>habitum</em></span> 
     </span>
     <span class='ocr_line' id='line_1_22' title="bbox 251 2828 1901 2924; baseline -0.004 -22"><span class='ocrx_word' id='word_1_237' title='bbox 251 2838 419 2924; x_wconf 88' lang='lat' dir='ltr'><em>utriusque</em></span> <span class='ocrx_word' id='word_1_238' title='bbox 450 2859 548 2901; x_wconf 84' lang='lat' dir='ltr'><em>sexus</em></span> <span class='ocrx_word' id='word_1_239' title='bbox 578 2834 654 2900; x_wconf 88' lang='lat' dir='ltr'><em>laici</em></span> <span class='ocrx_word' id='word_1_240' title='bbox 683 2837 826 2921; x_wconf 89' lang='lat' dir='ltr'><em>itemque</em></span> <span class='ocrx_word' id='word_1_241' title='bbox 856 2856 938 2922; x_wconf 87' lang='lat' dir='ltr'><em>pace</em></span> <span class='ocrx_word' id='word_1_242' title='bbox 962 2832 1090 2897; x_wconf 87' lang='lat' dir='ltr'><em>reddita</em></span> <span class='ocrx_word' id='word_1_243' title='bbox 1112 2830 1236 2895; x_wconf 86' lang='lat' dir='ltr'><em>redisse</em></span> <span class='ocrx_word' id='word_1_244' title='bbox 1267 2829 1309 2894; x_wconf 92' lang='lat' dir='ltr'><em>ad</em></span> <span class='ocrx_word' id='word_1_245' title='bbox 1340 2839 1457 2894; x_wconf 88' lang='lat' dir='ltr'><em>statum</em></span> <span class='ocrx_word' id='word_1_246' title='bbox 1481 2828 1582 2894; x_wconf 90' lang='lat' dir='ltr'><em>seculi</em></span> <span class='ocrx_word' id='word_1_247' title='bbox 1604 2830 1776 2916; x_wconf 89' lang='lat' dir='ltr'><em>pristinum</em></span> <span class='ocrx_word' id='word_1_248' title='bbox 1798 2832 1901 2895; x_wconf 88' lang='lat' dir='ltr'><em>mani·</em></span> 
     </span>
     <span class='ocr_line' id='line_1_23' title="bbox 252 2935 1900 3030; baseline -0.004 -22"><span class='ocrx_word' id='word_1_249' title='bbox 252 2944 370 3008; x_wconf 92' lang='lat' dir='ltr'><em>festum</em></span> <span class='ocrx_word' id='word_1_250' title='bbox 394 2953 459 3025; x_wconf 84' lang='lat' dir='ltr'><em>est3</em></span> <span class='ocrx_word' id='word_1_251' title='bbox 484 2964 548 3030; x_wconf 92' lang='lat' dir='ltr'><em>quo</em></span> <span class='ocrx_word' id='word_1_252' title='bbox 573 2942 670 3006; x_wconf 89' lang='lat' dir='ltr'><em>etiam</em></span> <span class='ocrx_word' id='word_1_253' title='bbox 694 2941 757 3005; x_wconf 91' lang='lat' dir='ltr'><em>ritu</em></span> <span class='ocrx_word' id='word_1_254' title='bbox 772 2940 895 3005; x_wconf 90' lang='lat' dir='ltr'><em>nullum</em></span> <span class='ocrx_word' id='word_1_255' title='bbox 910 2941 1017 3004; x_wconf 88' lang='lat' dir='ltr'><em>inesse</em></span> <span class='ocrx_word' id='word_1_256' title='bbox 1041 2937 1185 3003; x_wconf 85' lang='lat' dir='ltr'><em>dedecus</em></span> <span class='ocrx_word' id='word_1_257' title='bbox 1208 2947 1345 3018; x_wconf 89' lang='lat' dir='ltr'><em>constat,</em></span> <span class='ocrx_word' id='word_1_258' title='bbox 1370 2937 1398 3001; x_wconf 91' lang='lat' dir='ltr'><em>si</em></span> <span class='ocrx_word' id='word_1_259' title='bbox 1421 2936 1562 3000; x_wconf 85' lang='lat' dir='ltr'><em>offensus</em></span> <span class='ocrx_word' id='word_1_260' title='bbox 1587 2935 1723 3002; x_wconf 89' lang='lat' dir='ltr'><em>clericus</em></span> <span class='ocrx_word' id='word_1_261' title='bbox 1747 2947 1821 3023; x_wconf 89' lang='lat' dir='ltr'><em>post</em></span> <span class='ocrx_word' id='word_1_262' title='bbox 1843 2937 1900 3002; x_wconf 92' lang='lat' dir='ltr'><em>hu-</em></span> 
     </span>
     <span class='ocr_line' id='line_1_24' title="bbox 253 3045 1342 3130; baseline -0.008 -15"><span class='ocrx_word' id='word_1_263' title='bbox 253 3049 362 3115; x_wconf 89' lang='lat' dir='ltr'><em>milem</em></span> <span class='ocrx_word' id='word_1_264' title='bbox 385 3049 638 3114; x_wconf 87' lang='lat' dir='ltr'><em>satisfactionem</em></span> <span class='ocrx_word' id='word_1_265' title='bbox 661 3070 755 3113; x_wconf 90' lang='lat' dir='ltr'><em>suum</em></span> <span class='ocrx_word' id='word_1_266' title='bbox 779 3045 924 3112; x_wconf 88' lang='lat' dir='ltr'><em>debitum</em></span> <span class='ocrx_word' id='word_1_267' title='bbox 949 3045 1136 3110; x_wconf 84' lang='lat' dir='ltr'><em>clericatum</em></span> <span class='ocrx_word' id='word_1_268' title='bbox 1159 3053 1342 3130; x_wconf 91' lang='lat' dir='ltr'><em>recuperat.</em></span> 
     </span>
     <span class='ocr_line' id='line_1_25' title="bbox 359 3148 1901 3242; baseline -0.003 -21"><span class='ocrx_word' id='word_1_269' title='bbox 359 3156 463 3242; x_wconf 83' lang='lat' dir='ltr'><em>Igitur</em></span> <span class='ocrx_word' id='word_1_270' title='bbox 483 3167 551 3220; x_wconf 87' lang='lat' dir='ltr'><em>tam</em></span> <span class='ocrx_word' id='word_1_271' title='bbox 572 3154 754 3220; x_wconf 88' lang='lat' dir='ltr'><em>manifestis</em></span> <span class='ocrx_word' id='word_1_272' title='bbox 776 3155 854 3219; x_wconf 82' lang='lat' dir='ltr'><em>novi</em></span> <span class='ocrx_word' id='word_1_273' title='bbox 878 3175 916 3218; x_wconf 91' lang='lat' dir='ltr'><em>ac</em></span> <span class='ocrx_word' id='word_1_274' title='bbox 932 3153 1053 3217; x_wconf 79' lang='lat' dir='ltr'><em>veteris</em></span> <span class='ocrx_word' id='word_1_275' title='bbox 1069 3150 1253 3216; x_wconf 87' lang='lat' dir='ltr'><em>testamenti</em></span> <span class='ocrx_word' id='word_1_276' title='bbox 1270 3148 1390 3213; x_wconf 87' lang='lat' dir='ltr'><em>divinis</em></span> <span class='ocrx_word' id='word_1_277' title='bbox 1405 3148 1499 3214; x_wconf 89' lang='lat' dir='ltr'><em>nobis</em></span> <span class='ocrx_word' id='word_1_278' title='bbox 1516 3151 1653 3214; x_wconf 90' lang='lat' dir='ltr'><em>ostensis</em></span> <span class='ocrx_word' id='word_1_279' title='bbox 1669 3149 1901 3216; x_wconf 85' lang='lat' dir='ltr'><em>beneficiorum</em></span> 
     </span>
     <span class='ocr_line' id='line_1_26' title="bbox 208 3255 1901 3350; baseline -0.004 -21"><span class='ocrx_word' id='word_1_280' title='bbox 208 3289 235 3329; x_wconf 84' lang='lat' dir='ltr'><em>ss</em></span> <span class='ocrx_word' id='word_1_281' title='bbox 253 3262 412 3350; x_wconf 83' lang='lat' dir='ltr'><em>exemplis</em></span> <span class='ocrx_word' id='word_1_282' title='bbox 442 3262 484 3327; x_wconf 93' lang='lat' dir='ltr'><em>ad</em></span> <span class='ocrx_word' id='word_1_283' title='bbox 513 3263 577 3327; x_wconf 88' lang='lat' dir='ltr'><em>iam</em></span> <span class='ocrx_word' id='word_1_284' title='bbox 608 3261 729 3327; x_wconf 88' lang='lat' dir='ltr'><em>dictam</em></span> <span class='ocrx_word' id='word_1_285' title='bbox 759 3260 857 3347; x_wconf 85' lang='lat' dir='ltr'><em>vulgo</em></span> <span class='ocrx_word' id='word_1_286' title='bbox 887 3270 998 3324; x_wconf 87' lang='lat' dir='ltr'><em>uotam</em></span> <span class='ocrx_word' id='word_1_287' title='bbox 1021 3257 1277 3322; x_wconf 85' lang='lat' dir='ltr'><em>satisfactionem</em></span> <span class='ocrx_word' id='word_1_288' title='bbox 1299 3255 1454 3321; x_wconf 90' lang='lat' dir='ltr'><em>humilem</em></span> <span class='ocrx_word' id='word_1_289' title='bbox 1477 3279 1529 3321; x_wconf 91' lang='lat' dir='ltr'><em>me</em></span> <span class='ocrx_word' id='word_1_290' title='bbox 1554 3257 1689 3322; x_wconf 79' lang='lat' dir='ltr'><em>devoms</em></span> <span class='ocrx_word' id='word_1_291' title='bbox 1718 3256 1831 3340; x_wconf 82' lang='lat' dir='ltr'><em>obtuII,</em></span> <span class='ocrx_word' id='word_1_292' title='bbox 1862 3280 1901 3323; x_wconf 90' lang='lat' dir='ltr'><em>eo</em></span> 
     </span>
     <span class='ocr_line' id='line_1_27' title="bbox 253 3361 1900 3458; baseline -0.004 -24"><span class='ocrx_word' id='word_1_293' title='bbox 253 3369 341 3458; x_wconf 91' lang='lat' dir='ltr'><em>quod</em></span> <span class='ocrx_word' id='word_1_294' title='bbox 369 3369 649 3456; x_wconf 88' lang='lat' dir='ltr'><em>recuperationem</em></span> <span class='ocrx_word' id='word_1_295' title='bbox 679 3368 784 3454; x_wconf 88' lang='lat' dir='ltr'><em>magis</em></span> <span class='ocrx_word' id='word_1_296' title='bbox 815 3388 914 3454; x_wconf 90' lang='lat' dir='ltr'><em>quam</em></span> <span class='ocrx_word' id='word_1_297' title='bbox 942 3365 1184 3430; x_wconf 88' lang='lat' dir='ltr'><em>damnationem</em></span> <span class='ocrx_word' id='word_1_298' title='bbox 1217 3385 1373 3449; x_wconf 90' lang='lat' dir='ltr'><em>umquam</em></span> <span class='ocrx_word' id='word_1_299' title='bbox 1407 3361 1449 3427; x_wconf 88' lang='lat' dir='ltr'><em>ab</em></span> <span class='ocrx_word' id='word_1_300' title='bbox 1480 3363 1572 3427; x_wconf 88' lang='lat' dir='ltr'><em>initio</em></span> <span class='ocrx_word' id='word_1_301' title='bbox 1607 3385 1737 3450; x_wconf 90' lang='lat' dir='ltr'><em>semper</em></span> <span class='ocrx_word' id='word_1_302' title='bbox 1770 3363 1900 3429; x_wconf 91' lang='lat' dir='ltr'><em>humilis</em></span> 
     </span>
     <span class='ocr_line' id='line_1_28' title="bbox 253 3469 1901 3561; baseline -0.003 -20"><span class='ocrx_word' id='word_1_303' title='bbox 253 3477 370 3541; x_wconf 88' lang='lat' dir='ltr'><em>meruit</em></span> <span class='ocrx_word' id='word_1_304' title='bbox 392 3476 581 3540; x_wconf 88' lang='lat' dir='ltr'><em>satisfactio.</em></span> <span class='ocrx_word' id='word_1_305' title='bbox 616 3475 808 3561; x_wconf 90' lang='lat' dir='ltr'><em>Postquam</em></span> <span class='ocrx_word' id='word_1_306' title='bbox 824 3496 902 3538; x_wconf 89' lang='lat' dir='ltr'><em>vero</em></span> <span class='ocrx_word' id='word_1_307' title='bbox 918 3473 1188 3560; x_wconf 88' lang='lat' dir='ltr'><em>persecutionem,</em></span> <span class='ocrx_word' id='word_1_308' title='bbox 1212 3469 1408 3536; x_wconf 88' lang='lat' dir='ltr'><em>succedente</em></span> <span class='ocrx_word' id='word_1_309' title='bbox 1425 3470 1539 3535; x_wconf 84' lang='lat' dir='ltr'><em>offensi</em></span> <span class='ocrx_word' id='word_1_310' title='bbox 1559 3471 1739 3558; x_wconf 85' lang='lat' dir='ltr'><em>principis²</em></span> <span class='ocrx_word' id='word_1_311' title='bbox 1761 3471 1901 3557; x_wconf 89' lang='lat' dir='ltr'><em>glorioso</em></span> 
     </span>
     <span class='ocr_line' id='line_1_29' title="bbox 253 3577 1900 3661; baseline -0.002 -14"><span class='ocrx_word' id='word_1_312' title='bbox 253 3582 373 3647; x_wconf 90' lang='lat' dir='ltr'><em>herede</em></span> <span class='ocrx_word' id='word_1_313' title='bbox 393 3582 564 3647; x_wconf 90' lang='lat' dir='ltr'><em>Hlothario</em></span> <span class='ocrx_word' id='word_1_314' title='bbox 581 3579 734 3661; x_wconf 85' lang='lat' dir='ltr'><em>Caesare,</em></span> <span class='ocrx_word' id='word_1_315' title='bbox 757 3603 834 3646; x_wconf 86' lang='lat' dir='ltr'><em>mox</em></span> <span class='ocrx_word' id='word_1_316' title='bbox 857 3579 937 3645; x_wconf 91' lang='lat' dir='ltr'><em>mihi</em></span> <span class='ocrx_word' id='word_1_317' title='bbox 959 3578 1203 3644; x_wconf 87' lang='lat' dir='ltr'><em>aecclesiastica</em></span> <span class='ocrx_word' id='word_1_318' title='bbox 1226 3578 1375 3642; x_wconf 87' lang='lat' dir='ltr'><em>restituta</em></span> <span class='ocrx_word' id='word_1_319' title='bbox 1397 3586 1447 3641; x_wconf 91' lang='lat' dir='ltr'><em>est</em></span> <span class='ocrx_word' id='word_1_320' title='bbox 1470 3577 1645 3643; x_wconf 90' lang='lat' dir='ltr'><em>concordia</em></span> <span class='ocrx_word' id='word_1_321' title='bbox 1674 3588 1707 3642; x_wconf 90' lang='lat' dir='ltr'><em>et</em></span> <span class='ocrx_word' id='word_1_322' title='bbox 1729 3589 1900 3643; x_wconf 88' lang='lat' dir='ltr'><em>vacantem</em></span> 
     </span>
     <span class='ocr_line' id='line_1_30' title="bbox 253 3684 1901 3776; baseline -0.002 -23"><span class='ocrx_word' id='word_1_323' title='bbox 253 3688 456 3771; x_wconf 88' lang='lat' dir='ltr'><em>aecclesiam,</em></span> <span class='ocrx_word' id='word_1_324' title='bbox 473 3711 570 3776; x_wconf 89' lang='lat' dir='ltr'><em>quam</em></span> <span class='ocrx_word' id='word_1_325' title='bbox 587 3686 751 3775; x_wconf 88' lang='lat' dir='ltr'><em>quondam</em></span> <span class='ocrx_word' id='word_1_326' title='bbox 766 3685 925 3752; x_wconf 90' lang='lat' dir='ltr'><em>violenter</em></span> <span class='ocrx_word' id='word_1_327' title='bbox 940 3687 1123 3767; x_wconf 88' lang='lat' dir='ltr'><em>amiseram,</em></span> <span class='ocrx_word' id='word_1_328' title='bbox 1139 3684 1310 3749; x_wconf 89' lang='lat' dir='ltr'><em>inveniens</em></span> <span class='ocrx_word' id='word_1_329' title='bbox 1326 3706 1391 3748; x_wconf 92' lang='lat' dir='ltr'><em>non</em></span> <span class='ocrx_word' id='word_1_330' title='bbox 1407 3685 1660 3770; x_wconf 88' lang='lat' dir='ltr'><em>praesumptive,</em></span> <span class='ocrx_word' id='word_1_331' title='bbox 1680 3684 1738 3750; x_wconf 90' lang='lat' dir='ltr'><em>sed</em></span> <span class='ocrx_word' id='word_1_332' title='bbox 1753 3695 1901 3772; x_wconf 89' lang='lat' dir='ltr'><em>repeten-</em></span> 
     </span>
     <span class='ocr_line' id='line_1_31' title="bbox 209 3790 1902 3879; baseline -0.002 -18"><span class='ocrx_word' id='word_1_333' title='bbox 209 3823 236 3863; x_wconf 75' lang='grc' dir='ltr'><strong>ω</strong></span> <span class='ocrx_word' id='word_1_334' title='bbox 253 3794 339 3860; x_wconf 88' lang='lat' dir='ltr'><em>tibus</em></span> <span class='ocrx_word' id='word_1_335' title='bbox 355 3796 474 3860; x_wconf 88' lang='lat' dir='ltr'><em>sanctis</em></span> <span class='ocrx_word' id='word_1_336' title='bbox 493 3793 541 3859; x_wconf 91' lang='lat' dir='ltr'><em>ibi</em></span> <span class='ocrx_word' id='word_1_337' title='bbox 559 3792 726 3859; x_wconf 88' lang='lat' dir='ltr'><em>ordinibus</em></span> <span class='ocrx_word' id='word_1_338' title='bbox 746 3791 855 3857; x_wconf 88' lang='lat' dir='ltr'><em>debite</em></span> <span class='ocrx_word' id='word_1_339' title='bbox 868 3804 1059 3879; x_wconf 89' lang='lat' dir='ltr'><em>septennem</em></span> <span class='ocrx_word' id='word_1_340' title='bbox 1076 3792 1145 3857; x_wconf 92' lang='lat' dir='ltr'><em>fere</em></span> <span class='ocrx_word' id='word_1_341' title='bbox 1164 3802 1239 3878; x_wconf 89' lang='lat' dir='ltr'><em>post</em></span> <span class='ocrx_word' id='word_1_342' title='bbox 1259 3790 1512 3856; x_wconf 88' lang='lat' dir='ltr'><em>satisfactionem</em></span> <span class='ocrx_word' id='word_1_343' title='bbox 1529 3793 1651 3879; x_wconf 90' lang='lat' dir='ltr'><em>recepi,</em></span> <span class='ocrx_word' id='word_1_344' title='bbox 1671 3790 1902 3857; x_wconf 84' lang='lat' dir='ltr'><em>adsistentibus</em></span> 
     </span>
     <span class='ocr_line' id='line_1_32' title="bbox 254 3898 1902 3989; baseline -0.003 -22"><span class='ocrx_word' id='word_1_345' title='bbox 254 3924 326 3967; x_wconf 91' lang='lat' dir='ltr'><em>cum</em></span> <span class='ocrx_word' id='word_1_346' title='bbox 356 3903 504 3989; x_wconf 82' lang='lat' dir='ltr'><em>principe</em></span> <span class='ocrx_word' id='word_1_347' title='bbox 534 3901 715 3987; x_wconf 88' lang='lat' dir='ltr'><em>magnificis</em></span> <span class='ocrx_word' id='word_1_348' title='bbox 744 3898 950 3987; x_wconf 89' lang='lat' dir='ltr'><em>praesulibus</em></span> <span class='ocrx_word' id='word_1_349' title='bbox 980 3898 1138 3986; x_wconf 89' lang='lat' dir='ltr'><em>plurimis,</em></span> <span class='ocrx_word' id='word_1_350' title='bbox 1169 3920 1305 3985; x_wconf 91' lang='lat' dir='ltr'><em>quorum</em></span> <span class='ocrx_word' id='word_1_351' title='bbox 1335 3899 1525 3964; x_wconf 84' lang='lat' dir='ltr'><em>auctoritate</em></span> <span class='ocrx_word' id='word_1_352' title='bbox 1556 3900 1699 3964; x_wconf 89' lang='lat' dir='ltr'><em>omnium</em></span> <span class='ocrx_word' id='word_1_353' title='bbox 1730 3909 1902 3964; x_wconf 86' lang='lat' dir='ltr'><em>revocatus</em></span> 
     </span>
     <span class='ocr_line' id='line_1_33' title="bbox 252 4003 1903 4093; baseline -0.002 -19"><span class='ocrx_word' id='word_1_354' title='bbox 252 4009 336 4074; x_wconf 89' lang='lat' dir='ltr'><em>hanc</em></span> <span class='ocrx_word' id='word_1_355' title='bbox 360 4008 601 4075; x_wconf 88' lang='lat' dir='ltr'><em>adnotationem</em></span> <span class='ocrx_word' id='word_1_356' title='bbox 624 4007 740 4072; x_wconf 89' lang='lat' dir='ltr'><em>futuris</em></span> <span class='ocrx_word' id='word_1_357' title='bbox 763 4004 963 4093; x_wconf 89' lang='lat' dir='ltr'><em>temporibus</em></span> <span class='ocrx_word' id='word_1_358' title='bbox 985 4004 1189 4069; x_wconf 87' lang='lat' dir='ltr'><em>recitandam</em></span> <span class='ocrx_word' id='word_1_359' title='bbox 1205 4005 1334 4092; x_wconf 91' lang='lat' dir='ltr'><em>scriptis</em></span> <span class='ocrx_word' id='word_1_360' title='bbox 1350 4004 1401 4069; x_wconf 92' lang='lat' dir='ltr'><em>his</em></span> <span class='ocrx_word' id='word_1_361' title='bbox 1416 4003 1683 4070; x_wconf 90' lang='lat' dir='ltr'><em>memorabilibus</em></span> <span class='ocrx_word' id='word_1_362' title='bbox 1698 4006 1733 4069; x_wconf 94' lang='lat' dir='ltr'><em>in</em></span> <span class='ocrx_word' id='word_1_363' title='bbox 1748 4006 1903 4071; x_wconf 86' lang='lat' dir='ltr'><em>universa</em></span> 
     </span>
     <span class='ocr_line' id='line_1_34' title="bbox 254 4111 1901 4201; baseline -0.003 -20"><span class='ocrx_word' id='word_1_364' title='bbox 254 4115 414 4181; x_wconf 85' lang='lat' dir='ltr'><em>catholica</em></span> <span class='ocrx_word' id='word_1_365' title='bbox 428 4116 494 4181; x_wconf 93' lang='lat' dir='ltr'><em>Dei</em></span> <span class='ocrx_word' id='word_1_366' title='bbox 518 4114 679 4181; x_wconf 85' lang='lat' dir='ltr'><em>aecclesia</em></span> <span class='ocrx_word' id='word_1_367' title='bbox 701 4113 905 4178; x_wconf 84' lang='lat' dir='ltr'><em>manifestam</em></span> <span class='ocrx_word' id='word_1_368' title='bbox 929 4112 1000 4177; x_wconf 86' lang='lat' dir='ltr'><em>fieri</em></span> <span class='ocrx_word' id='word_1_369' title='bbox 1023 4112 1146 4200; x_wconf 90' lang='lat' dir='ltr'><em>placuit</em></span> <span class='ocrx_word' id='word_1_370' title='bbox 1169 4122 1201 4175; x_wconf 91' lang='lat' dir='ltr'><em>et</em></span> <span class='ocrx_word' id='word_1_371' title='bbox 1224 4112 1370 4176; x_wconf 88' lang='lat' dir='ltr'><em>sinistras</em></span> <span class='ocrx_word' id='word_1_372' title='bbox 1394 4113 1563 4201; x_wconf 81' lang='lat' dir='ltr'><em>opiniones</em></span> <span class='ocrx_word' id='word_1_373' title='bbox 1587 4111 1742 4177; x_wconf 85' lang='lat' dir='ltr'><em>falsorum</em></span> <span class='ocrx_word' id='word_1_374' title='bbox 1765 4112 1901 4177; x_wconf 89' lang='lat' dir='ltr'><em>fratrum</em></span> 
     </span>
     <span class='ocr_line' id='line_1_35' title="bbox 253 4216 1901 4308; baseline -0.003 -20"><span class='ocrx_word' id='word_1_375' title='bbox 253 4222 314 4288; x_wconf 87' lang='lat' dir='ltr'><em>hac</em></span> <span class='ocrx_word' id='word_1_376' title='bbox 338 4233 428 4288; x_wconf 89' lang='lat' dir='ltr'><em>certa</em></span> <span class='ocrx_word' id='word_1_377' title='bbox 450 4223 587 4287; x_wconf 84' lang='lat' dir='ltr'><em>veritate</em></span> <span class='ocrx_word' id='word_1_378' title='bbox 610 4221 737 4308; x_wconf 90' lang='lat' dir='ltr'><em>prolata</em></span> <span class='ocrx_word' id='word_1_379' title='bbox 759 4219 878 4285; x_wconf 88' lang='lat' dir='ltr'><em>delere.</em></span> <span class='ocrx_word' id='word_1_380' title='bbox 918 4219 1047 4284; x_wconf 88' lang='lat' dir='ltr'><em>Sanctis</em></span> <span class='ocrx_word' id='word_1_381' title='bbox 1063 4220 1214 4304; x_wconf 89' lang='lat' dir='ltr'><em>verisque</em></span> <span class='ocrx_word' id='word_1_382' title='bbox 1230 4216 1385 4283; x_wconf 86' lang='lat' dir='ltr'><em>fratribus</em></span> <span class='ocrx_word' id='word_1_383' title='bbox 1409 4219 1442 4283; x_wconf 89' lang='lat' dir='ltr'><em>in</em></span> <span class='ocrx_word' id='word_1_384' title='bbox 1465 4218 1516 4283; x_wconf 93' lang='lat' dir='ltr'><em>his</em></span> <span class='ocrx_word' id='word_1_385' title='bbox 1540 4217 1689 4284; x_wconf 91' lang='lat' dir='ltr'><em>omnibus</em></span> <span class='ocrx_word' id='word_1_386' title='bbox 1712 4218 1901 4284; x_wconf 89' lang='lat' dir='ltr'><em>satisfacere</em></span> 
     </span>
     <span class='ocr_line' id='line_1_36' title="bbox 209 4324 1900 4416; baseline -0.003 -21"><span class='ocrx_word' id='word_1_387' title='bbox 209 4354 235 4395; x_wconf 83' lang='lat' dir='ltr'><em>a</em></span> <span class='ocrx_word' id='word_1_388' title='bbox 254 4329 373 4395; x_wconf 85' lang='lat' dir='ltr'><em>decuit.</em></span> <span class='ocrx_word' id='word_1_389' title='bbox 408 4328 487 4394; x_wconf 91' lang='lat' dir='ltr'><em>Plus</em></span> <span class='ocrx_word' id='word_1_390' title='bbox 510 4328 551 4393; x_wconf 90' lang='lat' dir='ltr'><em>de</em></span> <span class='ocrx_word' id='word_1_391' title='bbox 574 4329 680 4416; x_wconf 88' lang='lat' dir='ltr'><em>gratia</em></span> <span class='ocrx_word' id='word_1_392' title='bbox 702 4327 958 4415; x_wconf 87' lang='lat' dir='ltr'><em>recuperationis</em></span> <span class='ocrx_word' id='word_1_393' title='bbox 982 4324 1188 4410; x_wconf 85' lang='lat' dir='ltr'><em>congaudere</em></span> <span class='ocrx_word' id='word_1_394' title='bbox 1212 4346 1310 4411; x_wconf 89' lang='lat' dir='ltr'><em>quam</em></span> <span class='ocrx_word' id='word_1_395' title='bbox 1335 4324 1375 4389; x_wconf 92' lang='lat' dir='ltr'><em>de</em></span> <span class='ocrx_word' id='word_1_396' title='bbox 1391 4326 1537 4412; x_wconf 91' lang='lat' dir='ltr'><em>nequitia</em></span> <span class='ocrx_word' id='word_1_397' title='bbox 1552 4324 1768 4390; x_wconf 88' lang='lat' dir='ltr'><em>damnationis</em></span> <span class='ocrx_word' id='word_1_398' title='bbox 1792 4324 1900 4390; x_wconf 90' lang='lat' dir='ltr'><em>dolere</em></span> 
     </span>
    </p>
   </div>
   <div class='ocr_carea' id='block_1_3' title="bbox 254 4431 1789 4524">
    <p class='ocr_par' dir='ltr' id='par_1_3' title="bbox 254 4431 1789 4524">
     <span class='ocr_line' id='line_1_37' title="bbox 254 4431 1789 4524; baseline -0.003 -24"><span class='ocrx_word' id='word_1_399' title='bbox 254 4458 444 4524; x_wconf 89' lang='lat' dir='ltr'><em>suggerens,</em></span> <span class='ocrx_word' id='word_1_400' title='bbox 468 4436 554 4501; x_wconf 90' lang='lat' dir='ltr'><em>sicut</em></span> <span class='ocrx_word' id='word_1_401' title='bbox 576 4436 727 4523; x_wconf 89' lang='lat' dir='ltr'><em>oportuit,</em></span> <span class='ocrx_word' id='word_1_402' title='bbox 751 4433 868 4499; x_wconf 86' lang='lat' dir='ltr'><em>festiva</em></span> <span class='ocrx_word' id='word_1_403' title='bbox 891 4432 973 4498; x_wconf 90' lang='lat' dir='ltr'><em>haec</em></span> <span class='ocrx_word' id='word_1_404' title='bbox 996 4432 1156 4497; x_wconf 89' lang='lat' dir='ltr'><em>restitutio</em></span> <span class='ocrx_word' id='word_1_405' title='bbox 1180 4431 1254 4496; x_wconf 93' lang='lat' dir='ltr'><em>Deo</em></span> <span class='ocrx_word' id='word_1_406' title='bbox 1278 4431 1386 4518; x_wconf 89' lang='lat' dir='ltr'><em>dignis</em></span> <span class='ocrx_word' id='word_1_407' title='bbox 1409 4432 1548 4519; x_wconf 82' lang='lat' dir='ltr'><em>posteris</em></span> <span class='ocrx_word' id='word_1_408' title='bbox 1570 4433 1789 4520; x_wconf 51' lang='lat' dir='ltr'><em>procuravit&amp;</em></span> 
     </span>
    </p>
   </div>
   <div class='ocr_carea' id='block_1_4' title="bbox 665 4643 1495 4746">
    <p class='ocr_par' dir='ltr' id='par_1_4' title="bbox 665 4643 1495 4746">
     <span class='ocr_line' id='line_1_38' title="bbox 665 4643 1495 4746; baseline -0.004 -26"><span class='ocrx_word' id='word_1_409' title='bbox 665 4650 699 4720; x_wconf 89' lang='lat'><em>2.</em></span> <span class='ocrx_word' id='word_1_410' title='bbox 739 4647 967 4746; x_wconf 81' lang='lat' dir='ltr'><em>Apolopetici</em></span> <span class='ocrx_word' id='word_1_411' title='bbox 991 4644 1132 4719; x_wconf 84' lang='lat' dir='ltr'><em>Eboais</em></span> <span class='ocrx_word' id='word_1_412' title='bbox 1147 4643 1282 4742; x_wconf 81' lang='lat' dir='ltr'><em>formo</em></span> <span class='ocrx_word' id='word_1_413' title='bbox 1304 4646 1495 4742; x_wconf 70' lang='lat' dir='ltr'><em>posterior.</em></span> 
     </span>
    </p>
   </div>
   <div class='ocr_carea' id='block_1_5' title="bbox 208 4758 1901 5297">
    <p class='ocr_par' dir='ltr' id='par_1_5' title="bbox 208 4758 1901 5297">
     <span class='ocr_line' id='line_1_39' title="bbox 359 4758 1901 4873; baseline -0.003 -21"><span class='ocrx_word' id='word_1_414' title='bbox 359 4758 527 4853; x_wconf 71' lang='lat' dir='ltr'><em>Formam</em></span> <span class='ocrx_word' id='word_1_415' title='bbox 553 4788 757 4873; x_wconf 81' lang='lat' dir='ltr'><em>posteriorem</em></span> <span class='ocrx_word' id='word_1_416' title='bbox 786 4784 907 4849; x_wconf 80' lang='lat' dir='ltr'><em>ealilet</em></span> <span class='ocrx_word' id='word_1_417' title='bbox 935 4784 1153 4871; x_wconf 71' lang='lat' dir='ltr'><em>apographum</em></span> <span class='ocrx_word' id='word_1_418' title='bbox 1179 4807 1260 4848; x_wconf 89' lang='lat' dir='ltr'><em>saec.</em></span> <span class='ocrx_word' id='word_1_419' title='bbox 1281 4781 1395 4846; x_wconf 84' lang='lat' dir='ltr'><em>XVII.</em></span> <span class='ocrx_word' id='word_1_420' title='bbox 1426 4783 1466 4847; x_wconf 81' lang='lat' dir='ltr'><em>ab</em></span> <span class='ocrx_word' id='word_1_421' title='bbox 1488 4782 1521 4847; x_wconf 76' lang='lat' dir='ltr'><em>J.</em></span> <span class='ocrx_word' id='word_1_422' title='bbox 1547 4781 1701 4848; x_wconf 79' lang='lat' dir='ltr'><em>Ss’rmond</em></span> <span class='ocrx_word' id='word_1_423' title='bbox 1728 4807 1768 4848; x_wconf 78' lang='lat' dir='ltr'><em>ec·</em></span> <span class='ocrx_word' id='word_1_424' title='bbox 1795 4783 1901 4849; x_wconf 86' lang='lat' dir='ltr'><em>codiee</em></span> 
     </span>
     <span class='ocr_line' id='line_1_40' title="bbox 253 4888 1901 4977; baseline -0.005 -15"><span class='ocrx_word' id='word_1_425' title='bbox 253 4897 474 4962; x_wconf 84' lang='lat' dir='ltr'><em>Heriuallcusi</em></span> <span class='ocrx_word' id='word_1_426' title='bbox 495 4893 695 4976; x_wconf 85' lang='lat' dir='ltr'><em>(monasterii</em></span> <span class='ocrx_word' id='word_1_427' title='bbox 714 4891 908 4956; x_wconf 74' lang='lat' dir='ltr'><em>‘Heriuaua&#39;</em></span> <span class='ocrx_word' id='word_1_428' title='bbox 931 4894 967 4956; x_wconf 85' lang='lat' dir='ltr'><em>ia</em></span> <span class='ocrx_word' id='word_1_429' title='bbox 990 4891 1129 4956; x_wconf 85' lang='lat' dir='ltr'><em>dioecesi</em></span> <span class='ocrx_word' id='word_1_430' title='bbox 1147 4888 1341 4975; x_wconf 66' lang='lat' dir='ltr'><em>Parsiana)</em></span> <span class='ocrx_word' id='word_1_431' title='bbox 1372 4889 1558 4977; x_wconf 81' lang='lat' dir='ltr'><em>confectum,</em></span> <span class='ocrx_word' id='word_1_432' title='bbox 1588 4889 1675 4975; x_wconf 86' lang='lat' dir='ltr'><em>quod</em></span> <span class='ocrx_word' id='word_1_433' title='bbox 1700 4903 1844 4954; x_wconf 71' lang='lat' dir='ltr'><em>emeatus·</em></span> <span class='ocrx_word' id='word_1_434' title='bbox 1866 4892 1901 4954; x_wconf 86' lang='lat' dir='ltr'><em>in</em></span> 
     </span>
     <span class='ocr_line' id='line_1_41' title="bbox 208 4995 1901 5084; baseline -0.003 -17"><span class='ocrx_word' id='word_1_435' title='bbox 208 5028 236 5067; x_wconf 82' lang='lat' dir='ltr'><em>so</em></span> <span class='ocrx_word' id='word_1_436' title='bbox 253 5004 360 5070; x_wconf 87' lang='lat' dir='ltr'><em>codice</em></span> <span class='ocrx_word' id='word_1_437' title='bbox 382 5001 565 5067; x_wconf 73' lang='lat' dir='ltr'><em>Parasiensi</em></span> <span class='ocrx_word' id='word_1_438' title='bbox 591 4998 704 5064; x_wconf 80' lang='lat' dir='ltr'><em>‘Noua</em></span> <span class='ocrx_word' id='word_1_439' title='bbox 729 5022 796 5084; x_wconf 82' lang='lat' dir='ltr'><em>ocq.</em></span> <span class='ocrx_word' id='word_1_440' title='bbox 823 4997 889 5062; x_wconf 65' lang='lat' dir='ltr'><em>ue?</em></span> <span class='ocrx_word' id='word_1_441' title='bbox 912 5005 979 5065; x_wconf 76' lang='lat'><em>469</em></span> <span class='ocrx_word' id='word_1_442' title='bbox 1003 4997 1060 5080; x_wconf 89' lang='lat'><em>(=</em></span> <span class='ocrx_word' id='word_1_443' title='bbox 1077 4995 1115 5080; x_wconf 82' lang='lat' dir='ltr'><em>S)</em></span> <span class='ocrx_word' id='word_1_444' title='bbox 1139 4997 1206 5084; x_wconf 85' lang='lat' dir='ltr'><em>sol.</em></span> <span class='ocrx_word' id='word_1_445' title='bbox 1229 4997 1415 5063; x_wconf 77' lang='lat'><em>117—121‘</em></span> <span class='ocrx_word' id='word_1_446' title='bbox 1438 4998 1611 5082; x_wconf 53' lang='lat' dir='ltr'><em>&amp;rumque</em></span> <span class='ocrx_word' id='word_1_447' title='bbox 1640 4996 1787 5061; x_wconf 87' lang='lat' dir='ltr'><em>collatum</em></span> <span class='ocrx_word' id='word_1_448' title='bbox 1810 5011 1855 5062; x_wconf 87' lang='lat' dir='ltr'><em>est</em></span> <span class='ocrx_word' id='word_1_449' title='bbox 1880 5022 1901 5062; x_wconf 90' lang='lat' dir='ltr'><em>a</em></span> 
     </span>
     <span class='ocr_line' id='line_1_42' title="bbox 254 5108 527 5175; baseline -0.015 0"><span class='ocrx_word' id='word_1_450' title='bbox 254 5137 280 5175; x_wconf 85' lang='lat' dir='ltr'><em>a</em></span> <span class='ocrx_word' id='word_1_451' title='bbox 306 5110 337 5175; x_wconf 89' lang='lat' dir='ltr'><em>d.</em></span> <span class='ocrx_word' id='word_1_452' title='bbox 364 5109 402 5173; x_wconf 77' lang='lat' dir='ltr'><em>F.</em></span> <span class='ocrx_word' id='word_1_453' title='bbox 427 5108 527 5173; x_wconf 82' lang='lat' dir='ltr'><em>Kerm.</em></span> 
     </span>
     <span class='ocr_line' id='line_1_43' title="bbox 362 5217 1166 5297; baseline -0.007 -18"><span class='ocrx_word' id='word_1_454' title='bbox 362 5223 438 5280; x_wconf 85' lang='lat' dir='ltr'><em>Ed:</em></span> <span class='ocrx_word' id='word_1_455' title='bbox 469 5220 683 5297; x_wconf 71' lang='lat' dir='ltr'><em>Wcrmiaplroff,</em></span> <span class='ocrx_word' id='word_1_456' title='bbox 708 5217 811 5276; x_wconf 85' lang='lat' dir='ltr'><em>‘Neues</em></span> <span class='ocrx_word' id='word_1_457' title='bbox 833 5217 953 5277; x_wconf 80' lang='lat' dir='ltr'><em>Areliu’</em></span> <span class='ocrx_word' id='word_1_458' title='bbox 978 5218 1077 5287; x_wconf 82' lang='lat' dir='ltr'><em>XXV,</em></span> <span class='ocrx_word' id='word_1_459' title='bbox 1095 5221 1166 5278; x_wconf 69' lang='lat'><em>364.</em></span> 
     </span>
    </p>
   </div>
   <div class='ocr_carea' id='block_1_6' title="bbox 208 5349 1901 5690">
    <p class='ocr_par' dir='ltr' id='par_1_6' title="bbox 208 5349 1901 5690">
     <span class='ocr_line' id='line_1_44' title="bbox 361 5349 1901 5424; baseline -0.003 -11"><span class='ocrx_word' id='word_1_460' title='bbox 361 5354 576 5423; x_wconf 82' lang='lat' dir='ltr'><em>2excusandss]</em></span> <span class='ocrx_word' id='word_1_461' title='bbox 590 5357 688 5410; x_wconf 85' lang='lat' dir='ltr'><em>etadd.</em></span> <span class='ocrx_word' id='word_1_462' title='bbox 702 5358 734 5408; x_wconf 78' lang='lat' dir='ltr'><em>G.</em></span> <span class='ocrx_word' id='word_1_463' title='bbox 789 5358 950 5424; x_wconf 82' lang='lat' dir='ltr'><em>8corripiet</em></span> <span class='ocrx_word' id='word_1_464' title='bbox 963 5356 995 5407; x_wconf 82' lang='lat' dir='ltr'><em>G.</em></span> <span class='ocrx_word' id='word_1_465' title='bbox 1051 5357 1218 5422; x_wconf 78' lang='lat' dir='ltr'><em>tcorripere</em></span> <span class='ocrx_word' id='word_1_466' title='bbox 1230 5349 1304 5419; x_wconf 86' lang='lat' dir='ltr'><em>sinit]</em></span> <span class='ocrx_word' id='word_1_467' title='bbox 1316 5356 1382 5406; x_wconf 86' lang='lat' dir='ltr'><em>sinit</em></span> <span class='ocrx_word' id='word_1_468' title='bbox 1394 5357 1533 5423; x_wconf 84' lang='lat' dir='ltr'><em>corripere</em></span> <span class='ocrx_word' id='word_1_469' title='bbox 1545 5355 1577 5406; x_wconf 90' lang='lat' dir='ltr'><em>P.</em></span> <span class='ocrx_word' id='word_1_470' title='bbox 1632 5356 1736 5423; x_wconf 71' lang='lat' dir='ltr'><em>sspenis</em></span> <span class='ocrx_word' id='word_1_471' title='bbox 1751 5355 1783 5407; x_wconf 78' lang='grc' dir='ltr'><em>θ.</em></span> <span class='ocrx_word' id='word_1_472' title='bbox 1838 5358 1901 5408; x_wconf 82' lang='lat' dir='ltr'><em>8ss</em></span> 
     </span>
     <span class='ocr_line' id='line_1_45' title="bbox 252 5438 1900 5516; baseline -0.002 -14"><span class='ocrx_word' id='word_1_473' title='bbox 252 5445 336 5516; x_wconf 80' lang='lat' dir='ltr'><em>velle]</em></span> <span class='ocrx_word' id='word_1_474' title='bbox 350 5449 422 5501; x_wconf 84' lang='lat' dir='ltr'><em>velle</em></span> <span class='ocrx_word' id='word_1_475' title='bbox 433 5449 466 5501; x_wconf 82' lang='lat'><em>0.</em></span> <span class='ocrx_word' id='word_1_476' title='bbox 516 5451 548 5500; x_wconf 88' lang='grc'><em>13</em></span> <span class='ocrx_word' id='word_1_477' title='bbox 562 5447 717 5499; x_wconf 68' lang='lat' dir='ltr'><em>aeternali.</em></span> <span class='ocrx_word' id='word_1_478' title='bbox 769 5448 799 5497; x_wconf 86' lang='lat' dir='ltr'><em>l&#39;l</em></span> <span class='ocrx_word' id='word_1_479' title='bbox 814 5448 926 5513; x_wconf 87' lang='lat' dir='ltr'><em>negotio</em></span> <span class='ocrx_word' id='word_1_480' title='bbox 941 5444 972 5496; x_wconf 82' lang='lat'><em>0.</em></span> <span class='ocrx_word' id='word_1_481' title='bbox 1023 5446 1055 5496; x_wconf 87' lang='grc'><em>13</em></span> <span class='ocrx_word' id='word_1_482' title='bbox 1069 5445 1103 5495; x_wconf 91' lang='lat' dir='ltr'><em>de</em></span> <span class='ocrx_word' id='word_1_483' title='bbox 1116 5438 1297 5511; x_wconf 84' lang='lat' dir='ltr'><em>reparatione]</em></span> <span class='ocrx_word' id='word_1_484' title='bbox 1310 5443 1505 5511; x_wconf 87' lang='lat' dir='ltr'><em>decrepationo</em></span> <span class='ocrx_word' id='word_1_485' title='bbox 1517 5461 1580 5496; x_wconf 82' lang='lat' dir='ltr'><em>corr.</em></span> <span class='ocrx_word' id='word_1_486' title='bbox 1593 5443 1770 5511; x_wconf 82' lang='lat' dir='ltr'><em>derepatioue</em></span> <span class='ocrx_word' id='word_1_487' title='bbox 1779 5443 1900 5509; x_wconf 58' lang='lat' dir='ltr'><em>(stabii.</em></span> 
     </span>
     <span class='ocr_line' id='line_1_46' title="bbox 208 5528 1900 5606; baseline -0.003 -14"><span class='ocrx_word' id='word_1_488' title='bbox 208 5553 235 5593; x_wconf 76' lang='lat' dir='ltr'><em>st</em></span> <span class='ocrx_word' id='word_1_489' title='bbox 254 5543 288 5593; x_wconf 83' lang='lat'><em>20</em></span> <span class='ocrx_word' id='word_1_490' title='bbox 301 5532 563 5606; x_wconf 76' lang='lat' dir='ltr'><em>compulsi-laici]</em></span> <span class='ocrx_word' id='word_1_491' title='bbox 575 5537 613 5588; x_wconf 83' lang='lat' dir='ltr'><em>ita</em></span> <span class='ocrx_word' id='word_1_492' title='bbox 627 5536 659 5588; x_wconf 82' lang='lat'><em>0.</em></span> <span class='ocrx_word' id='word_1_493' title='bbox 672 5535 703 5587; x_wconf 88' lang='lat' dir='ltr'><em>P.</em></span> <span class='ocrx_word' id='word_1_494' title='bbox 752 5537 786 5586; x_wconf 77' lang='lat'><em>22</em></span> <span class='ocrx_word' id='word_1_495' title='bbox 800 5530 893 5598; x_wconf 70' lang='lat' dir='ltr'><em>enam]</em></span> <span class='ocrx_word' id='word_1_496' title='bbox 908 5552 971 5585; x_wconf 85' lang='lat' dir='ltr'><em>nam</em></span> <span class='ocrx_word' id='word_1_497' title='bbox 985 5535 1017 5585; x_wconf 81' lang='lat'><em>0.</em></span> <span class='ocrx_word' id='word_1_498' title='bbox 1066 5528 1237 5598; x_wconf 79' lang='lat' dir='ltr'><em>inesselesse</em></span> <span class='ocrx_word' id='word_1_499' title='bbox 1251 5532 1325 5584; x_wconf 74' lang='lat' dir='ltr'><em>ar.</em></span> <span class='ocrx_word' id='word_1_500' title='bbox 1374 5528 1564 5598; x_wconf 66' lang='lat' dir='ltr'><em>titanumhui</em></span> <span class='ocrx_word' id='word_1_501' title='bbox 1579 5532 1608 5583; x_wconf 89' lang='lat' dir='ltr'><em>P.</em></span> <span class='ocrx_word' id='word_1_502' title='bbox 1664 5534 1853 5586; x_wconf 75' lang='lat' dir='ltr'><em>28vocantem</em></span> <span class='ocrx_word' id='word_1_503' title='bbox 1867 5536 1900 5587; x_wconf 80' lang='lat'><em>0.</em></span> 
     </span>
     <span class='ocr_line' id='line_1_47' title="bbox 254 5618 1900 5690; baseline -0.003 -9"><span class='ocrx_word' id='word_1_504' title='bbox 254 5633 288 5681; x_wconf 89' lang='grc'><em>30</em></span> <span class='ocrx_word' id='word_1_505' title='bbox 306 5630 409 5681; x_wconf 82' lang='lat' dir='ltr'><em>sanctis</em></span> <span class='ocrx_word' id='word_1_506' title='bbox 428 5623 478 5690; x_wconf 86' lang='lat' dir='ltr'><em>ibi]</em></span> <span class='ocrx_word' id='word_1_507' title='bbox 499 5627 538 5677; x_wconf 89' lang='lat' dir='ltr'><em>ibi</em></span> <span class='ocrx_word' id='word_1_508' title='bbox 556 5628 659 5677; x_wconf 67' lang='lat' dir='ltr'><em>sanctu</em></span> <span class='ocrx_word' id='word_1_509' title='bbox 678 5624 709 5675; x_wconf 86' lang='lat' dir='ltr'><em>P.</em></span> <span class='ocrx_word' id='word_1_510' title='bbox 791 5626 825 5674; x_wconf 85' lang='lat'><em>33</em></span> <span class='ocrx_word' id='word_1_511' title='bbox 845 5618 1187 5687; x_wconf 85' lang='lat' dir='ltr'><em>catholiea-aecclesia]</em></span> <span class='ocrx_word' id='word_1_512' title='bbox 1208 5621 1326 5674; x_wconf 88' lang='lat' dir='ltr'><em>ccclesia</em></span> <span class='ocrx_word' id='word_1_513' title='bbox 1343 5621 1399 5673; x_wconf 86' lang='lat' dir='ltr'><em>Dei</em></span> <span class='ocrx_word' id='word_1_514' title='bbox 1417 5622 1554 5674; x_wconf 86' lang='lat' dir='ltr'><em>catholica</em></span> <span class='ocrx_word' id='word_1_515' title='bbox 1572 5621 1603 5673; x_wconf 90' lang='lat' dir='ltr'><em>P.</em></span> <span class='ocrx_word' id='word_1_516' title='bbox 1676 5623 1848 5675; x_wconf 82' lang='lat' dir='ltr'><em>manifestum</em></span> <span class='ocrx_word' id='word_1_517' title='bbox 1868 5624 1900 5676; x_wconf 83' lang='lat'><em>0.</em></span> 
     </span>
    </p>
   </div>
   <div class='ocr_carea' id='block_1_7' title="bbox 253 5741 1901 6049">
    <p class='ocr_par' dir='ltr' id='par_1_7' title="bbox 253 5741 1901 6049">
     <span class='ocr_line' id='line_1_48' title="bbox 364 5741 1901 5832; baseline 0.001 -20"><span class='ocrx_word' id='word_1_518' title='bbox 364 5757 393 5828; x_wconf 90' lang='lat' dir='ltr'><em>l)</em></span> <span class='ocrx_word' id='word_1_519' title='bbox 418 5754 467 5828; x_wconf 84' lang='lat' dir='ltr'><em>Cf.</em></span> <span class='ocrx_word' id='word_1_520' title='bbox 491 5775 581 5832; x_wconf 84' lang='lat' dir='ltr'><em>supro</em></span> <span class='ocrx_word' id='word_1_521' title='bbox 599 5775 632 5831; x_wconf 91' lang='lat' dir='ltr'><em>p.</em></span> <span class='ocrx_word' id='word_1_522' title='bbox 650 5757 712 5813; x_wconf 88' lang='lat'><em>792</em></span> <span class='ocrx_word' id='word_1_523' title='bbox 735 5755 752 5809; x_wconf 91' lang='lat' dir='ltr'><em>l.</em></span> <span class='ocrx_word' id='word_1_524' title='bbox 768 5756 881 5829; x_wconf 76' lang='lat' dir='ltr'><em>20sqq.</em></span> <span class='ocrx_word' id='word_1_525' title='bbox 951 5750 982 5822; x_wconf 88' lang='grc'><em>2)</em></span> <span class='ocrx_word' id='word_1_526' title='bbox 1008 5751 1076 5809; x_wconf 69' lang='lat' dir='ltr'><em>sat.</em></span> <span class='ocrx_word' id='word_1_527' title='bbox 1099 5750 1264 5808; x_wconf 82' lang='lat' dir='ltr'><em>Hludowici</em></span> <span class='ocrx_word' id='word_1_528' title='bbox 1286 5741 1324 5828; x_wconf 85' lang='lat'><em>(†</em></span> <span class='ocrx_word' id='word_1_529' title='bbox 1341 5745 1436 5828; x_wconf 74' lang='lat'><em>840);</em></span> <span class='ocrx_word' id='word_1_530' title='bbox 1459 5751 1500 5823; x_wconf 72' lang='lat' dir='ltr'><em>cf.</em></span> <span class='ocrx_word' id='word_1_531' title='bbox 1523 5770 1614 5829; x_wconf 87' lang='lat' dir='ltr'><em>supra</em></span> <span class='ocrx_word' id='word_1_532' title='bbox 1631 5770 1664 5826; x_wconf 90' lang='lat' dir='ltr'><em>p.</em></span> <span class='ocrx_word' id='word_1_533' title='bbox 1683 5755 1744 5811; x_wconf 87' lang='lat'><em>696</em></span> <span class='ocrx_word' id='word_1_534' title='bbox 1754 5772 1814 5829; x_wconf 86' lang='lat' dir='ltr'><em>sqq.</em></span> <span class='ocrx_word' id='word_1_535' title='bbox 1840 5755 1901 5813; x_wconf 83' lang='lat'><em>795</em></span> 
     </span>
     <span class='ocr_line' id='line_1_49' title="bbox 253 5857 1901 5940; baseline -0.004 -17"><span class='ocrx_word' id='word_1_536' title='bbox 253 5869 271 5923; x_wconf 89' lang='lat' dir='ltr'><em>l.</em></span> <span class='ocrx_word' id='word_1_537' title='bbox 288 5867 401 5940; x_wconf 82' lang='lat' dir='ltr'><em>37sqq.</em></span> <span class='ocrx_word' id='word_1_538' title='bbox 497 5861 529 5932; x_wconf 83' lang='lat'><em>3)</em></span> <span class='ocrx_word' id='word_1_539' title='bbox 555 5860 604 5934; x_wconf 79' lang='lat' dir='ltr'><em>Cf.</em></span> <span class='ocrx_word' id='word_1_540' title='bbox 627 5879 717 5936; x_wconf 84' lang='lat' dir='ltr'><em>supra</em></span> <span class='ocrx_word' id='word_1_541' title='bbox 734 5880 769 5936; x_wconf 84' lang='lat' dir='ltr'><em>p.</em></span> <span class='ocrx_word' id='word_1_542' title='bbox 788 5863 859 5920; x_wconf 84' lang='lat'><em>696.</em></span> <span class='ocrx_word' id='word_1_543' title='bbox 906 5859 952 5916; x_wconf 83' lang='lat' dir='ltr'><em>De</em></span> <span class='ocrx_word' id='word_1_544' title='bbox 975 5857 1083 5916; x_wconf 68' lang='lat' dir='ltr'><em>Elousa</em></span> <span class='ocrx_word' id='word_1_545' title='bbox 1105 5857 1184 5930; x_wconf 71' lang='lat' dir='ltr'><em>fotus</em></span> <span class='ocrx_word' id='word_1_546' title='bbox 1206 5877 1232 5915; x_wconf 86' lang='lat' dir='ltr'><em>a.</em></span> <span class='ocrx_word' id='word_1_547' title='bbox 1256 5875 1330 5933; x_wconf 86' lang='lat' dir='ltr'><em>quae</em></span> <span class='ocrx_word' id='word_1_548' title='bbox 1358 5857 1536 5933; x_wconf 76' lang='lat' dir='ltr'><em>exposuimus</em></span> <span class='ocrx_word' id='word_1_549' title='bbox 1558 5857 1738 5935; x_wconf 73' lang='lat' dir='ltr'><em>‘Allpcrnciuc</em></span> <span class='ocrx_word' id='word_1_550' title='bbox 1760 5858 1901 5917; x_wconf 82' lang='lat' dir='ltr'><em>Deutscle</em></span> 
     </span>
     <span class='ocr_line' id='line_1_50' title="bbox 254 5961 950 6049; baseline -0.011 -19"><span class='ocrx_word' id='word_1_551' title='bbox 254 5969 443 6049; x_wconf 76' lang='lat' dir='ltr'><em>Bioproplsic&#39;</em></span> <span class='ocrx_word' id='word_1_552' title='bbox 468 5968 610 6026; x_wconf 81' lang='lat' dir='ltr'><em>XLVIII</em></span> <span class='ocrx_word' id='word_1_553' title='bbox 627 5961 745 6044; x_wconf 84' lang='lat'><em>(1903),</em></span> <span class='ocrx_word' id='word_1_554' title='bbox 764 5986 798 6042; x_wconf 87' lang='lat' dir='ltr'><em>p.</em></span> <span class='ocrx_word' id='word_1_555' title='bbox 814 5969 878 6025; x_wconf 74' lang='lat'><em>242</em></span> <span class='ocrx_word' id='word_1_556' title='bbox 888 5985 950 6042; x_wconf 88' lang='lat' dir='ltr'><em>sqq.</em></span> 
     </span>
    </p>
   </div>
   <div class='ocr_carea' id='block_1_8' title="bbox 0 0 2446 6709">
    <p class='ocr_par' dir='ltr' id='par_1_8' title="bbox 0 0 2446 6709">
     <span class='ocr_line' id='line_1_51' title="bbox 0 0 2446 6709; baseline 0 0"><span class='ocrx_word' id='word_1_557' title='bbox 0 0 2446 6709; x_wconf 95' lang='lat' dir='ltr'><em> </em></span> 
     </span>
    </p>
   </div>
  </div>
 </body>
</html>
