4884 6717
741 558 792 616 50.
829 559 1048 617 concinium
1071 558 1299 616 PARISIENSE
1324 560 1360 616 A.
1382 559 1456 615 829.
1860 552 1924 616 673

268 762 362 811 tenus
387 769 465 832 erga
489 769 545 811 eas
568 746 773 812 admonendo
798 747 1008 812 sacerdotalis
1032 749 1209 812 auctoritas
1234 746 1369 833 explere
1394 747 1551 834 nequivit,
1577 746 1611 811 id
1627 757 1731 811 terror
1746 745 1926 833 imperialis

267 863 364 939 atque
389 864 534 939 potestas
560 852 601 918 ob
626 876 737 919 earum
761 854 898 918 salntem
921 853 1101 940 adimpleat
1112 859 1132 917 ¹.

374 977 502 1043 Haec
541 989 649 1042 sunt
689 979 831 1042 etiam
871 976 1112 1064 capitula,
1152 999 1315 1064 quasa
1348 988 1514 1042 vestra
1552 978 1739 1064 pietate
1778 976 1926 1042 adim·

268 1083 396 1170 pleri
431 1083 727 1170 flagitamus.

236 1220 250 1258 s
375 1191 458 1276 (75).
490 1189 584 1277 Cap.
597 1190 690 1255 VIII.
730 1191 897 1255 Petimus²
919 1190 1084 1255 humiliter
1106 1201 1249 1256 vestram
1274 1190 1512 1272 excellentiam,
1529 1202 1564 1255 ut
1581 1214 1714 1277 perros
1730 1190 1787 1255 filii
1804 1202 1926 1277 etpro-

269 1319 360 1361 ceres
383 1300 484 1361 vestri
507 1320 636 1376 nomen,
660 1308 864 1384 potestatem,
889 1299 1035 1383 vigorem
1060 1309 1092 1362 et
1117 1297 1309 1383 dignitatem
1325 1296 1561 1362 sacerdotalem
1579 1309 1787 1383 cognoscant.
1828 1296 1925 1378 Quod

269 1426 311 1467 ex
334 1401 444 1467 verbis
467 1404 602 1468 Domini
625 1402 723 1468 facile
747 1403 929 1489 intelligere
953 1415 1099 1490 possunt,
1127 1403 1245 1490 quibus
1275 1402 1372 1468 beato
1396 1403 1504 1484 Patre,
1536 1405 1629 1468 cuius
1659 1405 1765 1468 vicem
1797 1403 1923 1490 indigni

268 1511 421 1595 gerimus,
446 1512 507 1574 ait:
535 1510 757 1597 Quodcumque
781 1513 932 1599 liposerie
955 1536 1050 1597 semer
1073 1526 1189 1576 terram
1213 1525 1304 1576 erent
1327 1512 1425 1597 lipota
1449 1525 1477 1576 et
1494 1514 1526 1575 io
1545 1512 1641 1592 coelo,
1666 1525 1695 1574 et
1709 1511 1923 1597 quodcumque
1945 1540 2104 1591 mannans.

268 1619 401 1682 aolcerr's
423 1643 518 1704 anper
542 1632 658 1682 terram
682 1633 772 1682 erent
794 1620 894 1682 soluto
920 1633 947 1681 et
970 1621 1004 1682 io
1028 1619 1132 1700 coelo,
1162 1626 1195 1681 et
1218 1616 1297 1681 alibi
1320 1615 1488 1703 discipulis
1511 1616 1708 1702 generaliter
1735 1616 1829 1681 dicit:
1861 1618 2103 1696 Ac·10nw‚ss.st.

225 1727 363 1810 incapite
388 1723 545 1810 Spiritum
568 1739 728 1798 cniecturam
752 1750 884 1810 quornm
907 1727 1094 1789 ‘remiseritis
1110 1739 1255 1811 peccota,
1279 1727 1477 1790 remittuntur
1500 1726 1556 1804 eta,
1581 1738 1609 1788 et
1631 1749 1762 1811 quorum
1790 1727 1923 1789 retinue-

268 1834 341 1895 ritis
365 1845 479 1895 retenta
498 1845 578 1894 mint.
617 1828 724 1893 Illud8
741 1831 838 1894 etiam
862 1830 904 1894 ad
928 1830 1114 1916 exemplum
1139 1831 1185 1894 eis
1209 1830 1433 1894 reducendum
1456 1842 1515 1911 est,
1541 1830 1629 1916 quod
1652 1831 1685 1894 in
1702 1829 1924 1895 ecclesiastica

268 1934 402 2000 historia
426 1934 658 2001 Constantinus
682 1938 859 2023 imperator
890 1938 1053 2023 episcopis
1084 1937 1145 2000 ait:
1177 1941 1287 2015 neiat,
1316 1937 1431 2023 inquit,
1461 1946 1602 2000 comburit
1630 1965 1680 2000 vos
1709 1946 1865 2001 sacerdotes
1895 1955 1923 2000 et

267 2059 431 2122 potestatem
454 2052 532 2106 robis
555 2053 630 2107 dedit
654 2054 689 2107 dc
713 2053 791 2106 nobis
814 2071 925 2123 quoque
949 2053 1101 2118 indicandi;
1126 2061 1154 2107 et
1177 2053 1240 2107 ideo
1263 2070 1313 2107 nos
1336 2071 1353 2106 a
1377 2051 1454 2106 robis
1477 2061 1552 2107 recte
1576 2053 1736 2118 iudicamur,
1759 2071 1808 2107 ros
1831 2061 1923 2108 antem

268 2177 323 2213 non
345 2159 458 2229 potestis
481 2159 516 2212 ab
539 2159 694 2214 hominibus
717 2160 839 2213 indicari.
877 2160 996 2230 Propter
1018 2160 1093 2230 quod
1109 2160 1164 2213 Dei
1187 2160 1271 2213 solius
1293 2159 1364 2213 inter
1387 2177 1436 2213 ros
1459 2166 1605 2230 expectate
1629 2160 1768 2228 iudicium,
1784 2167 1815 2213 ut
1829 2167 1922 2214 resne

225 2283 251 2323 rs
269 2266 366 2336 imgia.
388 2283 579 2338 quaecumque
604 2275 675 2333 sunt,
699 2268 736 2320 ad
758 2267 827 2320 illud
851 2267 971 2320 divinum
993 2257 1168 2320 reserventur
1191 2283 1316 2320 eramen.
1351 2266 1410 2320 vos
1433 2266 1533 2321 etenim
1556 2266 1634 2320 nobis
1658 2266 1753 2321 sDeo
1776 2267 1833 2320 dati
1858 2266 1923 2320 estis

269 2372 323 2438 dei,
349 2383 376 2426 et
399 2373 563 2427 conveniens
587 2391 640 2426 non
665 2381 715 2439 est,
739 2380 769 2426 ut
791 2372 874 2426 homo
897 2373 998 2426 indicet
1020 2374 1096 2436 deos,
1120 2373 1168 2426 sed
1191 2372 1239 2426 ille
1263 2373 1346 2440 solus,
1369 2373 1403 2427 de
1427 2390 1481 2443 qno
1504 2373 1633 2443 scriptum
1657 2381 1713 2427 est:
1744 2371 1824 2429 Deus
1851 2372 1924 2429 stetit
1942 2388 2051 2438 rasni.

269 2477 298 2534 ia
320 2497 466 2554 aytrapopa
490 2479 615 2546 deorum,
639 2478 668 2534 io
692 2478 781 2534 valedio
804 2487 895 2534 aretem
919 2479 984 2534 deos
1007 2477 1152 2534 diiudicat.

376 2595 459 2679 (16).
491 2593 585 2680 Cap.
600 2594 709 2658 VIIII.
749 2593 838 2659 sed⁶
861 2607 893 2658 et
916 2593 978 2658 hoc
994 2593 1056 2658 illis
1073 2592 1115 2657 ad
1131 2593 1321 2658 memoriam
1337 2592 1560 2658 reducendum
1576 2605 1635 2676 est,
1652 2594 1792 2681 qualiter
1806 2594 1922 2660 beatus

270 2700 413 2786 Prosper
435 2701 469 2764 in
493 2699 586 2782 libro,
612 2723 707 2787 quem
733 2700 773 2764 dc
799 2699 1052 2787 contemplativa
1077 2711 1109 2764 et
1139 2699 1259 2764 actuali
1288 2700 1356 2764 vita
1386 2700 1525 2786 scripsit,
1557 2699 1687 2765 laudem
1717 2702 1921 2767 sacerdotum

223 2834 252 2873 ao
270 2806 550 2892 conprehenderit.
598 2811 688 2888 Ipsis⁶
712 2818 792 2885 enim,
815 2808 931 2894 inquit,
955 2817 982 2870 id
1006 2823 1048 2870 est
1070 2816 1269 2886 sacerdotibus,
1298 2817 1407 2887 proprie
1430 2817 1581 2871 animarum
1610 2819 1792 2872 curandamm
1821 2819 1921 2873 sollici·

270 2924 336 2976 tudo
359 2923 502 2978 commissa
526 2932 575 2977 est.
615 2923 667 2988 Qui
691 2923 797 2994 pondus
820 2923 915 2994 populi
939 2923 989 2976 sibi
1013 2923 1149 2976 commissi
1171 2923 1288 2978 viriliter
1310 2924 1472 2978 matinentes
1494 2942 1545 2994 pro
1567 2926 1690 2995 peccatis
1712 2926 1830 2979 omnium
1846 2926 1922 2980 velut

269 3049 319 3100 pro
342 3031 397 3084 suis
419 3030 629 3102 infatigabiliter
651 3031 806 3100 supplicant
829 3030 892 3085 Deo
916 3047 948 3084 ae
972 3030 1048 3084 velut
1071 3030 1183 3100 quidam
1206 3030 1301 3083 Aaron
1322 3029 1463 3084 incemuni
1486 3031 1594 3084 contriti
1618 3032 1706 3085 cordis
1729 3042 1757 3085 et
1787 3031 1921 3085 humiliati
1940 3043 2103 3097 ammonet.

270 3138 378 3208 spiritus
401 3137 558 3198 offerentes,
582 3157 638 3208 qno
661 3138 788 3208 placatur
810 3138 897 3204 Deus,
920 3145 1047 3191 avertunt
1070 3137 1139 3190 iram
1169 3136 1277 3190 futurae
1307 3135 1548 3190 animadversionis
1579 3154 1595 3190 a
1625 3138 1737 3208 populo.
1790 3137 1843 3202 Qui
1872 3155 1923 3208 per

271 3245 324 3298 Dei
346 3246 465 3316 gratiam
491 3242 559 3298 fiunt
590 3244 699 3298 (livinae
723 3245 872 3298 voluntatis
902 3245 1014 3310 indices,
1044 3243 1221 3298 ecclesiamm
1245 3241 1346 3296 Christi
1374 3250 1437 3313 post
1467 3244 1606 3314 apostolos
1634 3244 1803 3312 fundatores,
1833 3243 1923 3300 tidelis

224 3369 252 3408 as
271 3352 364 3422 populi
388 3352 481 3419 duces,
503 3350 626 3405 veritatis
657 3351 820 3418 adsertores,
850 3368 935 3421 prave
965 3350 1106 3404 doctrinae
1135 3349 1239 3418 hostes,
1268 3349 1395 3403 omnibns
1424 3349 1502 3404 bonis
1532 3350 1666 3405 amabiles
1700 3359 1728 3406 ct
1762 3353 1835 3407 male
1869 3352 1922 3407 sibi

270 3458 384 3512 consciis
407 3458 490 3512 etiam
520 3458 578 3528 ipso
606 3457 666 3511 risu
699 3456 843 3525 terribiles,
873 3458 994 3511 vindices
1024 3474 1225 3527 oppressorum,
1258 3463 1353 3527 patres
1382 3456 1409 3510 in
1439 3454 1495 3512 fide
1525 3457 1662 3512 catholica
1690 3469 1923 3530 regeneratorum,

271 3565 475 3635 praedicatores
497 3564 657 3618 caelestium
681 3564 873 3633 praemiorum,
896 3565 1022 3634 exempla
1045 3564 1188 3633 bonomm,
1210 3564 1375 3618 documenta
1398 3564 1528 3618 rirmmm
1551 3573 1579 3618 et
1593 3564 1682 3619 forma
1697 3563 1828 3620 fidelium.
1866 3566 1921 3636 Ipsi

271 3679 331 3725 sunt
354 3672 437 3725 decus
460 3671 604 3734 ecclesiae,
627 3670 654 3723 in
677 3669 774 3741 quibus
797 3671 914 3740 amplius
937 3670 1025 3742 irriget
1048 3670 1174 3724 ecclesia.
1212 3669 1269 3740 Ipsi
1291 3670 1456 3741 columpnae
1472 3668 1636 3740 firmissime,
1652 3670 1751 3742 quibus
1770 3672 1797 3726 in
1813 3670 1921 3726 Christo

271 3778 390 3833 fmrdatis
412 3777 533 3831 innititur
556 3776 643 3831 omma
665 3776 810 3830 multitudo
833 3776 1009 3831 credentimn.
1056 3777 1112 3847 Ipsi
1134 3777 1234 3831 ianuae
1257 3777 1375 3831 civitatis
1398 3784 1539 3846 aeternae,
1567 3795 1618 3848 per
1641 3796 1712 3849 qnas
1740 3796 1844 3847 omnes,
1874 3780 1921 3849 qni

225 3886 394 3952 secrodunt,
416 3883 603 3956 ingrediuntur
626 3884 662 3937 ad
685 3881 830 3937 Christum.
876 3883 932 3954 Ipsi
955 3883 1094 3952 ianitores,
1117 3883 1216 3954 quibus
1239 3884 1332 3938 claves
1363 3884 1445 3938 datae
1476 3891 1537 3938 sunt
1567 3885 1645 3956 regni
1672 3885 1820 3939 caelorum.
1866 3886 1922 3956 Ipsi
1940 3897 2057 3940 efflant.

272 3992 354 4046 etiam
376 3991 578 4061 dispensatores
601 3990 676 4060 regie
700 3990 805 4060 domm,
828 4007 943 4060 quornm
966 3989 1080 4044 arbitrio
1102 3990 1130 4044 in
1152 3990 1218 4044 aula
1240 3990 1314 4062 regis
1337 3990 1442 4045 aeterni
1464 3990 1620 4045 dividuntur
1642 3993 1744 4062 gradus
1771 3999 1799 4046 et
1827 3990 1923 4046 officia
1961 3952 2036 4001 Μ’

271 4098 446 4168 singulorum.
492 4086 587 4150 Licet
610 4087 696 4151 enim
720 4099 905 4151 sanctorum
929 4085 1196 4173 praecedentium
1220 4085 1426 4151 sacerdotnm
1448 4088 1516 4151 vita
1540 4099 1572 4152 et
1594 4089 1718 4153 meritis
1747 4088 1844 4174 longe
1874 4090 1921 4153 in-

270 4194 405 4260 feriores
429 4194 539 4275 simus,
562 4192 650 4257 idem
673 4204 782 4257 tamen
806 4215 935 4257 sacrum
958 4194 1183 4276 ministerium,
1207 4191 1295 4280 quod
1318 4192 1445 4278 indigni
1468 4194 1681 4280 suscepimus,
1704 4217 1770 4259 non
1788 4196 1921 4260 minoris

272 4301 473 4365 auctoritatis
497 4309 529 4363 et
552 4297 719 4384 dignitatis
743 4300 854 4364 existit
877 4310 918 4380 et,
943 4321 1140 4386 quamquam
1169 4309 1260 4365 tanto
1290 4301 1469 4366 ministerio
1492 4300 1617 4387 indigni
1648 4303 1758 4384 simus,
1789 4314 1923 4389 propter

226 4433 253 4473 a
270 4407 361 4471 illum
384 4419 503 4487 tamen,
528 4406 620 4470 cuins
643 4405 856 4470 ministerium
880 4407 1033 4491 gerimus,
1057 4407 1091 4470 in
1114 4404 1207 4471 nobis
1231 4428 1298 4471 non
1321 4407 1593 4473 contemnendum
1618 4419 1675 4473 cst.

376 4590 439 4639 VII.
470 4592 482 4639 1
503 4589 675 4640 admonenda
694 4587 724 4639 P.

377 4681 393 4729 3
413 4674 500 4740 Haec]
522 4676 588 4743 Cap.
602 4678 682 4728 VIII·
702 4678 779 4728 Haec
800 4678 827 4727 Γ.
899 4685 1016 4728 vestram
1036 4677 1066 4729 P.

377 4767 455 4817 VIII.
483 4768 498 4818 5
518 4765 585 4832 Cap.
597 4761 687 4829 VIII]
713 4766 804 4817 desum
826 4766 870 4817 boc
895 4767 945 4818 loco
970 4767 996 4828 l',
1022 4768 1050 4817 ia
1069 4767 1095 4818 P
1110 4768 1221 4833 capitatia
1243 4769 1416 4834 imeriptimsce
1440 4777 1464 4821 ct
1487 4770 1586 4820 numeri
1609 4786 1714 4835 prorem
1737 4768 1921 4820 ἅεείἀσαηεαν.

271 4858 286 4907 Β
306 4863 384 4907 erunt
403 4854 488 4922 ligata
505 4880 541 4889 -
560 4862 640 4905 erunt
658 4851 758 4917 soluta]
779 4856 816 4905 ito
835 4855 862 4904 V.
882 4853 913 4906 P.
1006 4859 1036 4905 14
1057 4850 1224 4922 hominibus]
1243 4858 1367 4909 omnibns
1386 4857 1414 4908 V.

225 4959 253 4996 so
376 4945 470 4995 VIIII.
501 4947 533 4996 le
553 4939 680 5010 Prosper]
699 4945 840 4995 Pomerius
861 4945 888 4994 Γ.
975 4947 1009 4996 20
1027 4946 1122 5011 inquid
1142 4945 1169 4996 V.
1256 4947 1369 5012 propias
1390 4945 1420 4997 P.
1498 4949 1532 4998 23
1552 4941 1807 5012 animadversionis]
1827 4947 1923 4998 adver·

271 5036 357 5084 sionis
376 5034 404 5084 1⁷.
489 5035 523 5085 24
542 5033 685 5099 apostolus
705 5034 732 5083 l'.
817 5035 851 5084 28
870 5031 1013 5084 columnas
1033 5033 1064 5084 P.
1149 5036 1183 5085 29
1202 5029 1280 5100 quas]
1302 5051 1370 5100 quos
1390 5035 1418 5086 Γ.
1503 5038 1537 5087 34
1556 5037 1675 5100 indignis
1694 5035 1726 5086 P.
1816 5038 1849 5086 35
1869 5052 1923 5086 non

270 5123 337 5173 deest
354 5122 382 5172 V.
456 5123 701 5189 contempnendum
720 5121 751 5173 P.

381 5268 409 5337 l)
433 5268 465 5324 V.
488 5288 579 5345 supra
594 5267 639 5325 lib.
656 5268 678 5325 J
691 5288 714 5325 c.
731 5272 771 5328 44
796 5263 836 5344 (p.
854 5273 917 5329 638
927 5263 983 5345 aq.)
1003 5288 1063 5326 curn
1079 5269 1315 5328 annotationibsu.
1385 5269 1416 5340 2)
1436 5268 1924 5346 Cfirclatioeprscopornmc.21;

272 5375 290 5431 t.
310 5376 329 5431 1.
353 5374 393 5444 ΙΙ,
414 5377 463 5434 35.
511 5373 616 5433 Concil.
640 5373 871 5452 Aqniaproaense
894 5379 957 5435 836
980 5377 1056 5433 decr.
1081 5395 1146 5451 cop.
1165 5375 1218 5432 III
1236 5395 1259 5433 c.
1280 5379 1301 5436 5
1324 5368 1412 5455 (45),·
1435 5376 1520 5448 infra
1541 5397 1575 5452 p.
1601 5379 1661 5435 716
1675 5397 1717 5453 sq.
1817 5377 1847 5446 3)
1874 5376 1923 5450 Cf.

163 5457 166 5464 ⁴
225 5499 254 5537 ss
273 5480 372 5539 relatio
396 5480 587 5558 epscoporum
611 5501 634 5538 e.
651 5486 711 5552 22;
738 5484 756 5538 l.
778 5484 797 5538 l.
821 5481 861 5554 ΙΙ,
887 5485 927 5541 35
937 5502 980 5558 sq.
1029 5481 1134 5540 Concil.
1158 5482 1390 5560 Aqurspraaensc
1412 5487 1476 5543 836
1498 5485 1575 5541 decr.
1600 5503 1663 5559 cap.
1681 5483 1735 5541 ΙΙΙ
1753 5488 1813 5543 c.6
1837 5479 1924 5560 (45);

272 5589 291 5644 l.
312 5589 330 5644 l.
349 5608 383 5664 p.
402 5591 471 5647 717.
541 5589 572 5658 4)
595 5588 727 5668 Rufinus,
754 5588 954 5646 Ecclesiastico
978 5589 1096 5646 historia
1119 5589 1154 5646 Χ
1172 5609 1195 5646 c.
1219 5592 1257 5658 2;
1281 5589 1324 5646 ed.
1348 5588 1483 5647 Bri-sileae
1505 5593 1596 5661 1523,
1615 5611 1649 5666 p.
1665 5593 1737 5650 218.
1779 5591 1810 5648 V.
1834 5613 1924 5668 supro

273 5694 319 5751 lio.
343 5694 404 5751 Ic.
429 5698 485 5764 19,·
504 5716 537 5771 p.
563 5699 624 5756 625
640 5717 681 5772 sq.
761 5696 793 5766 5)
819 5695 867 5769 Os.
892 5695 992 5753 relatio
1015 5695 1207 5771 episcoporum
1236 5715 1259 5752 c.
1283 5699 1326 5755 22
1348 5697 1438 5765 υιεᾱ.,·
1462 5698 1481 5752 t.
1505 5698 1524 5752 l.
1549 5696 1589 5768 II,
1607 5701 1656 5756 36.
1694 5695 1799 5755 Concil.
1823 5698 1925 5774 Aquis-

270 5820 414 5878 cranone
432 5804 495 5861 836
518 5802 594 5859 decr.
617 5823 680 5878 cap.
704 5802 758 5859 111
776 5823 799 5860 c.
817 5807 836 5862 5
854 5795 941 5878 (15);
965 5803 983 5858 l.
1001 5803 1019 5858 l.
1039 5821 1072 5877 p.
1091 5805 1160 5861 717.
1230 5802 1262 5872 6)
1286 5801 1415 5859 Iulianus
1432 5802 1587 5872 Pometios,
1613 5802 1658 5860 De
1672 5803 1730 5860 vito
1754 5806 1923 5880 contempla·

273 5907 330 5964 tiva
353 5907 390 5963 II
411 5927 436 5965 c.
459 5912 497 5977 2;
529 5907 603 5985 Opp
628 5908 766 5984 Prosperi
786 5928 854 5984 αρρ.
878 5912 929 5967 25.
971 5909 1004 5965 V.
1028 5927 1118 5984 supra
1141 5908 1186 5964 lit.
1212 5907 1234 5964 I
1251 5928 1275 5964 c.
1300 5911 1337 5978 4,·
1362 5928 1395 5984 p.
1422 5912 1488 5968 611.

327 6023 373 6068 nr..
387 6023 488 6064 masna
503 6025 534 6065 11.
1677 6032 1711 6083 35
