4884 6717
537 526 600 588 748
953 533 1003 589 56.
1041 532 1260 591 CONCILIUM
1283 534 1610 599 AQUISGRANHNSE
1635 537 1671 591 A.
1693 535 1767 592 836.

393 739 515 787 eram.
535 719 667 782 nissime
691 720 724 782 in
748 717 830 783 libro
854 719 991 804 Regum.
1039 719 1134 800 Quod
1165 743 1244 785 vero
1276 720 1499 786 sacerdotibus
1530 745 1603 786 cum
1631 721 1750 809 poprdo
1775 724 1809 786 in
1833 723 2055 809 captivitatem
2080 722 2186 786 ductis

406 794 515 841 mm
536 836 569 888 et
591 826 625 888 iu
649 824 763 889 cadem
788 826 977 911 captivitate
1002 848 1061 912 per
1084 829 1291 912 septuaginta
1314 850 1415 892 annos
1438 827 1578 892 detentis
1594 829 1763 893 memorati
1780 826 1985 892 Gabaonitae
2009 828 2186 892 eorundem

355 947 516 994 curuans.
536 930 740 995 sacerdotum
765 931 922 1018 obsequio
953 932 1073 996 fuerint
1104 935 1291 1020 mancipati,
1315 933 1416 998 habes
1446 936 1479 998 in
1504 934 1586 998 libro
1610 935 1791 1014 Haesdrae,
1822 933 1878 998 ubi
1910 956 2054 999 seorsum
2079 956 2185 998 sacer·

355 1004 515 1045 mmm
536 1038 638 1118 dotes,
673 1061 817 1102 scorsum
849 1061 927 1102 acero
959 1053 1170 1103 numerantur
1199 1040 1346 1122 Levitae,
1382 1039 1425 1104 ad
1455 1053 1636 1105 extremum
1666 1051 1877 1105 numerantur
1906 1039 2092 1120 Nathiunei,
2128 1064 2185 1105 nu·

536 1157 703 1208 merantur
718 1146 816 1207 etiam
840 1156 872 1209 et
896 1144 954 1208 filii
977 1168 1144 1210 servorum
1163 1144 1356 1211 Salomonis.
1392 1146 1521 1211 Nathan
1538 1149 1658 1233 quippe
1675 1146 1847 1228 Ebraicac,
1872 1146 1988 1210 Latine
2014 1147 2218 1228 ‘donatus’,s

536 1249 712 1313 Nathinnei
727 1250 879 1332 Ebraice,
904 1251 1020 1315 Latine
1037 1275 1165 1338 quoque
1183 1252 1313 1317 ‘donati'
1331 1253 1383 1317 vel
1403 1253 1577 1318 ‘donaticii'
1599 1252 1804 1339 appellantur
1813 1259 1833 1316 1.
1874 1253 1918 1317 Hi
1941 1265 2016 1317 sunt
2039 1253 2185 1338 profecto

536 1357 721 1442 accipiendi
752 1360 919 1421 memorati
945 1357 1160 1440 Gabaonitae,
1192 1383 1273 1446 quos
1303 1359 1398 1423 losue
1429 1358 1638 1424 tabernaculo
1669 1360 1803 1423 Domini
1833 1361 2009 1423 servituros
2040 1359 2184 1423 donavit.

536 1464 638 1527 Porro
669 1486 750 1550 quos
773 1476 870 1528 vocat
899 1467 932 1528 in
963 1465 1078 1528 codem
1108 1464 1191 1530 libro
1222 1467 1328 1530 Ezrae
1359 1465 1441 1531 filios
1471 1488 1639 1530 servorum
1668 1465 1862 1544 Salomonis,
1893 1465 1925 1529 hi
1957 1478 2031 1529 sunt
2060 1464 2185 1552 absque

376 1572 516 1676 ⁶2&fo
537 1569 637 1633 dubio
660 1570 881 1656 intellegendi,
914 1595 993 1658 quos
1018 1571 1171 1636 Salomon
1195 1570 1237 1635 ob
1261 1572 1415 1637 honorem
1446 1573 1549 1637 divini
1581 1571 1685 1637 cultus
1708 1571 1828 1658 templo
1852 1571 1986 1636 Domini
2010 1571 2184 1658 delegavit.

644 1713 727 1799 (42).
751 1713 828 1777 llll.
866 1714 1027 1800 Tempore
1052 1715 1150 1799 igitur
1166 1713 1314 1779 iudicum
1335 1715 1541 1779 manifestum
1558 1727 1607 1778 est
1621 1713 1776 1801 populum
1792 1713 2029 1778 israheliticum
2053 1739 2072 1778 a
2096 1715 2186 1779 cultu
2205 1737 2230 1775 ιο

538 1819 648 1883 divino
679 1822 853 1883 recessisse
884 1833 916 1884 ct
947 1820 988 1885 ab
1013 1821 1186 1884 offerendis
1210 1821 1284 1885 Deo
1315 1822 1483 1885 sacrificiis
1514 1833 1547 1886 et
1576 1821 1689 1884 hostiis
1717 1820 1863 1907 pacificis
1887 1830 1919 1884 et
1943 1821 2069 1902 ceteris,
2100 1843 2184 1907 quae

537 1926 609 2010 loge
641 1937 796 2012 precepta
827 1939 910 2008 sunt,
942 1926 1144 1991 diversarum
1174 1929 1356 2013 specierum
1386 1927 1575 1992 muneribus
1606 1929 1765 2013 torpuisse
1797 1926 1896 1990 etad
1919 1928 2015 1991 ritum
2039 1929 2185 2012 gentium

375 2057 517 2110 moreius.
537 2032 707 2112 defecisse,
733 2034 895 2119 quoniam,
920 2046 955 2097 ut
978 2035 1012 2097 iu
1035 2033 1118 2098 libro
1142 2034 1291 2098 ludicum
1316 2033 1443 2120 legitur,
1470 2039 1502 2098 ia
1526 2036 1636 2098 diebus
1660 2035 1728 2099 illis
1752 2059 1812 2098 non
1835 2049 1904 2098 erat
1925 2059 1982 2098 rer
2001 2038 2033 2097 ia
2049 2034 2184 2116 Israhel,

535 2140 594 2202 aad
609 2144 830 2225 unusquisque,
851 2141 936 2226 qaod
950 2143 1017 2205 eibi
1034 2156 1147 2205 rectam
1170 2142 1343 2222 ridebatur,
1363 2143 1419 2204 hoc
1430 2144 1588 2229 faciebat,
1607 2154 1640 2205 et
1659 2139 1782 2204 idcirco
1800 2139 1841 2204 0b
1857 2141 2007 2204 meritum
2024 2140 2184 2204 scelerum

537 2267 667 2309 suorum
692 2246 867 2309 earundem
891 2248 1035 2332 gentium
1060 2246 1202 2311 dominio
1227 2246 1434 2333 subiugatum
1458 2259 1491 2312 et
1514 2246 1653 2311 diversis
1676 2245 1940 2311 tribulationibus
1971 2258 2004 2310 et
2026 2248 2186 2332 angustiis
2207 2272 2232 2311 rs

537 2350 694 2416 afflictum
717 2353 828 2416 fuisse.
876 2353 941 2434 Qui
965 2377 1062 2439 saepe
1087 2365 1212 2418 reatum
1243 2378 1337 2419 suum
1368 2365 1583 2440 agnoscentes
1608 2366 1639 2417 et
1662 2353 1818 2418 luctuosis
1841 2354 2061 2440 paenitentiae
2086 2354 2186 2439 gemi-

537 2457 623 2525 tibus
655 2458 811 2522 deflentes
841 2483 900 2545 per
930 2461 1092 2524 sacrificia
1115 2461 1188 2525 Deo
1220 2458 1338 2543 oblata,
1370 2484 1389 2524 a
1420 2459 1537 2547 quibus
1561 2460 1617 2525 diu
1640 2472 1849 2540 vacaverant,
1881 2459 1921 2523 de
1952 2460 2092 2524 inimicis
2120 2460 2186 2523 suis

416 2566 516 2660 ,pf-,Q
538 2566 675 2628 extitere
700 2566 850 2647 victores,
875 2567 959 2630 sicut
982 2566 1119 2652 legimus
1143 2566 1184 2631 de
1202 2566 1339 2631 Gedeon
1363 2580 1395 2631 et
1410 2567 1541 2632 Manue.
1576 2567 1670 2631 Haec
1686 2566 1760 2631 ideo
1777 2565 1978 2653 protulimus,
2002 2577 2038 2630 ut
2053 2588 2186 2652 magno·

411 2673 518 2723 ”autu
536 2692 615 2756 pere
639 2671 869 2757 perpendatur,
899 2675 1011 2759 quanti
1040 2674 1081 2736 sit
1109 2673 1304 2737 discriminis
1328 2672 1450 2738 cultum
1474 2674 1619 2737 divinum
1644 2674 1783 2759 Deoque
1814 2672 1974 2737 sacrificia
1997 2670 2109 2737 debita
2132 2683 2188 2736 aut

537 2776 667 2863 neglegi
691 2791 747 2841 aut
770 2778 965 2843 dehonorari
988 2793 1020 2843 et
1044 2782 1157 2866 quanti
1181 2782 1221 2843 sit
1238 2779 1343 2844 solatii
1368 2791 1481 2845 contra
1504 2779 1612 2844 hostes
1635 2779 1781 2843 visibiles
1804 2792 1837 2843 et
1859 2778 2039 2843 invisibiles
2062 2779 2186 2864 magni·
2205 2804 2232 2844 ao

537 2907 600 2969 que
628 2887 814 2949 muniminis
845 2909 885 2950 ea
915 2888 975 2951 rite
1000 2899 1033 2951 et
1055 2887 1189 2951 honeste
1213 2887 1286 2951 Deo
1311 2885 1469 2953 exhiberi.
1509 2886 1733 2972 Veremurque
1757 2885 1902 2964 nimium,
1932 2907 1973 2948 ne
1997 2884 2070 2966 hoc,
2098 2884 2187 2972 quod

416 3014 516 3060 rurae.
538 2990 672 3055 dicitur:
699 2993 851 3057 Faciebat
870 2997 1081 3080 unusquisque
1101 2995 1187 3080 quod
1208 2996 1275 3059 siti
1294 3010 1409 3059 rectam
1434 2994 1608 3074 videbatur,
1633 2990 1861 3079 quoquomodo
1877 2991 1940 3055 illis
1957 2992 2062 3077 aptari
2079 3001 2186 3078 queat,

539 3099 594 3183 qui
622 3121 674 3162 res
699 3099 856 3163 ecclesiae
882 3111 938 3163 aut
961 3099 1040 3164 dant
1069 3112 1125 3164 aut
1148 3101 1313 3185 accipiunt
1337 3110 1369 3164 et
1391 3100 1425 3163 in
1449 3122 1524 3163 suos
1547 3122 1624 3162 usus
1650 3110 1762 3162 contra
1784 3098 1834 3161 fas
1857 3108 2046 3184 retorquent
2069 3108 2102 3162 et
2124 3098 2187 3163 hoc

539 3203 601 3267 sibi
625 3216 750 3269 rectum
773 3207 957 3293 iustumque
980 3207 1087 3270 videri
1110 3217 1235 3292 putant.

397 3352 519 3454 “ijiljggs
644 3349 727 3434 (43).
750 3349 790 3411 V.
824 3348 979 3434 Legimus
1002 3350 1112 3435 itaque
1136 3350 1170 3411 iu
1189 3347 1272 3413 libro
1289 3348 1472 3413 Samuhelis
1492 3349 1607 3434 primo,
1628 3349 1706 3433 quia
1724 3369 1782 3432 pro
1802 3369 1851 3428 eo,
1871 3346 1957 3432 quod
1973 3344 2186 3410 Annafilium
2204 3372 2231 3412 as

537 3478 630 3520 suum
654 3454 863 3520 Samuhelem
894 3454 1031 3519 adduxit
1061 3457 1094 3518 in
1125 3454 1256 3519 domum
1280 3455 1424 3536 Domini,
1456 3477 1540 3541 quae
1571 3465 1641 3517 erat
1664 3455 1698 3517 in
1722 3452 1799 3534 Silo,
1832 3475 1971 3539 eumque
1999 3475 2074 3517 cum
2097 3452 2186 3517 holo·

539 3563 658 3625 caustis
682 3584 741 3648 per
764 3562 907 3627 officium
930 3561 1005 3625 Heli
1037 3561 1215 3626 sacerdotis
1247 3560 1362 3626 obtulit
1385 3561 1538 3640 Domino,
1569 3561 1615 3624 ita
1645 3572 1680 3623 ut
1708 3561 1833 3626 cunctis
1857 3559 2083 3624 diebusvitae
2108 3582 2185 3625 suae

538 3669 675 3732 serviret
705 3668 858 3750 Domino,
889 3667 1013 3732 idcirco
1044 3667 1304 3733 benedictionem
1339 3669 1493 3731 meruerit
1522 3690 1542 3731 a
1572 3667 1723 3730 Domino.
1770 3666 1865 3748 Nota,
1901 3664 2043 3752 prudeus
2073 3666 2185 3748 lector,

539 3774 626 3860 quod
649 3773 894 3840 tabernaculum
917 3775 1050 3839 Domini
1073 3787 1210 3839 vocetur
1240 3775 1293 3840 hio
1325 3775 1438 3838 domus
1461 3775 1606 3853 Domini,
1637 3774 1720 3837 sieut
1749 3772 1850 3837 habes
1880 3775 1914 3837 in
1945 3772 2060 3837 eodem
2083 3772 2184 3837 libro:

417 3902 519 3952 uasta
539 3882 583 3946 Et
612 3882 749 3946 adduxit
778 3908 857 3962 erem,
890 3880 924 3945 id
955 3893 1005 3946 cst
1035 3882 1252 3962 Samuhelem,
1289 3885 1322 3947 ia
1353 3883 1478 3945 domam
1509 3875 1645 3945 Domini
1670 3884 1704 3946 ia
1736 3881 1815 3945 Sila.
1868 3878 1914 3944 At
1942 3881 1968 3942 si
2000 3879 2081 3943 forte
2113 3881 2186 3966 quis
2204 3904 2232 3943 so

541 3999 686 4074 quaerat,
711 4011 808 4074 quam
832 3988 1093 4054 benedictionem
1117 3988 1233 4053 cadem
1257 3988 1354 4052 Anna
1377 3998 1552 4051 consecuta
1582 3988 1632 4066 sit,
1660 3985 1771 4050 videat
1801 3988 1981 4072 sequentia.
2027 3985 2187 4051 Ascendit

366 4115 518 4165 suasam,
540 4096 650 4181 itaque
674 4095 772 4158 Anna
795 4118 868 4160 cum
892 4098 963 4160 viro
992 4119 1050 4159 suo
1074 4094 1255 4176 Helchana,
1287 4110 1321 4159 ut
1349 4095 1526 4159 immolaret
1554 4095 1685 4158 hostiam
1716 4094 1903 4158 sollemnem.
1957 4093 2001 4158 Et
2029 4094 2188 4159 benedicit

539 4202 621 4266 Heli
642 4202 825 4267 Helchaaae
848 4218 876 4268 et
900 4207 996 4268 arceri
1015 4207 1082 4268 cias
1106 4204 1267 4288 dabitque:
1295 4201 1424 4265 Reddat
1445 4201 1603 4264 Dominus
1626 4202 1687 4264 tibi
1706 4225 1808 4265 semea
1832 4201 2024 4265 demulcere
2047 4201 2106 4265 hac
2122 4224 2187 4287 pro

532 4311 679 4397 foenore,
703 4310 789 4395 qaod
811 4311 1017 4374 commodasti
1034 4310 1181 4374 Domino.
1218 4309 1263 4373 Et
1284 4311 1429 4372 abierant
1452 4311 1487 4371 ia
1510 4309 1610 4370 locam
1633 4331 1733 4370 cuam.
1779 4306 1925 4371 Va'aitacit
1943 4331 2015 4393 erpo
2031 4306 2188 4372 Dominus

646 4563 697 4612 111.
729 4564 745 4611 2
770 4562 897 4612 detentos
918 4562 944 4612 C.
1036 4562 1190 4612 Gabaonite
1213 4561 1245 4610 L.
1337 4562 1352 4610 3
1379 4554 1530 4622 Haesdrae]
1557 4559 1641 4620 trac,
1670 4560 1772 4611 Esdrac
1798 4560 1830 4610 L.
1854 4560 1892 4620 M,
1919 4561 2024 4611 Eudrae
2050 4559 2187 4611 Β1.2.3.
2206 4569 2233 4609 tt

539 4657 554 4702 4
575 4667 640 4702 vero
658 4652 724 4700 deest
742 4650 802 4700 B3.
821 4651 858 4703 M.
914 4651 1043 4700 Laeritae
1066 4653 1092 4709 t',
1113 4650 1208 4700 Levite
1228 4650 1265 4699 M.
1327 4652 1342 4699 5
1363 4643 1479 4711 Nathan]
1499 4650 1521 4697 is
1540 4648 1600 4699 add.
1620 4649 1652 4700 L.
1713 4643 1857 4713 Ebraicae]
1876 4650 1913 4699 ita
1934 4649 1960 4710 C,
1980 4649 2136 4700 Haebruice
2156 4648 2187 4710 L,

538 4742 692 4791 Hebraicae
712 4739 816 4800 B3('?),
837 4741 973 4789 Hebraico
994 4740 1046 4790 rell.
1109 4734 1271 4801 bEbraiee]
1291 4739 1330 4788 ita
1351 4739 1377 4796 0,
1398 4739 1535 4787 Hebraico
1553 4747 1608 4789 cett.
1669 4739 1859 4789 ruabaonits
1878 4738 1938 4789 132.
1957 4737 1994 4788 M.
2053 4733 2185 4801 BEme]

539 4831 575 4880 ita
596 4831 623 4881 C.
643 4829 702 4889 Bi,
723 4828 811 4878 Edrae
830 4827 863 4889 L,
883 4828 988 4878 Badias
1008 4828 1067 4878 132.
1082 4831 1107 4884 3,
1126 4827 1229 4877 Esdrae
1249 4826 1286 4876 M.
1359 4827 1394 4892 hy
1413 4826 1450 4875 M.

647 4935 714 4985 1111.
750 4937 781 4985 10
811 4929 889 4997 uu]
915 4934 951 4984 aa
973 4935 999 4984 a
1020 4934 1079 4984 ar.
1098 4933 1137 4994 u,·
1164 4934 1191 4983 a
1211 4933 1270 4983 aa
1284 4937 1308 4984 3.
1329 4933 1361 4982 a
1382 4932 1441 4984 ssa
1465 4950 1541 4998 aaa
1565 4933 1600 4984 aa
1623 4950 1678 4998 ap.
1705 4933 1778 4984 vm.
1804 4934 1888 4998 apsa
1912 4951 1963 4984 non
1987 4933 2188 4999 aestuosas.

539 5023 748 5076 Israhelliticum
768 5024 804 5073 M.
898 5025 929 5073 16
955 5017 1050 5086 fuisse]
1075 5023 1127 5073 scil.
1153 5023 1327 5073 manifestum
1353 5031 1405 5080 est,
1428 5040 1451 5072 v.
1471 5023 1487 5072 t
1509 5029 1550 5072 10.
1643 5023 1675 5072 18
1700 5023 1819 5073 Manuae
1844 5022 1881 5072 M.
1972 5024 2006 5073 20
2030 5029 2132 5087 quauta
2150 5020 2188 5073 M.
2205 5029 2234 5068 to

540 5115 630 5179 magni
649 5113 680 5163 L.
699 5113 758 5163 Ba.
851 5114 882 5162 21
909 5113 968 5162 Deo
991 5112 1058 5161 deest
1078 5112 1103 5162 C.
1190 5112 1293 5162 exiberi
1312 5110 1372 5160 Ba.
1391 5110 1429 5160 M.
1520 5113 1553 5161 22
1580 5113 1667 5175 aptari
1693 5105 1781 5177 queat]
1808 5110 1900 5161 valeat
1925 5113 2013 5176 aptari
2032 5111 2092 5162 Ba.
2105 5115 2130 5162 3.
2149 5111 2187 5162 M.

540 5206 573 5254 23
593 5211 619 5253 et
639 5198 676 5264 iul
698 5203 791 5251 autin
810 5193 869 5251 B3.
889 5201 927 5250 M.

646 5309 678 5358 V.
710 5311 743 5358 25
769 5302 810 5371 V.]
836 5307 872 5357 ita
893 5308 924 5366 C,
951 5305 1021 5358 iaL
1045 5306 1080 5356 ad
1097 5324 1152 5372 cap.
1173 5307 1199 5356 V.
1218 5315 1243 5356 et
1261 5307 1304 5357 1'1.
1323 5325 1408 5372 mar-po
1430 5306 1538 5356 abaciam
1561 5315 1604 5356 eet.
1695 5302 1856 5372 Samuhelis]
1883 5305 2003 5359 Samuel·
2028 5308 2064 5358 M
2081 5308 2187 5373 saepiu

540 5399 574 5447 26
593 5396 746 5448 holocausti
766 5397 803 5446 M.
883 5398 917 5446 23
937 5391 1074 5459 meruerit]
1094 5398 1192 5446 meruit
1211 5395 1243 5456 L,
1271 5396 1399 5446 meruerit
1418 5397 1542 5461 accipere
1561 5395 1621 5456 Bu,
1648 5397 1746 5446 meruit
1765 5398 1890 5462 accipere
1909 5396 1935 5446 B
1944 5399 1969 5447 3.
1988 5395 2027 5447 M.
2102 5391 2185 5459 Nota]

539 5486 597 5536 huie
615 5486 685 5537 aerbo
699 5485 841 5552 praemittit
853 5485 884 5534 V.
902 5485 962 5535 131.
1026 5487 1060 5536 30
1080 5501 1140 5535 eum
1159 5485 1226 5534 deest
1244 5485 1281 5534 M.
1344 5484 1424 5535 domo
1444 5484 1481 5534 M.
1545 5485 1587 5534 Ad
1606 5484 1637 5534 L.
1702 5487 1735 5536 32
1754 5484 1880 5536 Helcana
1898 5484 1929 5546 L,
1949 5484 2071 5536 Elchana
2090 5485 2150 5536 132.
2163 5489 2188 5536 3.
2205 5489 2234 5529 ⁴⁸

540 5575 629 5626 hostia
648 5575 680 5630 L.
747 5577 781 5625 33
801 5573 943 5625 Helcanae
964 5573 999 5632 L,
1018 5573 1158 5624 Elehanae
1177 5573 1203 5623 B
1212 5577 1237 5624 3.
1304 5573 1410 5624 Reddet
1428 5572 1487 5623 Ba.
1561 5575 1595 5623 34
1613 5573 1707 5623 toeore
1729 5575 1755 5624 C.
1824 5574 1997 5639 quomodasti
2016 5573 2042 5624 B
2051 5577 2075 5637 2,
2095 5589 2187 5624 como·

540 5663 610 5715 (lasti
630 5664 690 5715 B3.
711 5662 746 5718 M.
819 5658 956 5726 abierunt]
976 5663 1121 5714 habierunt
1140 5656 1165 5706 Β
1175 5667 1199 5713 2.

650 5879 679 5948 1)
709 5879 789 5936 b'ade
813 5879 882 5936 haec
897 5879 1048 5955 fluxerint,
1067 5879 1187 5950 fnestra
1209 5878 1351 5954 quaesivi,·
1374 5878 1426 5935 sed
1445 5898 1471 5935 v.
1497 5878 1666 5952 Hieronymi
1688 5876 1803 5954 Oppi,
1828 5882 1899 5939 890.
