4884 6717
678 544 729 600 44.
765 543 984 601 CONCILIUM
1007 543 1235 601 PARISIENSE
1259 545 1296 599 A.
1316 543 1391 600 825.
1797 535 1862 598 515

315 731 397 795 Item
423 730 568 796 eiusdem
592 733 697 796 saneti
720 732 895 815 Augustini
918 753 1017 818 super
1039 730 1218 795 Iohannem
1249 730 1484 815 evangelistam
1508 728 1549 793 de
1573 727 1687 794 eodem
1712 750 1861 793 sermone

209 836 328 902 omelia
352 838 436 902 luter
458 848 585 902 cetera:
611 843 743 902 luterim¹
759 847 851 914 modu,
873 846 981 910 habes,
1004 854 1034 900 ut
1048 864 1066 900 a
1081 855 1196 917 peceato
1212 865 1349 908 sanemur,
1372 845 1510 900 Christum
1525 844 1682 900 crucifixum
1698 846 1861 910 intueamur,

208 954 284 1024 quia,
305 952 377 1010 sicut
400 953 513 1026 Moyses
536 953 673 1011 nudauit
700 960 856 1028 ser-pentem
879 952 909 1008 in
933 952 1052 1021 hermae,
1077 952 1117 1008 ita
1140 952 1267 1009 multari
1287 961 1397 1027 oportet
1411 951 1505 1028 filiam
1529 950 1656 1008 mininis.
1704 952 1765 1005 Hos
1789 953 2039 1012 erumpnarum.

207 1060 321 1115 interest
343 1060 414 1115 inter
436 1060 552 1132 liguram
574 1061 632 1114 sire
656 1062 803 1132 imaginem
826 1069 854 1114 et
877 1077 935 1114 rem
958 1060 1062 1129 ipsam:
1091 1059 1181 1130 figam
1204 1059 1366 1129 praestabat
1388 1060 1473 1113 vitam
1496 1060 1687 1129 temporalem,
1717 1076 1761 1112 res
1791 1059 1862 1129 ipsa,

176 1168 285 1226 scmus
307 1168 357 1221 illa
379 1166 468 1239 figura
491 1177 560 1236 erat,
582 1168 743 1238 praestabat
765 1169 850 1222 vitam
873 1174 1014 1221 aetemam
1038 1166 1070 1219 et
1094 1168 1213 1221 cetera.

315 1263 397 1328 Item
422 1265 527 1329 saneti
550 1265 724 1350 Augustini
748 1263 789 1328 de
813 1261 896 1328 libro
927 1265 1022 1327 tertio
1053 1273 1187 1327 sanetae
1217 1264 1370 1328 trinitatis
1400 1264 1485 1326 inter
1515 1275 1643 1328 cetera:
1674 1268 1769 1326 Nam²
1791 1273 1862 1326 sieut

207 1380 301 1434 unctio
317 1381 416 1450 lapidis
431 1381 568 1434 t'bsistum
583 1381 611 1434 in
627 1398 719 1452 earne,
742 1380 770 1434 in
792 1397 849 1450 qua
872 1387 970 1434 unctus
993 1387 1035 1433 est
1057 1381 1119 1434 oleo
1144 1380 1320 1434 exaltationis
1343 1397 1410 1449 prae
1434 1380 1611 1449 participibus
1634 1379 1698 1441 suis,
1720 1379 1758 1432 ita
1782 1379 1861 1448 virga

209 1486 299 1557 Moysi
322 1504 454 1541 eomersa
478 1487 505 1541 in
524 1495 682 1558 serpentem
705 1487 793 1557 ipsum
809 1485 946 1540 Christum
969 1487 1071 1540 tactum
1094 1486 1288 1540 oboedientem
1311 1504 1399 1557 usque
1422 1488 1459 1540 ad
1481 1495 1597 1540 mortem
1620 1486 1688 1550 eius,
1710 1486 1782 1539 unde
1805 1485 1861 1539 ait:

210 1590 289 1649 &aas
310 1593 447 1650 mutauit
470 1593 584 1666 Moyses
604 1600 762 1668 serpentem
783 1592 813 1649 iu
837 1591 957 1649 tamo.
1881 1603 2002 1654 manu.

165 1717 191 1759 tu
315 1690 359 1754 Et
382 1703 455 1776 post
478 1701 603 1754 cetera:
636 1695 687 1754 Si3
709 1700 846 1754 intuentes
875 1700 953 1753 illum
983 1707 1138 1769 sementem
1167 1701 1319 1753 exaltatum
1349 1701 1377 1753 in
1407 1699 1518 1754 heremo
1548 1707 1704 1769 sementum
1728 1699 1861 1753 morsibus

208 1824 263 1861 nou
286 1806 425 1877 peribunt,
448 1817 526 1861 vetus
548 1808 631 1861 homo
653 1815 747 1861 noster
768 1805 912 1860 crucifixus
935 1815 977 1860 est
1000 1806 1072 1859 curci
1096 1824 1157 1859 emn
1181 1807 1238 1860 illo.
1286 1807 1341 1860 Per
1363 1816 1520 1876 semestrem
1550 1813 1642 1859 autem
1666 1825 1738 1859 mors
1761 1806 1861 1860 iutelli-

208 1914 291 1985 gitur,
314 1931 387 1984 quac
410 1914 485 1967 facta
515 1923 556 1968 est
579 1932 596 1968 a
619 1921 747 1983 serpente
775 1913 802 1966 in
825 1914 972 1983 paradyso,
1001 1913 1083 1966 mom
1114 1913 1259 1966 locutionis
1290 1931 1340 1983 per
1367 1911 1533 1966 efficientem
1563 1912 1601 1974 id,
1630 1912 1706 1982 qnod
1736 1911 1861 1980 efficitur,

209 2022 422 2074 demonstrante.
467 2021 541 2092 Ergo
564 2021 643 2092 virga
666 2021 693 2073 iu
717 2027 854 2089 serpente,
884 2018 1007 2072 Christus
1036 2019 1063 2072 in
1093 2029 1180 2072 morte
1211 2027 1240 2072 et
1262 2037 1375 2089 serpeus
1397 2037 1490 2073 narsus
1521 2019 1547 2072 in
1571 2019 1659 2090 virga,
1688 2018 1810 2074 Christus
1833 2020 1860 2074 iu

209 2127 415 2196 resurreetione,
438 2135 510 2180 totus
533 2128 561 2181 in
583 2144 697 2197 corpore
720 2145 779 2190 sus),
802 2127 877 2196 qrsod
901 2135 942 2178 est
965 2126 1082 2180 ecclesia
1105 2127 1138 2180 et
1161 2129 1280 2180 cetera.

165 2249 191 2290 u
316 2223 398 2287 Item
429 2221 516 2287 beati
539 2224 714 2309 Augustini
746 2224 779 2286 in
804 2220 887 2286 libro
910 2221 1020 2286 Exodi
1050 2224 1135 2286 inter
1164 2235 1290 2286 cetera:
1321 2229 1431 2286 Facm⁴
1457 2235 1601 2298 creditum,
1630 2233 1862 2304 quemamodum

209 2341 283 2394 facta
317 2341 449 2411 legimus;
484 2350 512 2393 ct
545 2349 637 2394 tanuen
670 2341 730 2410 ipsa
760 2340 835 2394 faeta
864 2339 989 2393 umbram
1019 2338 1103 2392 fmsss
1138 2339 1290 2392 futsuorum
1324 2340 1477 2409 apostolica
1511 2341 1634 2394 doctrina
1664 2342 1861 2412 cognoscimus.
1880 2353 2040 2403 secana.

209 2447 341 2501 Putamus
364 2464 430 2517 ergo
453 2447 613 2517 spiritaliter
636 2464 696 2500 csse
719 2446 911 2517 investiganda
935 2463 1008 2516 quae
1032 2445 1106 2498 facta
1130 2455 1207 2512 sunt3
1231 2446 1306 2499 faeta
1330 2455 1423 2500 tamen
1445 2464 1506 2501 esse
1522 2465 1624 2518 negare
1645 2465 1699 2501 non
1719 2465 1862 2517 possumus

209 2556 241 2608 et
264 2555 384 2608 cetera.

316 2649 398 2714 Item
423 2650 492 2736 lpse
509 2649 542 2712 ln
558 2649 682 2736 psalmo
699 2650 939 2736 septuagesimo
955 2650 1067 2712 tertio:
1093 2653 1201 2711 Ιιιιιιυ)5
1216 2659 1271 2711 iam
1288 2659 1314 2711 in
1330 2659 1439 2712 immine
1456 2658 1556 2714 Christi
1572 2661 1666 2715 venire
1681 2662 1861 2730 gaudeamus,

163 2784 191 2824 so
208 2767 262 2821 iam
285 2773 411 2821 tenentes
433 2773 570 2836 sceptrum
593 2765 745 2820 subduntur
768 2765 842 2835 ligno
866 2765 962 2832 crucis,
984 2765 1039 2818 iam
1062 2764 1093 2818 fit
1116 2767 1191 2836 quod
1215 2766 1386 2835 praedictum
1409 2775 1466 2819 est:
1495 2765 1662 2822 Adorabunt
1684 2785 1744 2822 eursu
1768 2787 1863 2823 orienes
1880 2779 1999 2829 Parnm.

208 2893 288 2949 reges
311 2881 415 2938 terrae,
439 2893 534 2930 omnes
554 2881 652 2949 pentes
673 2872 796 2929 serviem
817 2871 866 2928 itti.
906 2874 965 2927 lam
988 2873 1061 2926 enim
1084 2873 1111 2926 in
1134 2872 1269 2926 frontibus
1292 2890 1388 2942 regum
1412 2873 1556 2942 pretiosius
1579 2882 1621 2926 est
1644 2874 1751 2944 signum
1774 2875 1861 2927 crucis

208 2999 292 3051 quam
314 2998 423 3052 gemma
445 2980 616 3034 diadematis.

315 3076 396 3141 Item
420 3078 596 3162 Augustini
628 3076 669 3140 de
701 3076 767 3141 filio
791 3075 946 3141 Abrahae
978 3076 1075 3140 ducto
1107 3075 1149 3140 ad
1179 3075 1376 3140 sacrificium
1408 3078 1492 3140 inter
1522 3090 1648 3141 cetera:
1679 3081 1764 3141 Νοιι6
1787 3088 1859 3141 assim

208 3194 308 3248 frustra
332 3195 397 3247 assuti
421 3194 495 3254 catis,
517 3212 579 3247 cusu
602 3195 653 3247 hoc
677 3195 810 3248 dicerem:
834 3191 908 3247 Crux
931 3211 1032 3248 comus
1056 3193 1147 3247 habet.
1194 3191 1239 3247 Sic
1264 3193 1334 3246 enim
1358 3194 1412 3246 duro
1437 3193 1512 3263 ligna
1536 3194 1746 3264 compinguntur
1769 3195 1796 3248 in
1820 3213 1860 3264 se,

163 3317 191 3358 st
208 3309 238 3354 ut
260 3301 380 3371 speciem
405 3301 492 3354 erucis
515 3302 638 3355 reddant.
685 3301 761 3355 Siout
791 3317 858 3372 ergo
888 3300 1007 3373 imagine
1037 3301 1124 3354 erucis
1153 3300 1246 3353 multis
1270 3300 1336 3353 locis
1359 3300 1492 3364 videmus,
1522 3309 1551 3353 ut
1582 3299 1649 3355 liant
1671 3302 1725 3355 dno
1748 3319 1861 3370 eonius,

208 3407 307 3478 quibam
329 3407 476 3479 inligantur
498 3425 604 3474 siranus,
626 3407 753 3461 cornibus
776 3408 935 3462 haerentem
958 3407 1082 3470 arietem,
1105 3405 1262 3460 emeifixurn
1286 3407 1443 3472 Dominum,
1466 3407 1546 3461 video
1569 3411 1602 3461 et
1625 3410 1745 3462 cetera.

315 3504 397 3568 Item
422 3506 526 3568 saneti
550 3504 721 3568 Severiani
746 3502 942 3568 Gabalensis
966 3502 1006 3568 de
1031 3526 1180 3568 sermone
1204 3518 1336 3568 sanctae
1361 3505 1468 3568 crucis
1492 3505 1576 3568 inter
1599 3519 1723 3569 cetera:
1754 3509 1860 3568 l'utasl

208 3641 263 3676 non
286 3631 345 3675 erat
368 3623 467 3674 iustsun
490 3620 559 3674 dici:
583 3620 612 3674 Si
635 3621 698 3691 quis
720 3629 841 3674 restrum
864 3638 968 3674 nrorsus
991 3621 1083 3688 fuerit,
1107 3620 1234 3690 respiciat
1257 3621 1285 3674 in
1307 3622 1416 3674 eaelum
1439 3639 1543 3675 sursum
1566 3622 1602 3675 ad
1621 3621 1708 3674 {nmo
1725 3630 1753 3674 et
1768 3622 1859 3674 salva·

207 3729 300 3782 bitur?
346 3728 386 3783 Ut
416 3728 487 3780 erum
518 3737 546 3780 et
576 3728 682 3781 auersdi
713 3728 792 3782 caelo
823 3727 971 3798 relinquat,
1000 3745 1055 3780 non
1085 3727 1174 3796 potuit
1203 3727 1310 3780 dicere:
1346 3727 1373 3780 si
1398 3728 1460 3797 quis
1490 3745 1593 3781 morsus
1622 3728 1715 3786 fassis,
1744 3728 1860 3797 aspiciat

163 3851 191 3892 so
209 3836 349 3889 lucernam
373 3835 480 3888 luminis
503 3843 531 3887 et
554 3834 726 3888 salvabitur?
750 3843 797 3887 aut
821 3834 935 3903 aspiciat
958 3834 994 3887 ad
1009 3851 1130 3887 manuam
1146 3834 1340 3904 propmitionis
1355 3842 1509 3887 sanctonus
1525 3851 1625 3904 panum
1643 3845 1670 3886 ct
1687 3834 1859 3888 salvabitur?

209 3949 256 3995 aut
278 3943 313 3996 ad
337 3942 425 3995 altare
448 3948 495 3994 nsit
519 3942 554 3995 ad
577 3942 668 3994 uelum
693 3949 740 3994 aut
763 3941 790 3994 in
813 3959 906 3994 arcam
929 3948 978 3994 usit
1000 3940 1027 3994 in
1050 3941 1197 4010 isssuginem
1220 3939 1367 3994 Cherubim
1392 3949 1439 3993 aut
1469 3941 1497 3994 in
1519 3941 1758 4011 propitiatorium?
1803 3941 1858 3994 Sed

208 4048 275 4102 nihil
305 4048 401 4102 bunun
431 4048 467 4101 nd
490 4048 608 4101 meclimu
639 4049 752 4101 adduxit
782 4048 926 4118 legislator
955 4065 1079 4118 aragisus,
1108 4049 1156 4100 sed
1186 4047 1274 4100 solam
1303 4046 1363 4100 lixit
1385 4048 1472 4100 crucis
1495 4048 1641 4118 maginem
1665 4057 1691 4100 et
1715 4048 1784 4101 isam
1808 4065 1860 4117 per

207 4155 382 4208 maledictum
416 4161 580 4224 serpentem.
632 4155 685 4207 Dic
719 4154 784 4208 mihi
819 4163 849 4207 ut
882 4153 971 4208 fidelis
1004 4153 1137 4208 taurulus:
1172 4155 1253 4218 Quod
1285 4153 1423 4208 interdicis
1455 4153 1543 4207 facis?
1577 4155 1652 4224 quod
1682 4154 1859 4207 nlsrcnuntias

207 4259 358 4316 aedificas?
410 4260 463 4324 Qui
494 4260 573 4313 dicis:
606 4257 672 4315 Nou
689 4259 787 4330 facies
809 4259 944 4334 sculptile,
973 4269 1000 4312 et
1030 4260 1140 4314 fusilem
1162 4260 1265 4330 sculpis
1288 4263 1464 4330 serpentem?
1509 4261 1564 4314 Scd
1588 4261 1637 4315 illa
1661 4261 1770 4330 «pridem
1795 4262 1858 4327 lege
1879 4270 2015 4365 &ems

162 4381 190 4423 tt
208 4367 295 4438 posui,
317 4375 347 4421 ut
371 4367 501 4421 materias
524 4365 663 4420 abscidam
687 4366 835 4435 impietatis
858 4375 886 4420 et
909 4367 1040 4436 populum
1064 4366 1134 4419 bunc
1158 4384 1252 4420 eruam
1276 4368 1348 4420 crusni
1372 4367 1506 4421 idolorum
1530 4368 1649 4430 enltura;
1673 4386 1742 4421 nmu·
1767 4377 1859 4421 arnum
1988 4354 1994 4374 '

207 4474 318 4529 effimdo
341 4483 507 4544 serpentem,
529 4483 558 4528 ut
581 4472 766 4543 praefigurem
790 4473 936 4544 imaginem
958 4473 1103 4527 salvatoris
1126 4480 1158 4527 et
1181 4476 1301 4527 cetera.

316 4571 399 4636 ltem
423 4571 527 4634 saneti
552 4571 727 4656 Augustini
751 4569 792 4634 ad
817 4568 997 4634 Dulcitiusn
1020 4571 1053 4633 in
1078 4571 1268 4655 quaestione
1300 4582 1393 4634 sexta
1423 4569 1463 4634 de
1488 4570 1671 4636 Samuhelis
1699 4572 1857 4656 imagine:

208 4687 326 4743 Salent⁶
348 4689 421 4742 enim
445 4687 472 4740 in
495 4687 635 4757 scripturis
658 4687 790 4756 imagines
813 4705 906 4740 earum
930 4704 1018 4740 renum
1041 4687 1194 4740 nominibus
1217 4687 1364 4757 appellari,
1394 4705 1510 4757 ‹luunnn
1535 4688 1667 4756 imagines
1690 4697 1761 4750 scuit,
1791 4689 1858 4742 sicut

314 4933 329 4982 'l
350 4931 527 4982 exsultationis
547 4930 577 4981 P.
651 4932 685 4980 34
704 4928 785 4980 fusile
805 4929 837 4980 P.

161 5165 190 5204 su
317 5139 346 5218 ll
371 5147 551 5223 Augustinus,
583 5147 708 5203 Tractat.
733 5146 760 5202 in
786 5166 885 5222 euunp.
911 5145 1048 5203 Iohannis
1071 5146 1135 5202 XII
1153 5143 1177 5216 ,b
1194 5150 1248 5212 11,·
1274 5149 1347 5221 (App.
1366 5145 1468 5216 111,2‚
1487 5151 1602 5223 38839.
1650 5149 1698 5218 (J.
1724 5169 1783 5204 cunr
1808 5149 1859 5204 Isoc

207 5256 266 5312 Ζοοο
282 5262 309 5310 tt
323 5254 427 5310 dsmbus
440 5253 664 5328 subsequentibus
679 5252 829 5310 Hadriani
844 5252 934 5328 epist,
953 5252 1026 5310 Mu.
1046 5253 1122 5329 app.
1147 5252 1177 5322 V,
1199 5257 1251 5312 28.
1322 5249 1352 5324 2)
1377 5255 1556 5329 Augustinus,
1573 5254 1619 5310 Ile
1636 5255 1761 5312 trinitate
1776 5257 1794 5310 l.
1813 5255 1864 5312 III

208 5381 231 5417 c.
249 5364 288 5420 10
309 5353 407 5437 §205
431 5357 505 5435 Opp.
530 5359 610 5429 VIII,
627 5363 698 5418 804.
769 5353 799 5436 3)
824 5358 941 5416 Ibidem.
1025 5355 1055 5430 4)
1080 5359 1167 5415 Hunc
1182 5360 1269 5416 Iocum
1287 5379 1342 5416 uon
1359 5360 1461 5424 inueni,
1485 5362 1536 5416 sed
1550 5361 1650 5436 legitur
1666 5361 1693 5416 iu
1712 5361 1861 5418 Hadriani

208 5467 297 5542 epist,
323 5466 397 5524 ΜΟ.
416 5466 493 5542 Epp.
517 5466 617 5534 1236.
707 5459 738 5538 5)
763 5465 943 5543 Augustinus,
969 5465 1082 5521 Euarr.
1107 5465 1135 5521 ia
1154 5468 1260 5541 psalm.
1287 5469 1326 5524 73
1348 5459 1425 5544 §63
1450 5467 1523 5542 opp.
1541 5467 1595 5536 IV,
1614 5471 1685 5527 772.
1723 5467 1771 5539 Cf.
1796 5469 1859 5524 IIa-

208 5573 306 5630 dmani
328 5574 418 5648 epist,
444 5571 518 5630 MG.
539 5571 618 5648 Epp.
642 5573 673 5641 V,
690 5576 741 5632 27.
822 5563 853 5648 6)
877 5571 963 5628 Hunc
978 5573 1065 5628 boum
1077 5573 1197 5643 smmtra
1213 5572 1348 5648 quaesiui,
1371 5574 1422 5629 sed
1443 5573 1543 5648 legium
1558 5575 1587 5630 in
1604 5574 1755 5632 Hadriani
1769 5576 1858 5650 epist,

161 5697 190 5736 tu
210 5676 282 5737 Mu.
310 5679 387 5755 app,
410 5680 509 5749 1243.
595 5675 625 5752 7)
651 5679 822 5736 Seuerianus
846 5676 1025 5746 Gabuleusis,
1050 5678 1176 5734 Humilia
1199 5679 1234 5734 de
1256 5689 1385 5754 serpente
1408 5699 1431 5735 c.
1448 5685 1486 5746 2,·
1511 5679 1583 5755 opp.
1603 5679 1793 5754 ttrysosmm
1815 5683 1858 5738 ed,

209 5786 400 5858 Morstt'aucon
423 5786 471 5854 VI,
488 5788 557 5845 513.
599 5783 648 5856 Cf.
673 5784 824 5841 Hadriani
845 5785 934 5860 epist..
961 5784 1034 5840 IIII.
1061 5784 1138 5859 Epp.
1162 5784 1193 5852 V,
1210 5789 1262 5844 28.
1333 5779 1364 5848 bl
1388 5786 1567 5861 Augustinus,
1592 5786 1638 5842 De
1660 5797 1720 5844 octo
1744 5787 1862 5844 lutatii

207 5892 413 5967 quamtionibus
434 5901 542 5968 quaest.
568 5897 587 5952 6
609 5884 668 5969 §3
676 5914 685 5956 ,·
710 5893 783 5966 Opp.
807 5890 855 5960 VI,
874 5894 941 5949 131.

1595 6011 1645 6063 65⁸
