4884 6717
370 1767 424 1803 10

372 2299 423 2338 16

369 2861 424 2900 20

369 3394 423 3432 25

1404 541 1507 598 44.
1582 541 2019 600 CONCILIUM
2066 542 2523 599 PARISIENSE
2568 543 2643 600 A.
2685 542 2834 600 825.
3644 541 3764 601 431

682 736 1291 830 Excellentissimis
1326 787 1404 829 ac
1436 765 1987 830 victoriosissimis
2020 766 2297 853 Deoque
2331 764 2725 831 amabilibus
2748 765 3062 853 Augustis
3096 766 3350 832 domnis
3381 768 3445 833 H
3452 769 3772 833 ludowico

458 880 524 933 et
567 868 934 935 ffludhario
983 872 1417 936 serenissimis
1463 870 1984 958 imperatoribus».

673 994 808 1059 Nos
870 996 1045 1080 sei-„vi
1105 994 1592 1060 ac.fidelissimi
1640 1006 1927 1061 oratores
1976 998 2197 1080 vestri,
2262 996 2543 1084 qualiter
2602 997 2918 1085 proximis
2965 996 3285 1063 Kalendis
3334 997 3768 1065 Nnvfflnhriffl

458 1100 635 1189 apud
680 1101 1080 1166 Parisiorum
1141 1100 1368 1166 urbem
1430 1102 1616 1166 iuxta
1675 1113 2102 1190 praeceptum
2157 1115 2415 1169 vestrae
2463 1103 2930 1189 magnitudinis
2978 1104 3047 1168 in
3095 1128 3296 1169 unum
3345 1109 3768 1170 ccmrenimus

459 1208 866 1296 qualiterque
915 1205 997 1272 de
1044 1209 1308 1293 negotio
1357 1232 1397 1272 a
1441 1218 1662 1272 vestra
1713 1210 1952 1295 pietate
2011 1209 2199 1274 nobis
2247 1211 2557 1293 iniuncto,
2619 1210 2701 1275 de
2764 1233 2966 1274 causa
3025 1210 3333 1276 videlicet
3389 1213 3768 1297 imaginum,

460 1315 804 1400 egerimus,
853 1314 939 1378 ad
987 1316 1366 1379 memoriam
1399 1326 1655 1379 vestrae
1689 1315 2090 1381 celsitudinis
2139 1317 2528 1382 reducimus,
2604 1316 2738 1382 Sed
2768 1328 2841 1382 ut
2870 1315 3101 1381 melius
3133 1317 3321 1382 nobis
3353 1321 3768 1383 manifestum

457 1421 662 1502 fieret,
712 1420 795 1485 ob
843 1444 1039 1508 quam
1089 1444 1353 1486 causam
1400 1433 1622 1487 vestra
1668 1423 1899 1508 pietaS,
1948 1446 2118 1510 quae
2151 1445 2310 1508 erga
2339 1422 2475 1487 Dei
2506 1432 2903 1510 sanctaeque
2937 1446 3095 1488 suae
3130 1424 3444 1489 ecclesias-
3484 1449 3768 1489 innurem

458 1526 913 1592 ardentissime
960 1526 1213 1613 flagrat,
1262 1527 1348 1592 ad
1395 1528 1518 1592 hoc
1566 1529 2026 1615 inquirendum
2074 1530 2349 1616 primum
2386 1553 2668 1595 accensa
2709 1530 2923 1611 fuerit,
2972 1532 3414 1595 necessarium
3464 1533 3768 1597 duximus

459 1635 711 1698 initium
760 1633 1030 1698 huiusce
1080 1636 1175 1698 rei
1223 1657 1619 1720 cognoscere
1670 1645 1734 1700 et
1781 1636 1926 1700 ideo
1974 1637 2251 1722 primum
2287 1636 2628 1723 epistolam
2661 1637 2883 1701 domni
2916 1637 3240 1701 Hadriani
3286 1660 3520 1724 papae,
3572 1665 3768 1725 quam

461 1741 712 1828 pridem
774 1763 891 1827 pro
952 1739 1347 1827 imaginibus
1409 1742 1738 1827 erigendis
1801 1742 2228 1807 Constantino
2291 1744 2668 1830 imperatori
2730 1754 2795 1808 et
2853 1744 3159 1809 Herenae
3223 1749 3412 1809 matri
3480 1749 3616 1809 eiu-s
3684 1745 3768 1809 acl

461 1870 682 1912 eorum
732 1847 1262 1933 deprecationem
1312 1848 1378 1912 in
1426 1850 1876 1912 transmarinis
1924 1848 2217 1935 partibus
2265 1848 2507 1914 direxit
2525 1856 2567 1931 ²,
2633 1872 2853 1914 coram
2909 1848 3096 1915 nobis
3152 1849 3283 1936 legi
3333 1850 3639 1933 ἵει-ἱππῆες
3708 1865 3768 1913 et

463 1967 776 2041 quantum
826 1965 1087 2020 nostrae
1134 1956 1445 2041 parvitati
1492 1978 1596 2019 res
1645 1957 1871 2041 patuit,
1936 1958 2103 2021 sicut
2148 1957 2314 2021 iuste
2363 1956 2782 2043 reprehendit
2828 1956 2993 2037 illos,
3055 1957 3168 2044 qui
3216 1958 3532 2043 imagines
3584 1981 3766 2021 saiw-

461 2073 668 2126 torum
717 2063 1063 2125 temerario
1112 2084 1276 2126 ausu
1322 2063 1389 2125 in
1436 2061 1563 2126 illis
1609 2060 1902 2148 partibus
1951 2063 2360 2147 confringere
2423 2073 2489 2127 et
2547 2064 2807 2149 penitus
2863 2061 3126 2127 abolere
3175 2077 3768 2149 praesunqsezffunt,

460 2170 552 2233 sic
601 2168 952 2232 indiscrete
1000 2169 1290 2232 noscitur
1334 2169 1566 2232 fecisse
1613 2170 1682 2232 in
1731 2192 1830 2251 e0,
1879 2169 2054 2256 quod
2102 2170 2548 2255 superstitiose
2596 2192 2708 2234 eas
2745 2169 3018 2234 adorare
3053 2171 3260 2235 iussit.
3331 2171 3458 2234 Pru
3496 2193 3764 2257 quarum

462 2277 654 2339 etiam
703 2297 905 2340 causa
950 2273 1273 2363 synodum
1322 2276 1708 2362 congregari
1753 2276 2092 2362 praecepit
2147 2286 2212 2341 et
2259 2299 2378 2340 sua
2422 2277 2808 2341 auctoritate
2856 2275 2977 2341 sub
3026 2277 3440 2341 iureiurando
3492 2281 3768 2349 sensuit,

459 2395 528 2446 ut
591 2380 997 2466 erigerentur
1066 2392 1132 2447 et
1199 2382 1628 2446 adorarentur
1689 2393 1753 2445 et
1812 2393 2079 2447 sanctae
2139 2395 2692 2468 nuncuparentur,
2766 2406 2914 2447 cum
2985 2405 3098 2447 eas
3169 2384 3420 2469 erigere.
3496 2385 3764 2457 licitum,

459 2488 732 2553 adorare
780 2511 936 2553 vero
985 2488 1170 2552 nefas
1219 2489 1321 2552 sit.
1414 2487 1698 2554 Inseruit
1759 2490 1954 2553 etiam
2015 2490 2081 2552 in
2145 2488 2376 2554 eadem
2441 2489 2715 2575 epistola
2778 2490 3102 2576 quaedam
3164 2491 3532 2554 testimcfflin
3584 2513 3764 2557 sanc*

459 2606 668 2659 torum
716 2606 995 2681 patrum,
1055 2605 1366 2681 quantum
1414 2593 1603 2658 nobis
1652 2594 1842 2660 datur
1888 2595 2182 2683 intelligi,
2245 2595 2438 2660 valde
2501 2595 2748 2661 absona
2810 2607 2876 2661 et
2935 2596 3019 2660 ad
3069 2620 3223 2679 rem,
3288 2597 3370 2661 de
3432 2621 3560 2683 qua
3616 2621 3764 2685 age-

459 2701 670 2782 batur,
720 2702 984 2765 minime
1031 2702 1440 2788 pertinentia.

673 2827 779 2890 Ex
827 2825 1016 2890 huius
1062 2847 1344 2911 namque
1395 2825 1705 2911 epistolae
1753 2836 1939 2890 textu
1986 2829 2337 2914 imperator
2367 2837 2433 2891 et
2466 2826 2676 2892 clerus
2709 2828 3028 2915 simulque
3063 2839 3129 2892 et
3168 2827 3444 2914 populus
3492 2833 3768 2893 aui-turi-

461 2943 659 2998 tatem
692 2944 1019 2997 sumentes
1052 2931 1374 3018 synodum
1422 2933 1720 2997 fecerunt
1738 2937 1782 3015 3,
1831 2934 1897 2997 in
1948 2955 2096 3020 qua,
2145 2935 2312 2997 sicut
2359 2931 2451 2997 illi
2498 2934 2770 2999 multum
2802 2934 3253 3016 deviaverunt,
3304 2937 3412 3021 qui
3452 2937 3768 3021 imagin&

460 3051 830 3104 sanctorum
878 3040 944 3102 in
993 3038 1104 3103 illa
1163 3038 1293 3104 alia
1353 3038 1624 3126 synod0,
1687 3062 1853 3125 quae
1903 3038 2023 3104 sub
2065 3040 2515 3122 Constantino,
2565 3063 2688 3104 avo
2736 3042 3072 3105 memorati
3109 3041 3540 3121 Constantini,
3592 3045 3764 3105 fincta

461 3157 559 3211 est
577 3152 621 3228 ⁴,
655 3148 913 3233 penitus
939 3144 1342 3210 abdicandas
1375 3169 1519 3210 esse
1553 3146 2005 3229 decreverunt,
2040 3148 2133 3211 sic
2166 3148 2272 3211 isti
2305 3170 2433 3212 non
2468 3146 2882 3211 mediocriter
2912 3158 3317 3229 erraverunt,
3352 3149 3456 3233 qui
3496 3173 3604 3213 uas
3640 3173 3768 3209 >mm

461 3252 666 3318 solum
715 3252 842 3317 coli
889 3264 953 3317 et
998 3252 1258 3317 adorari
1307 3263 1372 3317 et
1419 3264 1679 3317 sanctas
1727 3255 2091 3340 nuncupari
2139 3264 2559 3336 sancxerunt,
2617 3276 2845 3318 verum
2897 3256 3090 3318 etiam
3141 3255 3632 3318 sanctinwmiam
3684 3253 3768 3317 nl]

462 3361 554 3423 eis
604 3383 673 3424 se
722 3359 997 3445 adipisci
1046 3360 1321 3445 professi
1370 3372 1520 3424 sunt
1539 3364 1581 3424 ⁵.
1654 3360 1742 3424 Et
1788 3373 1858 3424 ut
1906 3360 1975 3424 id
2008 3384 2234 3426 verum
2284 3384 2448 3442 esse,
2498 3359 2673 3448 quod
2722 3358 3097 3425 nitebantur
3143 3372 3452 3441 asti-uem,
3504 3361 3768 3425 detumu-

462 3477 759 3549 strarent‚
822 3466 1146 3554 quaedam
1207 3477 1580 3531 sanctarum
1642 3468 2111 3553 scripturarum
2172 3468 2544 3532 testimonia
2604 3480 2669 3532 et
2728 3479 3100 3532 sanctorum
3158 3479 3412 3554 patrum
3464 3469 3636 3533 dicta
3684 3469 3768 3533 ad

462 3597 647 3638 suum
697 3573 1214 3660 superstitiosum
1279 3596 1564 3638 errorem
1626 3574 2141 3639 confirmandum
2205 3573 2528 3639 violenter
2574 3586 2988 3659 sumpserunt
3050 3585 3115 3639 et
3163 3573 3375 3638 eidem
3424 3597 3536 3637 5111]
3588 3577 3768 3661 uperi

463 3681 980 3767 incompetenter
1025 3691 1433 3766 aptaverunt,
1484 3682 1789 3767 quoniam
1836 3704 1965 3745 non
2015 3703 2091 3745 eo
2141 3704 2355 3762 sensu,
2420 3703 2549 3768 quo
2598 3679 2793 3762 dicta,
2858 3704 2980 3745 nec
3030 3703 3105 3745 eo
3155 3680 3504 3758 intellectu,
3556 3705 3680 3765 quo
3732 3705 3768 3745 a

463 3788 705 3852 sanctis
752 3785 1047 3874 patribus
1095 3787 1414 3872 exposita,
1465 3785 1550 3850 ab
1598 3786 1724 3851 illis
1773 3809 1917 3851 esse
1966 3788 2325 3873 produntur
2369 3787 2624 3874 prolata
2670 3787 2775 3852 vel
2822 3787 3171 3852 intellecta.

675 3911 974 3975 Eandem
1022 3933 1216 3996 porro
1265 3910 1585 3996 synodum
1634 3933 1782 3977 cum
1831 3923 2095 3977 sanctae
2140 3913 2493 3977 memoriae
2526 3914 2782 3997 genitor
2813 3916 3073 3977 vester⁶
3119 3935 3338 3977 coram
3389 3937 3456 3973 ss
3508 3915 3768 3997 suisque

464 4018 712 4105 perlegi
757 4018 1024 4082 fecisset
1071 4028 1137 4080 et
1182 4016 1399 4082 multis
1448 4019 1514 4081 in
1562 4016 1742 4101 locis,
1792 4028 1862 4082 ut
1910 4018 2176 4103 dignum
2226 4029 2385 4099 erat,
2433 4018 2961 4104 reprehendisset
3008 4030 3075 4083 et
3105 4018 3428 4105 quaedam
3464 4021 3768 4105 capitula,

463 4147 631 4212 quae
694 4124 1181 4211 reprehensioni
1245 4122 1576 4210 patebant,
1648 4136 2099 4211 praenotasset
2164 4147 2371 4211 eaque
2432 4148 2554 4211 per
2612 4124 3069 4210 Angilbertum
3136 4124 3440 4191 abbatem
3468 4133 3486 4165 ἵ
3556 4125 3768 4189 vitlem

463 4231 800 4296 Hadriano
861 4253 1075 4318 papae
1137 4230 1505 4313 direxisset,
1570 4243 1641 4295 ut
1700 4231 1871 4295 illius
1933 4231 2173 4296 iudicio
2235 4242 2299 4295 et
2345 4233 2728 4296 auctoritate
2778 4234 3279 4316 corrigerentur,
3343 4234 3484 4319 ipsu
3548 4257 3768 4297 rursus

463 4337 745 4402 favendo
791 4337 937 4420 illis,
987 4338 1098 4423 qui
1147 4338 1287 4401 eius
1337 4339 1645 4402 instinctu
1679 4350 1810 4402 tam
1843 4338 2290 4424 superstitiosa
2320 4347 2585 4424 tamque
2621 4339 2982 4421 incongrua
3013 4339 3382 4403 testimonia
3416 4353 3768 4401 insularum

466 4446 644 4531 operi
692 4445 1123 4526 inseruerant,
1173 4467 1290 4531 per
1337 4444 1595 4530 singula
1642 4444 1927 4531 capitula
1974 4445 2040 4507 in
2089 4444 2341 4509 illorum
2389 4445 2879 4510 excusationem
2913 4445 3307 4530 respondere
3343 4469 3508 4532 quast·
3544 4446 3764 4514 viduit.

464 4574 593 4616 non
639 4561 856 4617 tamen
904 4574 1070 4638 quae
1119 4551 1340 4616 decuit
1398 4561 1668 4616 conatus
1729 4561 1828 4615 est
1847 4559 1891 4614 ὅ.
1985 4551 2173 4615 Talia
2235 4552 2478 4638 quippe
2541 4551 2864 4638 quaedam
2922 4562 3089 4633 sunt,
3153 4575 3321 4639 quae
3387 4553 3448 4615 in
3516 4553 3768 4615 illumin.

465 4657 898 4723 obiectioncm
947 4660 1268 4745 opposuit,
1319 4681 1489 4745 quae
1535 4670 1787 4722 remota
1833 4656 2189 4744 pontificali
2236 4659 2621 4723 auctoritate
2656 4669 2719 4723 et
2750 4660 3011 4723 veritati
3046 4671 3110 4722 et
3148 4660 3516 4723 auctoritati
3572 4657 3764 4721 rf-l'ra-

678 4932 746 4981 29
786 4926 1049 4996 exposita]
1087 4931 1294 4996 supple.-
1333 4937 1501 4981 erant.
1648 4932 1715 4979 34
1755 4931 1975 4980 intinctu
2014 4930 2075 4980 1².

471 5271 895 5330 Cothaaeztinum
959 5280 1011 5328 et
1068 5271 1287 5328 [renem
1351 5270 1569 5327 directa
1582 5292 1602 5340 ;
1676 5270 1876 5327 Mansi
1935 5270 2073 5339 XII,
2137 5273 2293 5330 1055
2353 5264 2588 5344 (Jaffe'·
2614 5271 2687 5327 E.
2739 5292 2799 5327 n.
2844 5265 3062 5346 2448).
3294 5270 3353 5339 3)
3408 5273 3496 5325 Hs·
3544 5269 3772 5325 νηπτπῑίἠῑι

465 5378 722 5436 Νἱσαεηο
771 5379 848 5434 ΙΙ.
897 5399 953 5436 α.
988 5380 1129 5438 787.
1180 5385 1520 5454 εοπρνεραίο
1566 5377 1646 5448 cf.
1698 5377 1923 5448 IIesele,
1987 5376 2626 5454 ‘Coracilienyesclzichte’
2690 5377 2776 5433 ed.
2823 5383 2881 5436 2.
2935 5376 3047 5447 III,
3095 5379 3360 5452 457⁸‘1q-
3568 5377 3628 5441 4]
3688 5377 3772 5431 He?

467 5485 699 5542 concilio
734 5483 1357 5559 Constantinopolitano
1389 5482 1504 5540 III.
1553 5504 1610 5540 α.
1646 5486 1783 5542 754.
1834 5483 2018 5540 habito
2066 5484 2150 5555 cs.
2199 5483 2394 5540 ibidem
2446 5484 2558 5554 III,
2591 5486 2711 5544 410
2732 5504 2855 5558 sqq.
2887 5513 2975 5522 —-
3020 5481 3116 5555 (θ’.
3157 5484 3325 5540 (Ιοηε.
3363 5483 3492 5537 ms,
3524 5495 3632 5537 mr.
3676 5485 3768 5537 H.

467 5600 595 5649 tom·
632 5594 686 5660 1,
739 5592 938 5648 Mami
982 5590 1155 5660 XIII,
1202 5593 1327 5653 205
1348 5612 1472 5667 sqq.
1621 5592 1683 5658 5)
1737 5589 1835 5662 (ff.
1886 5611 2040 5647 conc.
2090 5590 2219 5646 Nic.
2271 5600 2380 5647 act.
2428 5591 2578 5661 VII„
2627 5590 2695 5646 ib.
2746 5588 2921 5659 XIII,
2969 5592 3102 5649 373.
3181 5588 3328 5648 MG.
3383 5590 3536 5665 153an
3580 5593 3640 5653 Γ,
3680 5593 3768 5649 Π,

470 5698 532 5766 6)
584 5698 840 5755 Karolus
890 5698 1158 5775 Maqnus.
1329 5697 1392 5767 7)
1445 5697 1578 5754 Sca.
1626 5719 1673 5754 s.
1709 5697 1974 5754 Richarii
2007 5696 2352 5753 c'entulensis
2399 5696 2741 5754 monasterii.
2783 5727 2858 5736 —-
2896 5697 2988 5753 De
3034 5696 3294 5772 capitulis
3328 5696 3536 5753 Karai?
3576 5697 3776 5773 ,lfssfffli

687 5166 744 5235 1)
807 5165 920 5221 Die
968 5168 1020 5224 1.
1070 5164 1272 5222 mensis
1318 5162 1650 5220 Novembris
1707 5165 1955 5238 synodus
2009 5163 2202 5239 coepit.
2425 5163 2486 5233 2)
2555 5163 2655 5236 (J.
2705 5163 3006 5220 Hadriani
3052 5164 3098 5219 Ι.
3152 5184 3352 5238 papae
3416 5165 3644 5237 rpismfn
3692 5165 3776 5214 [ιη’
4877 5129 4884 5316 Ι

371 5820 429 5860 45
467 5806 549 5877 cf.
602 5804 680 5860 K.
731 5804 975 5879 Hampe,
1024 5804 1235 5860 ‘Neues
1280 5804 1519 5861 Archiv’
1570 5805 1738 5875 XXI,
1787 5807 1867 5864 98
1889 5825 1974 5879 sq.
2137 5803 2199 5871 8)
2254 5802 2352 5873 Cf.
2402 5802 2705 5860 [lach-iani
2752 5802 2800 5859 Ι.
2838 5823 3040 5878 papae
3086 5801 3319 5879 epistola
3366 5805 3448 5860 or?
3500 5805 3768 5858 Han-›sum

468 5910 720 5981 div-eccm
786 5908 933 5968 MG.
986 5910 1140 5985 Epp.
1188 5911 1253 5981 V,
1300 5913 1340 5969 5
1388 5905 1723 5986 ωαψς-Ε.
1772 5931 1830 5966 η.
1862 5905 2251 5985 2483—85).

576 6027 664 6070 nn.
692 6025 893 6066 eoncilia
922 6027 981 6067 11.
3278 6031 3340 6080 61
