4884 6717
537 470 600 532 762
953 475 1005 532 56.
1042 475 1263 533 CONCILIUM
1286 474 1616 540 AQUISGRANENSE
1640 476 1676 531 Α.
1699 474 1774 532 836.

366 684 394 723 01.
404 682 472 725 aare.
480 681 514 733 u,
642 665 721 746 (79).
742 662 785 727 X.
814 662 971 749 Legimus
987 664 1098 750 itaque
1114 661 1296 728 secundum
1311 662 1461 727 Marcum
1477 662 1644 727 dominum
1659 661 1769 727 Iesum
1785 661 1951 728 Christum
1968 673 2081 729 contra
2096 685 2193 749 gazo-

400 737 481 784 ⁴¹⁸qq‘
534 768 705 855 philatium
730 769 854 833 sedisse
879 782 921 850 et,
946 769 1108 857 quomodo
1131 768 1228 834 turba
1251 770 1390 834 iactaret
1413 791 1469 833 aes
1488 770 1522 833 in
1538 767 1802 855 gazophilatium,
1827 769 1995 855 aspexisse
2012 781 2045 834 et
2060 770 2193 835 viduam

535 875 617 940 duos
640 898 790 941 nummos
814 877 848 940 in
872 875 1129 962 gazophilatium
1153 878 1335 942 mittentem
1359 875 1434 941 ideo
1458 875 1621 955 laudasse,
1653 897 1692 940 eo
1716 875 1803 962 quod
1827 899 1939 940 ornnes
1965 899 2008 941 ex
2030 898 2080 960 ee,
2105 876 2193 964 quod

534 981 599 1046 illis
623 981 824 1064 abundabat,
848 985 1017 1065 miserunt,
1042 982 1097 1047 illa
1121 996 1231 1049 autem
1255 981 1296 1047 de
1319 982 1458 1070 penuria
1481 1005 1541 1047 sua
1563 982 1689 1047 miserit
1703 992 1806 1046 toturn
1821 983 1946 1048 victum
1962 1006 2067 1048 suum.
2104 982 2194 1064 Quid

534 1089 788 1176 gazophilatium
816 1091 866 1171 sit,
897 1089 991 1154 Beda
1021 1103 1206 1178 exponente
1232 1089 1423 1173 didicimus3
1459 1088 1573 1153 scribit
1608 1089 1694 1153 enim
1724 1089 1759 1152 in
1790 1090 1994 1176 expositione
2029 1090 2225 1176 evangeliis

537 1196 684 1261 eiusdem
707 1197 812 1262 Marci
836 1198 897 1261 ita:
923 1202 1018 1270 Quia¹
1041 1224 1170 1262 sermone
1188 1206 1282 1263 Greeo
1305 1205 1390 1262 filare
1414 1224 1528 1262 servare
1552 1206 1657 1260 dicitur
1680 1212 1710 1261 et
1733 1222 1805 1277 gaza
1826 1205 1924 1278 lingua
1938 1205 2055 1262 Persica
2078 1207 2192 1262 divitiae

535 1321 681 1382 vocantur,
705 1312 924 1385 gazophilatium
945 1313 1025 1368 loeus
1048 1314 1188 1386 appellari
1212 1313 1295 1382 solet,
1320 1330 1376 1384 quo
1400 1312 1515 1367 divitiae
1535 1320 1694 1379 servantur,
1719 1330 1774 1383 quo
1790 1312 1902 1368 nornine
1920 1321 1948 1368 et
1963 1331 2067 1377 aream,
2091 1313 2194 1384 inqua

536 1421 653 1475 donans
675 1420 772 1492 populi
797 1420 1043 1492 congregabantur
1072 1422 1109 1476 ad
1139 1439 1207 1475 usus
1237 1419 1336 1491 templi
1366 1419 1553 1488 necessarios,
1585 1425 1615 1474 et
1638 1419 1773 1490 porticus,
1804 1419 1833 1472 in
1863 1419 1967 1490 quibus
1994 1420 2192 1487 servabantur,

400 1543 517 1595 ronam.
536 1525 732 1597 appellabant.
778 1527 877 1583 Habes
910 1528 994 1583 etiam
1025 1528 1184 1599 exemplum
1214 1529 1252 1583 de
1282 1527 1439 1599 porticibus
1469 1526 1498 1580 in
1522 1526 1680 1598 evangelio.
1722 1514 1819 1594 Haec,
1846 1526 1948 1597 inquit,
1978 1525 2065 1584 verbu
2088 1528 2194 1584 loeutus

367 1641 577 1702 attenuasset
599 1632 677 1690 Iesus
707 1633 738 1688 in
766 1633 958 1710 gazophilatio
989 1634 1091 1690 docens
1121 1633 1151 1690 in
1181 1635 1290 1709 templo.
1337 1634 1437 1689 Habes
1467 1633 1504 1688 de
1535 1651 1602 1688 arca
1630 1633 1659 1686 in
1682 1632 1753 1688 libro
1777 1631 1904 1705 Regum:
1938 1632 1979 1689 Et
2007 1632 2069 1689 tttlit
2090 1632 2192 1690 Ioiada
2213 1649 2238 1691 to

531 1738 670 1813 pontifex
695 1740 917 1815 gazophilatium
948 1759 1033 1796 unum
1063 1739 1231 1816 aperuitque
1255 1740 1396 1812 foramen
1426 1740 1547 1815 desuper
1577 1746 1603 1795 et
1623 1737 1721 1813 posuit
1748 1737 1830 1795 iuxta
1853 1740 1947 1794 altare
1975 1738 2194 1815 ingredientibus

535 1845 646 1902 domum
664 1845 790 1915 Domini,
814 1846 1010 1922 mittebantque
1032 1846 1061 1903 in
1086 1866 1116 1902 eo
1138 1847 1308 1915 sacerdotes,
1332 1845 1380 1922 qui
1402 1844 1592 1902 nutodiedant
1614 1843 1714 1914 lesda,
1738 1862 1845 1900 omnem
1864 1844 2027 1920 pamniam,
2050 1865 2124 1921 quae
2146 1846 2193 1902 de·

529 1951 684 2022 fuebatur
707 1951 736 2008 in
761 1954 890 2028 templum
913 1952 1039 2010 Domini.
1086 1944 1179 2009 Haec
1204 1943 1245 2007 de
1270 1942 1488 2030 gazophilatio
1512 1941 1605 2006 Beda
1628 1942 1759 2006 dixerit.

644 2048 797 2114 Ceterum
822 2052 970 2137 superius
995 2050 1163 2115 diximus²
1186 2050 1353 2115 dominum
1377 2060 1523 2114 nostrum
1547 2049 1656 2113 Iesum
1677 2046 1844 2113 Christum
1866 2071 2015 2113 nummos
2038 2048 2191 2114 habuisse

537 2178 693 2244 suamque
717 2157 890 2222 ecclesiam
915 2180 973 2221 suo
998 2157 1149 2244 exemplo
1174 2179 1324 2221 nummos
1340 2155 1523 2221 habituram
1541 2168 1574 2220 et
1589 2166 1791 2242 unguentum
1806 2155 1944 2239 Mariae,
1969 2178 2053 2242 quae
2078 2169 2191 2243 typum
2211 2182 2237 2222 rs

535 2263 677 2349 gestavit
700 2263 871 2344 eeclesiae,
895 2263 948 2328 hie
973 2274 1081 2328 autem
1105 2275 1182 2328 vota
1205 2263 1410 2329 offerentium
1434 2264 1619 2349 respexisse
1646 2273 1678 2327 ct
1693 2261 1828 2327 viduam
1845 2262 1909 2327 duo
1925 2263 2059 2345 minuta,
2084 2261 2192 2328 idest

535 2371 654 2451 omnia,
679 2392 763 2457 quac
788 2369 940 2452 habebat,
964 2371 999 2434 in
1022 2370 1278 2456 gazophilatium
1300 2370 1482 2434 mittentem
1506 2368 1668 2434 laudasse.

641 2515 721 2595 (80).
746 2511 807 2576 XI.
842 2512 1015 2599 Respeetio
1038 2534 1181 2599 namque
1204 2512 1340 2576 Domini
1363 2513 1397 2575 in
1421 2510 1675 2598 gazophilatium
1699 2521 1746 2592 et,
1780 2533 1844 2597 quo
1874 2512 1983 2576 animo
2011 2513 2083 2599 quis
2111 2513 2192 2599 quid

533 2620 685 2700 mitteret,
709 2618 883 2683 ineffabilis
900 2619 1064 2702 diseretio,
1089 2629 1125 2682 ut
1139 2618 1234 2683 nobis
1250 2618 1390 2700 videtur,
1414 2617 1621 2705 significabat
1644 2619 1708 2682 iarn
1725 2618 1898 2683 ecclesiam
1914 2641 2017 2700 suam,
2042 2641 2125 2706 quae
2142 2629 2192 2684 est

535 2748 652 2813 eorpus
677 2728 756 2808 eius,
781 2749 801 2790 a
823 2726 975 2791 fidelibus
998 2726 1194 2814 multiplices
1218 2725 1400 2791 oblationes
1423 2736 1643 2812 accepturam.
1678 2724 1721 2789 Et
1739 2726 1767 2789 si
1789 2735 1867 2790 tunc
1891 2725 2098 2813 respiciendo
2114 2737 2191 2790 vota
2209 2756 2237 2796 ω

535 2832 740 2897 offerentium
755 2843 844 2898 certo
861 2834 1011 2897 examine
1029 2832 1185 2897 discrevit
1204 2843 1301 2919 atque
1325 2831 1530 2919 adprobavit,
1555 2830 1771 2897 dubitandum
1793 2853 1859 2895 non
1883 2841 1942 2914 est,
1966 2834 2045 2918 quin
2069 2832 2190 2897 factum

535 2962 575 3004 ea
599 2940 639 3003 de
664 2939 805 3005 ecclesia
828 2963 888 3004 sua
910 2940 1039 3004 auferre
1063 2939 1241 3004 volentium
1265 2941 1438 3026 vituperet.

641 3084 722 3166 (81).
747 3082 824 3147 XII.
862 3081 959 3163 Quod
986 3082 1147 3147 Dominus
1178 3092 1211 3146 et
1238 3081 1424 3168 redemptor
1452 3091 1565 3145 noster
1593 3079 1803 3144 violationem
1833 3102 1872 3144 ao
1902 3079 2190 3146 dehonorationem

534 3188 646 3274 templi
671 3190 721 3252 sui
750 3190 822 3253 fieri
848 3188 1033 3253 nullatenus
1062 3190 1194 3276 patitur,
1226 3197 1384 3252 monstrat
1413 3187 1536 3251 factum
1567 3188 1637 3251 cius
1667 3184 1764 3250 valde
1795 3185 1998 3270 admirabile,
2033 3210 2071 3252 eo
2102 3187 2190 3275 quod

355 3319 513 3372 maritmis.
533 3293 663 3382 flagello
687 3294 834 3360 adhibito
858 3295 1038 3361 vendentes
1070 3305 1102 3359 et
1129 3308 1275 3360 ementes
1306 3294 1449 3359 eiecerat
1475 3293 1516 3358 de
1544 3293 1675 3379 templo,
1705 3294 1751 3357 ita
1775 3292 1906 3357 dicens:
1939 3293 2100 3382 Scriptum
2130 3309 2191 3360 est:
2209 3323 2237 3363 rs

534 3402 657 3467 Domus
679 3429 749 3468 mea
773 3404 883 3467 domus
906 3406 1061 3468 orationis
1085 3405 1264 3485 vocabitur,
1287 3426 1341 3467 vos
1364 3415 1465 3466 autem
1482 3403 1615 3487 fecistis
1638 3426 1706 3465 eom
1728 3402 1910 3487 speluncam
1934 3402 2099 3466 latronum.

641 3546 723 3629 (82).
747 3544 841 3609 XIII.
878 3544 972 3608 Haec
1000 3543 1090 3609 illurn
1117 3546 1209 3608 iuxta
1236 3543 1405 3608 historiam
1432 3543 1550 3607 fecisse
1573 3565 1638 3606 nou
1662 3540 1867 3627 ambigimus.
1916 3541 1983 3607 Sed
2006 3543 2190 3630 superbae

533 3673 580 3732 re,
604 3662 640 3715 ut
663 3661 799 3737 oportet,
824 3651 1062 3737 expositionem
1085 3649 1174 3715 beati
1197 3651 1381 3715 Hieronimi
1403 3648 1550 3735 legamus
1574 3658 1607 3713 et
1630 3649 1876 3735 expositionem,
1901 3671 1999 3735 quarn
2024 3648 2188 3732 describit,

533 3758 657 3844 pariter
680 3779 938 3844 expavescamus
963 3769 995 3821 et
1018 3757 1161 3823 Domino
1185 3757 1362 3821 adiuvante
1386 3777 1572 3820 caveamus.
1619 3759 1763 3832 Cotidie³,
1786 3756 1900 3841 inquit,
1928 3764 2009 3820 Iesus
2033 3766 2191 3838 ingreditur

534 3873 670 3946 templum
694 3874 782 3944 patris
806 3880 836 3928 et
861 3874 928 3928 eicit
949 3891 1046 3929 omues
1068 3881 1125 3928 tam
1149 3875 1296 3945 episcopos
1322 3879 1350 3928 et
1373 3873 1545 3944 presbiteros
1570 3879 1600 3927 et
1623 3873 1756 3927 diaconos
1780 3889 1865 3943 quarn
1883 3872 1970 3928 laicos
1987 3881 2016 3927 ct
2030 3873 2189 3927 universam
2208 3890 2238 3931 to

535 3981 646 4036 turbam
670 3981 705 4035 de
731 3980 854 4035 ecclesia
876 3998 928 4035 sua
952 3981 1085 4035 etunius
1116 3981 1238 4035 criminis
1267 3980 1355 4035 habet
1377 3979 1537 4035 vendentes
1560 3979 1666 4050 pariter
1690 3986 1719 4033 ct
1742 3986 1879 4035 ementes.
1925 3970 2008 4034 Item
2038 3969 2125 4034 idem
2155 3970 2188 4033 in

639 4243 672 4292 X.
704 4246 714 4293 1
744 4236 969 4308 gazophilatium]
995 4242 1032 4296 ita
1052 4241 1075 4292 G
1096 4242 1203 4307 caepim,
1230 4241 1431 4307 gazofilacium,
1457 4240 1639 4306 gazofilatium
1665 4238 1713 4302 (ita
1737 4241 1813 4292 ctiam
1834 4242 1863 4291 in
1881 4241 1977 4291 multu
1994 4238 2110 4307 oblimat)
2134 4242 2188 4292 rell.

533 4330 752 4383 2iactarentM.
809 4333 825 4381 3
845 4347 938 4381 omnes
954 4356 984 4365 -
1000 4348 1033 4381 eo
1045 4331 1137 4382 desunt
1149 4330 1186 4386 Μ,
1242 4328 1499 4381 ⁴lhahnndabatL.
1554 4329 1726 4395 paenuriaB
1735 4333 1759 4379 2.
1773 4330 1848 4384 3.Μ.
1905 4325 1986 4396 Quid]
2001 4346 2066 4396 ergo
2082 4328 2187 4384 aaut.

533 4425 548 4470 ὁ
569 4421 662 4471 Baeda
681 4421 741 4471 Br.
754 4425 779 4471 3.
853 4418 990 4485 evangelii
1007 4420 1074 4471 deest
1094 4421 1121 4471 0.
1194 4421 1210 4470 6
1235 4421 1342 4471 Graeco
1365 4418 1425 4469 Br.
1439 4422 1465 4470 3.
1538 4419 1644 4469 dicetur
1662 4417 1699 4468 Μ.
1773 4421 1788 4470 'l
1808 4419 1882 4484 quod
1901 4419 1927 4470 B
1936 4422 1960 4468 2.
2023 4418 2132 4470 archam
2151 4419 2187 4469 IL

532 4511 690 4576 oportieus
710 4509 769 4561 B3.
790 4507 828 4560 Μ.
903 4512 935 4559 10
954 4508 1167 4574 gazophilatium
1188 4511 1225 4560 Μ.
1298 4509 1381 4559 archa
1400 4506 1437 4558 Μ.
1501 4506 1598 4558 librum
1618 4506 1654 4557 Μ.
1729 4510 1760 4557 11
1785 4504 1884 4574 posuit]
1903 4506 1973 4558 illud
1991 4507 2052 4558 add.
2072 4506 2131 4558 Β2.
2150 4509 2187 4560 Μ.
2208 4523 2238 4564 ss

535 4601 567 4649 12
587 4594 688 4662 hostia]
708 4600 779 4649 ostia
798 4596 835 4649 Μ.
903 4601 934 4648 13
955 4599 1048 4648 Baeda
1067 4597 1127 4648 Br.
1141 4603 1165 4648 3.
1229 4600 1262 4647 14
1282 4592 1419 4660 Ceterum]
1440 4597 1510 4647 Nam
1529 4597 1589 4647 Β2.
1602 4599 1627 4647 3.
1647 4591 1684 4646 Μ.
1742 4597 1773 4646 15
1792 4603 1941 4661 ungentum
1961 4596 2021 4647 133.
2042 4579 2085 4646 M]

639 4706 688 4755 XI.
719 4707 751 4755 18
770 4706 903 4770 Respecto
922 4722 935 4754 e
952 4705 1066 4759 cornil.
1157 4699 1316 4770 quiequid]
1337 4703 1476 4769 quisB2,
1499 4701 1680 4768 quisquisM.
1766 4705 1798 4754 19
1818 4697 1945 4766 mitteret]
1966 4702 2154 4754 dimitteretB
2163 4705 2188 4754 2.

532 4797 567 4845 20
586 4790 658 4858 alae
673 4794 704 4844 L.
760 4802 936 4860 accepturum
958 4796 995 4845 Μ.
1049 4795 1220 4860 respIcienda
1239 4792 1298 4843 Β2.
1355 4795 1387 4842 21
1409 4787 1482 4857 quin]
1502 4809 1596 4842 eorum
1613 4791 1747 4842 addua.
1762 4795 1786 4842 3.
1806 4791 1843 4841 Μ.
1897 4793 1932 4843 22
1951 4786 2069 4857 auferre]
2089 4793 2188 4843 offena

532 4883 564 4933 L.
583 4883 642 4933 Β2.
656 4889 681 4935 3.
700 4883 738 4934 Μ.
811 4879 956 4949 vituperet]
978 4900 1010 4933 uc
1030 4883 1141 4933 damnet
1159 4879 1298 4948 (dampnet
1316 4879 1379 4942 B3)
1399 4881 1461 4932 add.
1480 4881 1538 4931 Β2.
1553 4885 1577 4942 3,
1598 4898 1630 4931 ac
1650 4882 1791 4932 damnaret
1808 4880 1869 4931 add.
1888 4880 1925 4931 Μ.

638 4992 703 5041 xn.
732 4994 765 5042 23
787 4985 877 5054 Quod]
897 4999 988 5040 autern
1001 4989 1101 5040 satu
1111 4993 1135 5043 2,
1149 4993 1174 5040 3.
1188 4990 1225 5039 Μ.
1296 4988 1433 5039 redemtor
1445 4989 1483 5043 Μ.
1554 4986 1942 5055 representassent.
2015 4989 2048 5038 25
2067 4982 2237 5053 flagellem

531 5078 633 5147 sagello
647 5075 684 5130 Μ.
758 5081 871 5131 eiecerit
890 5079 914 5128 B
925 5083 948 5128 2.
963 5083 986 5128 3.
1009 5083 1044 5132 lt.

639 5187 717 5235 XIII.
747 5187 779 5236 27
799 5187 923 5236 istoriam
943 5182 979 5235 Μ.
1053 5187 1087 5235 28
1108 5186 1308 5250 expositionem
1322 5210 1357 5218 —
1371 5178 1504 5249 legamus]
1527 5185 1591 5250 quid
1611 5186 1706 5235 beatus
1725 5183 1902 5234 Hieronimus
1921 5184 2022 5234 sentiat
2040 5181 2189 5248 vigilanter

534 5275 703 5325 attendamus
722 5274 782 5325 Β2.
796 5279 820 5324 3.
841 5272 877 5323 Μ.
941 5277 974 5324 29
995 5268 1032 5336 et]
1052 5291 1068 5323 a
1086 5274 1147 5323 add.
1168 5273 1204 5323 Μ.
1262 5268 1380 5337 Cotidie]
1399 5274 1436 5323 ita
1457 5274 1483 5334 0,
1503 5273 1626 5338 quotidie
1647 5273 1705 5323 131.
1720 5277 1743 5322 2.
1758 5277 1783 5323 3.
1802 5274 1839 5333 Μ,
1858 5272 1991 5336 quottidie
2010 5271 2043 5322 L.
2098 5265 2188 5336 Iesus]

534 5366 666 5414 Dominus
687 5362 745 5413 Β2.
760 5367 785 5417 3.
805 5361 842 5413 Μ.
917 5366 951 5413 30
971 5364 1054 5414 eiecit
1073 5362 1104 5412 L.

642 5617 671 5687 1)
703 5618 796 5687 Beda,
829 5617 979 5693 Dispositio
1009 5616 1037 5673 in
1069 5636 1169 5691 eoattg.
1197 5614 1296 5672 Marci
1318 5618 1415 5683 o125
1452 5614 1559 5690 dIigne,
1584 5613 1694 5670 Patrol.
1719 5614 1768 5669 lut.
1794 5610 1890 5682 XCII,
1914 5615 1987 5672 257.
2079 5610 2110 5681 2)
2137 5609 2188 5683 Cs-
2210 5633 2241 5673 ts

530 5745 622 5800 supra
644 5725 689 5780 lib.
707 5724 761 5781 III
772 5745 810 5780 cc.
828 5728 856 5782 5.
874 5728 901 5782 9.
919 5728 957 5783 10
977 5719 1040 5798 (74.
1059 5725 1108 5782 78.
1127 5725 1198 5798 79μ
1217 5743 1252 5797 p·
1270 5725 1332 5780 760
1346 5741 1407 5797 sqq.
1482 5721 1512 5788 3)
1536 5720 1737 5794 ffierougmus,
1764 5717 1914 5777 Courment.
1938 5717 1969 5774 in
1993 5717 2188 5787 dluttltaeum;

533 5833 606 5907 Opp.
627 5831 691 5900 VII,
709 5835 781 5889 262.
