4884 6717
533 522 598 584 534
1004 528 1056 583 44.
1092 528 1312 585 CONCILIUM
1335 526 1562 583 PARISIENSE
1585 527 1622 582 A.
1644 525 1718 582 825.

533 722 671 780 sannone
684 722 724 793 11,
741 727 812 782 459.
851 721 920 780 Coll.
937 743 997 801 req,
1013 743 1091 780 conc,
1108 723 1193 795 XXI,
1211 727 1260 783 90.
1303 722 1440 799 Vorbarg,
1456 721 1532 779 Hiar.
1550 721 1603 791 XI,
1620 725 1690 781 150.
1722 720 1764 777 Le
1780 718 1878 779 Oointe
1900 720 1962 789 VII,
1981 723 2049 779 771.
2082 720 2190 804 16166-

534 828 652 888 Cossurt
674 829 736 899 VH,
753 833 853 898 164&
877 830 920 886 ed.
947 829 1035 887 Coleti
1056 830 1111 900 IX,
1129 834 1199 890 617.
1247 829 1357 886 Beluae
1379 828 1492 898 1615.
1536 827 1672 884 Harduin
1696 827 1750 896 IV,
1767 830 1857 886 1259.
1897 825 2188 902 6666661171312,

534 934 634 993 116661
648 935 717 1005 XV,
734 955 802 1011 app.
820 939 891 995 137.
932 936 1039 993 ll'alter
1055 936 1094 1007 II,
1112 940 1182 996 366.
1225 936 1333 1013 Miyne,
1358 935 1469 992 Patrai.
1486 937 1535 992 lat.
1549 932 1796 1003 «1011111317.
1823 932 1900 1002 CIV,
1926 937 2075 993 1317.-
2099 933 2190 1010 Rea..-

532 1041 874 1112 Biidrner-Mir'dlbaclrcr,
899 1042 990 1119 Regp.
1010 1042 1122 1118 imperii
1145 1045 1188 1100 ed.
1205 1046 1237 1102 2.
1257 1042 1278 1098 Ι
1295 1063 1324 1099 6.
1342 1045 1412 1101 819.
1449 1040 1553 1098 ‘Neues
1568 1040 1682 1097 Arelas
1699 1040 1814 1110 XXIV,
1831 1045 1903 1099 185.

640 1234 861 1329 sanctissimo
886 1287 924 1328 ac
948 1266 1213 1329 reverentissimo
1238 1265 1357 1329 dornno
1381 1276 1414 1328 et
1436 1265 1469 1327 in
1495 1261 1624 1327 Christo
1648 1264 1733 1349 patri
1749 1263 1909 1348 Eugenio,
1934 1286 2059 1327 summo
2083 1265 2222 1350 ponti-⁶

532 1371 586 1434 fici
611 1380 643 1433 et
667 1370 843 1434 universali
868 1393 984 1457 papae,
1008 1370 1221 1435 Hludowicus
1240 1384 1272 1434 et
1287 1369 1489 1435 Hludharius
1506 1369 1618 1433 divina
1634 1369 1804 1433 ordinante
1821 1370 2027 1455 providentia
2051 1371 2189 1456 impera·

534 1489 619 1540 tores
650 1488 683 1540 et
713 1477 858 1562 augusti,
891 1477 1052 1563 spiritales
1084 1476 1142 1542 lilii
1173 1478 1290 1558 vestri,
1322 1478 1553 1563 sempiternam
1585 1477 1618 1539 in
1649 1475 1780 1540 domino
1811 1488 1920 1539 nostro
1952 1476 2027 1540 Iesu
2059 1475 2190 1541 Christo

533 1582 680 1647 salutem.

642 1689 728 1769 Quia
750 1691 913 1753 veraciter
935 1712 994 1754 nos
1020 1689 1183 1755 debitores
1202 1712 1274 1754 esse
1292 1690 1515 1774 cognovimus,
1539 1702 1575 1753 ut
1590 1689 1650 1770 his,
1675 1686 1793 1775 quibus
1813 1691 1959 1775 regimen
1976 1688 2190 1754 ecclesiarum

534 1807 566 1860 et
589 1797 699 1860 orium
724 1795 959 1860 dominicarum
985 1820 1064 1861 cura
1088 1798 1262 1861 commissa
1285 1807 1344 1876 est,
1368 1797 1403 1859 in
1426 1795 1576 1859 omnibus
1601 1797 1709 1860 causis
1733 1795 1775 1859 ad
1800 1795 1946 1860 divinum
1972 1796 2092 1860 cultum
2118 1820 2189 1883 per·
2211 1818 2237 1856 ιο

534 1901 711 1967 tinentibus
743 1926 837 1988 opem
868 1914 966 1988 atque
997 1903 1156 1967 auxilium
1187 1926 1246 1989 pro
1278 1902 1432 1989 qualitate
1464 1904 1581 1966 virium
1611 1913 1796 1967 nostrarum
1827 1916 1860 1967 et
1881 1903 2064 1967 intellectus
2088 1905 2190 1967 nostri

458 2021 462 2030 ‘
534 2010 716 2094 capacitate
741 2009 894 2089 feramus,
919 2008 1042 2073 idcirco
1066 2011 1326 2096 praetermittere
1351 2010 1567 2094 nequivimus,
1593 2011 1672 2095 quin
1695 2021 1783 2086 tunc,
1808 2009 1939 2095 quando
1962 2010 2063 2096 legati
2087 2008 2190 2074 Grae·

525 2137 647 2180 ‘corum
677 2114 770 2179 nobis
802 2116 1101 2196 manifestaverunt,
1133 2114 1264 2202 qualern
1294 2115 1337 2179 ad
1367 2139 1426 2180 vos
1457 2115 1615 2180 deberent
1644 2117 1790 2202 perferre
1821 2115 2028 2201 legationem,
2064 2140 2191 2180 summa

535 2244 613 2287 eura
649 2244 687 2285 ac
718 2221 936 2286 sollicitudine
971 2234 1196 2303 tractaremus,
1233 2222 1329 2309 quale
1359 2220 1453 2287 vobis
1485 2221 1680 2286 adiutorium
1710 2223 1743 2285 in
1773 2221 1834 2286 hoe
1865 2225 1995 2308 negotio
2026 2247 2100 2287 cum
2124 2223 2190 2286 Dei

535 2328 657 2394 auxilio
682 2327 839 2392 exhibere
863 2331 1090 2415 potuissemus
1127 2330 1170 2393 Et
1194 2328 1236 2394 ob
1261 2329 1321 2393 hoc
1346 2340 1494 2393 arestra
1510 2330 1681 2417 sanctitate
1697 2330 1882 2415 petivimus,
1907 2339 1942 2392 ut
1965 2329 2189 2393 sacerdotibus
2210 2350 2237 2390 rs

535 2437 653 2500 nostris
676 2435 789 2499 liceret
815 2436 855 2499 de
880 2434 970 2499 libris
995 2451 1180 2500 sauctorum
1206 2450 1334 2521 patrum
1359 2436 1536 2500 sententias
1560 2457 1717 2521 quaerere
1735 2447 1832 2521 atque
1850 2434 2014 2521 colligere,
2039 2459 2123 2522 quae
2147 2435 2190 2499 ad

535 2543 673 2607 eandem
697 2566 775 2622 rem,
801 2565 859 2628 pro
884 2565 948 2629 qua
972 2541 1058 2606 idem
1082 2542 1181 2628 legati
1199 2565 1258 2607 ros
1279 2542 1456 2606 consulturi
1474 2553 1576 2622 erant,
1601 2543 1763 2606 veraciter
1779 2540 1996 2605 deliniendam
2014 2543 2189 2606 convenire

535 2651 725 2736 potuissent.

645 2756 735 2836 Quas
760 2778 833 2819 cum
858 2754 904 2819 illi
928 2757 1020 2819 iuxta
1045 2778 1233 2820 concessam
1259 2779 1279 2820 a
1303 2754 1396 2819 robis
1420 2755 1608 2819 licentiaml
1632 2754 1777 2819 sollerter
1799 2757 2001 2841 inquirerent
2024 2769 2055 2820 et
2079 2755 2192 2820 divina

538 2862 717 2949 opitulante
749 2863 855 2948 gratia
887 2862 1043 2948 quicquid
1076 2864 1223 2927 invenire
1254 2875 1320 2927 tam
1351 2862 1445 2927 breti
1469 2862 1623 2947 temporis
1647 2863 1751 2947 spatio
1774 2875 1948 2947 pourerunt
1971 2862 2190 2948 collegissent,
2209 2883 2237 2922 ao

536 2969 631 3034 nobis
656 2993 695 3033 ea
717 2968 918 3055 perlegenda
942 2968 1142 3034 direxerunt.
1190 2968 1318 3050 Quibus
1342 2968 1496 3055 perlectis
1527 2990 1567 3031 ca
1589 2979 1718 3031 restrae
1743 2969 1905 3032 sanctitati
1929 2968 2068 3054 legenda
2092 2981 2191 3056 atque

538 3076 758 3141 examinanda
788 3100 848 3163 per
877 3075 936 3140 hos
966 3076 1091 3162 legatos
1115 3088 1252 3156 nostros,
1284 3076 1508 3139 Hieremiam²
1531 3074 1657 3138 scilieet
1681 3087 1713 3138 et
1736 3074 1872 3138 lonam³
1895 3074 2100 3139 venerabiles
2124 3078 2190 3162 epi·

538 3207 663 3269 scopos,
688 3184 814 3247 mittere
839 3184 1034 3262 curavimus,
1059 3206 1133 3246 cum
1157 3181 1286 3268 quibus,
1312 3184 1339 3246 si
1363 3193 1471 3246 restra
1494 3182 1672 3267 paternitas
1696 3180 1831 3266 dignum
1855 3181 1994 3260 duxerit,
2019 3182 2191 3248 decadem

537 3288 710 3374 legatione,
735 3312 819 3375 quae
843 3291 877 3351 in
901 3287 1076 3352 Graeciam
1101 3311 1120 3351 a
1143 3287 1238 3352 robis
1262 3287 1419 3352 mittenda
1443 3302 1502 3368 est,
1526 3311 1590 3352 non
1614 3287 1770 3368 inutilem,
1801 3287 1859 3351 sed
1883 3290 1989 3374 potius
2013 3290 2192 3375 proficuam

538 3396 754 3460 conlationem
785 3394 907 3459 habere
938 3396 1083 3481 potestis
1120 3396 1196 3481 quia
1232 3408 1264 3459 et
1297 3396 1331 3458 in
1362 3396 1463 3457 sacris
1494 3406 1568 3458 sunt
1597 3393 1712 3458 litteris
1742 3393 1916 3458 admodum
1947 3395 2065 3460 eruditi
2096 3409 2129 3461 et
2158 3398 2192 3459 in
2210 3415 2238 3454 as

539 3499 718 3566 rationibus
743 3501 965 3587 disputatoriis
989 3524 1054 3565 non
1078 3503 1246 3565 minimum
1271 3502 1458 3583 exercitati,
1484 3523 1564 3587 quos
1587 3524 1651 3564 non
1676 3500 1717 3564 ob
1742 3500 1802 3565 hoe
1826 3501 1869 3566 ad
1889 3515 2015 3567 restrae
2039 3504 2192 3567 almitatis

539 3608 756 3694 praesentiam
781 3630 856 3670 cum
879 3608 1066 3671 memoratis
1090 3609 1321 3672 sententiarum
1353 3606 1597 3672 collectionibus
1628 3608 1784 3688 misimuS,
1814 3621 1850 3671 ut
1880 3608 1932 3672 hic
1963 3608 2073 3695 aliquo
2103 3609 2193 3674 velut

539 3715 718 3799 magisterii
742 3714 850 3778 oflieio
875 3714 1089 3798 fungerentur
1112 3725 1168 3778 aut
1191 3713 1254 3779 lruc
1274 3714 1413 3779 docendi
1430 3716 1535 3800 gratia
1551 3713 1666 3777 directi
1682 3727 1882 3799 putarentur,
1908 3716 1995 3801 quia,
2020 3717 2103 3780 sieut
2127 3717 2191 3780 iarn

539 3822 781 3884 connnemorati
806 3843 916 3884 sumus
941 3843 998 3884 nos
1023 3819 1187 3885 debitores
1212 3822 1363 3901 existere,
1389 3834 1424 3885 ut
1447 3821 1522 3885 huie
1539 3821 1777 3884 sacratissimae
1795 3820 1864 3884 sedi
1881 3822 1915 3884 in
1931 3820 2192 3908 quibuscumque

539 3929 677 4012 negotiis
701 3927 858 3991 auxilium
882 3927 967 3991 ferre
992 3926 1180 4010 debeamus,
1205 3927 1280 3992 ideo
1305 3940 1338 3992 et
1361 3928 1419 3992 hos
1443 3929 1558 3991 missos
1584 3937 1617 3990 et
1640 3948 1721 4013 quas
1738 3926 1888 3991 deferunt
1903 3927 2038 4008 litterari,
2063 3931 2090 3992 si
2114 3928 2192 4015 quid
2211 3948 2240 3987 ao

539 4035 633 4097 vobis
657 4033 809 4097 adiutorii
834 4035 983 4097 conferre
1008 4036 1199 4119 potuissent,
1230 4037 1357 4098 mittere
1388 4034 1523 4118 dignum
1555 4033 1717 4096 duximus
1765 4034 1834 4097 Hos
1867 4047 1996 4098 restrae
2027 4036 2193 4099 sanctitati

541 4140 814 4220 commendamus,
839 4152 874 4204 ut
898 4152 930 4204 et
953 4140 1129 4227 benignam
1155 4140 1243 4227 apud
1266 4163 1324 4204 vos
1349 4141 1569 4226 receptionem
1586 4153 1618 4203 ct
1634 4139 1836 4203 familiariter
1851 4140 2020 4205 vobiscum
2037 4141 2194 4228 loquendi

540 4247 645 4310 locum
670 4247 847 4310 inveniant.

648 4353 747 4417 Novit
781 4354 902 4439 quippe
937 4355 1092 4417 sanctitas
1126 4366 1247 4434 restra,
1282 4352 1422 4438 qualiter
1456 4352 1594 4438 populus
1626 4351 1828 4416 Graecorum
1859 4354 1892 4417 in
1923 4355 1984 4418 hae
2015 4356 2194 4440 imaginum

542 4460 750 4523 veneratione
776 4459 899 4523 divisus
923 4461 972 4523 sit.
1010 4460 1088 4524 Ideo
1105 4483 1268 4544 rogamus,
1292 4470 1327 4523 ut
1343 4459 1471 4523 almitas
1487 4471 1596 4522 restra
1620 4482 1731 4522 curam
1755 4476 1787 4523 et
1810 4459 2013 4545 diligentiam
2037 4460 2194 4525 adhibere
2213 4480 2242 4520 aa

542 4566 702 4651 dignetur,
735 4565 897 4651 quomodo
928 4590 987 4651 per
1016 4579 1159 4630 vestram
1189 4564 1436 4630 saluberrimam
1467 4565 1646 4630 doctrinam
1679 4577 1776 4651 atque
1808 4566 2061 4632 admonitionem
2089 4569 2194 4653 magis

541 4672 584 4735 ad
614 4671 822 4736 concordiam
854 4685 886 4736 ct
916 4674 1071 4736 unitatem
1103 4684 1276 4736 revocetur
1307 4696 1404 4758 quam
1437 4685 1569 4759 propter
1599 4672 1660 4736 hoc
1691 4672 1733 4736 ad
1762 4674 1918 4737 maiorem
1942 4674 2138 4738 discordiam
2163 4685 2196 4738 et

541 4778 777 4842 dissensionem
801 4777 985 4864 inpellatur.
1022 4779 1065 4842 Et
1081 4778 1155 4842 ideo
1172 4780 1359 4842 cautissime
1380 4779 1587 4843 considerare
1605 4777 1742 4858 debetis,
1767 4791 1802 4842 ut
1817 4779 1936 4865 legatio
1953 4795 2073 4852 vestra,
2097 4804 2196 4868 quam

541 4885 617 4949 illuc
641 4885 783 4970 dirigere
808 4884 989 4970 disponitis,
1021 4897 1111 4949 tanta
1134 4885 1308 4972 prudentia
1327 4897 1482 4971 tantoque
1499 4884 1720 4948 moderamine
1738 4884 1869 4949 suffulta
1892 4888 1944 4966 sit,
1968 4899 2003 4950 ut
2019 4911 2038 4950 a
2054 4888 2195 4968 nemine,

542 5015 648 5078 neque
673 5015 692 5056 a
717 4991 846 5055 Gracco
870 5014 976 5077 neque
1001 4992 1157 5072 Romano,
1182 4994 1265 5057 iuste
1290 4992 1399 5056 valeat
1422 4990 1627 5077 reprehendi,
1652 4991 1711 5055 sed
1734 4990 1807 5055 talis
1831 4993 1882 5072 sit,
1914 4992 2041 5078 qualem
2067 5016 2198 5080 semper
2215 5013 2244 5052 to

541 5097 637 5161 decet
661 5099 694 5160 16
719 5096 868 5162 omnibus
892 5100 999 5163 causis
1031 5097 1073 5162 ab
1096 5100 1158 5163 ista
1190 5100 1411 5163 sacratissima
1438 5097 1516 5162 sede
1539 5098 1713 5183 proficisci.
1761 5099 1804 5161 Et
1828 5100 1855 5162 si
1879 5111 2007 5163 vestrae
2033 5101 2198 5164 sanctitati

542 5205 660 5290 placet,
691 5218 726 5268 ut
757 5227 815 5289 pro
846 5205 906 5270 hac
939 5207 1011 5292 ipsa
1042 5205 1203 5291 legatione
1235 5207 1324 5269 missi
1350 5206 1450 5270 nostri
1476 5203 1570 5267 simul
1594 5227 1669 5268 cum
1692 5206 1809 5268 restris
1833 5204 1906 5269 illas
1930 5207 1963 5268 in
1987 5217 2096 5293 partes
2121 5206 2197 5270 diri-

542 5324 676 5396 gantur,
701 5326 733 5374 et
764 5310 825 5375 hoc
855 5335 914 5375 nes
938 5325 1083 5398 tempore
1108 5335 1252 5398 congruo
1277 5313 1360 5376 scire
1385 5311 1561 5398 permittite
1592 5323 1624 5374 et
1647 5333 1711 5374 non
1736 5310 1838 5375 solum
1864 5311 1935 5394 hoc,
1966 5312 2025 5376 sed
2049 5313 2199 5377 etiamsi

650 5514 683 5562 23
710 5529 772 5561 cum
792 5530 821 5560 ex
839 5528 921 5576 quum
940 5531 1003 5562 corr.
1023 5511 1054 5562 P.
1146 5515 1179 5562 28
1206 5513 1298 5562 6111616
1316 5530 1380 5561 corr.
1399 5513 1433 5561 61.
1451 5521 1534 5562 otram
1552 5532 1583 5564 ac
1608 5512 1692 5564 officii
1712 5512 1743 5562 Ρ.
1834 5516 1867 5562 34
1894 5513 2063 5564 1166661166
2082 5531 2146 5564 corr.
2166 5513 2199 5564 P.

543 5604 690 5667 imaginum
708 5621 738 5650 ar
757 5602 904 5666 imaginem
922 5619 985 5655 corr.
1006 5601 1036 5650 Ρ.
1110 5603 1144 5651 36
1164 5611 1247 5666 atque
1266 5618 1296 5650 66
1315 5601 1403 5665 adque
1423 5619 1486 5651 corr.
1507 5602 1537 5651 P.
2217 5614 2246 5654 ab

655 5768 682 5832 l)
707 5766 738 5821 Γ.
761 5786 851 5840 supra
870 5787 904 5841 p.
922 5769 986 5824 162
1008 5767 1027 5821 l.
1045 5771 1087 5824 30
1098 5785 1159 5841 sqq.
1179 5785 1213 5840 p.
1231 5769 1294 5824 532
1317 5766 1335 5820 l.
1354 5767 1401 5823 12.
1492 5765 1525 5852 2)
1549 5769 1746 5822 Sertorreuseur.
1838 5765 1868 5830 3)
1894 5767 2142 5828 Aurelianeurem:
2172 5786 2199 5823 u.

542 5893 632 5948 :upra
652 5895 684 5948 p.
702 5877 764 5931 533
787 5875 805 5928 1.
824 5879 915 5948 lisqq.
