<?xml version="1.0" encoding="UTF-8"?>
<!DOCTYPE html PUBLIC "-//W3C//DTD XHTML 1.0 Transitional//EN"
    "http://www.w3.org/TR/xhtml1/DTD/xhtml1-transitional.dtd">
<html xmlns="http://www.w3.org/1999/xhtml" xml:lang="en" lang="en">
 <head>
  <title>
</title>
<meta http-equiv="Content-Type" content="text/html;charset=utf-8" />
  <meta name='ocr-system' content='tesseract 3.04.00' />
  <meta name='ocr-capabilities' content='ocr_page ocr_carea ocr_par ocr_line ocrx_word'/>
</head>
<body>
  <div class='ocr_page' id='page_1' title='image "./monumentagerman02gescgoog_0363.png"; bbox 0 0 4884 6717; ppageno 0'>
   <div class='ocr_carea' id='block_1_1' title="bbox 694 480 1905 545">
    <p class='ocr_par' dir='ltr' id='par_1_1' title="bbox 694 480 1905 545">
     <span class='ocr_line' id='line_1_1' title="bbox 694 480 1905 545; baseline 0 -2"><span class='ocrx_word' id='word_1_1' title='bbox 694 487 746 543; x_wconf 73' lang='lat'>57.</span> <span class='ocrx_word' id='word_1_2' title='bbox 782 485 1001 543; x_wconf 80' lang='lat' dir='ltr'>CONCILIUM</span> <span class='ocrx_word' id='word_1_3' title='bbox 1026 486 1306 545; x_wconf 80' lang='lat' dir='ltr'>CARISIACENSE</span> <span class='ocrx_word' id='word_1_4' title='bbox 1330 489 1366 543; x_wconf 86' lang='lat' dir='ltr'>A.</span> <span class='ocrx_word' id='word_1_5' title='bbox 1387 486 1462 544; x_wconf 79' lang='lat'><strong>838.</strong></span> <span class='ocrx_word' id='word_1_6' title='bbox 1841 480 1905 544; x_wconf 69' lang='lat'>⁷15</span> 
     </span>
    </p>
   </div>
   <div class='ocr_carea' id='block_1_2' title="bbox 224 682 2085 1394">
    <p class='ocr_par' dir='ltr' id='par_1_2' title="bbox 251 682 2050 1078">
     <span class='ocr_line' id='line_1_2' title="bbox 251 682 1906 756; baseline 0.001 -18"><span class='ocrx_word' id='word_1_7' title='bbox 251 683 357 740; x_wconf 82' lang='lat' dir='ltr'>Achias</span> <span class='ocrx_word' id='word_1_8' title='bbox 379 682 530 754; x_wconf 87' lang='lat' dir='ltr'>propheta,</span> <span class='ocrx_word' id='word_1_9' title='bbox 554 683 728 738; x_wconf 78' lang='lat' dir='ltr'>Hieroboam</span> <span class='ocrx_word' id='word_1_10' title='bbox 750 683 812 755; x_wconf 85' lang='lat' dir='ltr'>regi</span> <span class='ocrx_word' id='word_1_11' title='bbox 835 683 937 738; x_wconf 84' lang='lat' dir='ltr'>obvius</span> <span class='ocrx_word' id='word_1_12' title='bbox 952 682 1044 738; x_wconf 85' lang='lat' dir='ltr'>factus</span> <span class='ocrx_word' id='word_1_13' title='bbox 1067 684 1095 738; x_wconf 93' lang='lat' dir='ltr'>in</span> <span class='ocrx_word' id='word_1_14' title='bbox 1111 700 1220 756; x_wconf 86' lang='lat' dir='ltr'>campo,</span> <span class='ocrx_word' id='word_1_15' title='bbox 1244 685 1274 738; x_wconf 91' lang='lat' dir='ltr'>in</span> <span class='ocrx_word' id='word_1_16' title='bbox 1290 685 1439 741; x_wconf 77' lang='lat' dir='ltr'>duodecim</span> <span class='ocrx_word' id='word_1_17' title='bbox 1454 684 1590 740; x_wconf 86' lang='lat' dir='ltr'>scissuras</span> <span class='ocrx_word' id='word_1_18' title='bbox 1605 685 1807 740; x_wconf 84' lang='lat' dir='ltr'>vestimentum</span> <span class='ocrx_word' id='word_1_19' title='bbox 1827 702 1906 740; x_wconf 86' lang='lat' dir='ltr'>suum</span> 
     </span>
     <span class='ocr_line' id='line_1_3' title="bbox 252 787 2050 894; baseline 0.003 -50"><span class='ocrx_word' id='word_1_20' title='bbox 252 790 368 844; x_wconf 89' lang='lat' dir='ltr'>discidit</span> <span class='ocrx_word' id='word_1_21' title='bbox 398 790 511 845; x_wconf 87' lang='lat' dir='ltr'>dicens:</span> <span class='ocrx_word' id='word_1_22' title='bbox 545 788 631 845; x_wconf 69' lang='lat' dir='ltr'>Sunia</span> <span class='ocrx_word' id='word_1_23' title='bbox 659 787 707 844; x_wconf 82' lang='lat' dir='ltr'>tibi</span> <span class='ocrx_word' id='word_1_24' title='bbox 729 789 821 844; x_wconf 81' lang='lat' dir='ltr'>decem</span> <span class='ocrx_word' id='word_1_25' title='bbox 844 788 992 857; x_wconf 62' lang='lat' dir='ltr'>sensurus,</span> <span class='ocrx_word' id='word_1_26' title='bbox 1023 788 1090 864; x_wconf 82' lang='lat' dir='ltr'>quia</span> <span class='ocrx_word' id='word_1_27' title='bbox 1121 789 1190 846; x_wconf 79' lang='lat' dir='ltr'>loce</span> <span class='ocrx_word' id='word_1_28' title='bbox 1220 788 1288 846; x_wconf 82' lang='lat' dir='ltr'>dicit</span> <span class='ocrx_word' id='word_1_29' title='bbox 1308 789 1465 847; x_wconf 81' lang='lat' dir='ltr'>Dominus:</span> <span class='ocrx_word' id='word_1_30' title='bbox 1496 789 1573 847; x_wconf 80' lang='lat' dir='ltr'>Ecce</span> <span class='ocrx_word' id='word_1_31' title='bbox 1598 790 1697 848; x_wconf 79' lang='lat' dir='ltr'>scindo</span> <span class='ocrx_word' id='word_1_32' title='bbox 1726 808 1844 867; x_wconf 73' lang='lat' dir='ltr'>requam</span> <span class='ocrx_word' id='word_1_33' title='bbox 1874 792 1909 847; x_wconf 86' lang='lat' dir='ltr'>dc</span> <span class='ocrx_word' id='word_1_34' title='bbox 1926 799 2050 894; x_wconf 50' lang='lat'>{3⁸35}</span> 
     </span>
     <span class='ocr_line' id='line_1_4' title="bbox 255 880 2044 972; baseline 0.001 -19"><span class='ocrx_word' id='word_1_35' title='bbox 255 915 342 953; x_wconf 79' lang='lat' dir='ltr'>muna</span> <span class='ocrx_word' id='word_1_36' title='bbox 366 894 526 953; x_wconf 64' lang='lat' dir='ltr'>&amp;lunonis</span> <span class='ocrx_word' id='word_1_37' title='bbox 548 903 574 951; x_wconf 85' lang='lat' dir='ltr'>ct</span> <span class='ocrx_word' id='word_1_38' title='bbox 596 893 669 951; x_wconf 80' lang='lat' dir='ltr'>dado</span> <span class='ocrx_word' id='word_1_39' title='bbox 692 893 741 950; x_wconf 82' lang='lat' dir='ltr'>tibi</span> <span class='ocrx_word' id='word_1_40' title='bbox 762 895 855 951; x_wconf 82' lang='lat' dir='ltr'>decem</span> <span class='ocrx_word' id='word_1_41' title='bbox 877 903 1000 969; x_wconf 64' lang='lat' dir='ltr'>sceptra</span> <span class='ocrx_word' id='word_1_42' title='bbox 1025 904 1051 952; x_wconf 84' lang='lat' dir='ltr'>et</span> <span class='ocrx_word' id='word_1_43' title='bbox 1072 896 1128 952; x_wconf 84' lang='lat' dir='ltr'>duo</span> <span class='ocrx_word' id='word_1_44' title='bbox 1149 904 1264 971; x_wconf 84' lang='lat' dir='ltr'>sceptra</span> <span class='ocrx_word' id='word_1_45' title='bbox 1287 903 1371 953; x_wconf 71' lang='lat' dir='ltr'>crum</span> <span class='ocrx_word' id='word_1_46' title='bbox 1392 895 1558 972; x_wconf 78' lang='lat' dir='ltr'>cipropter</span> <span class='ocrx_word' id='word_1_47' title='bbox 1579 915 1689 954; x_wconf 79' lang='lat' dir='ltr'>servum</span> <span class='ocrx_word' id='word_1_48' title='bbox 1705 916 1794 954; x_wconf 85' lang='lat' dir='ltr'>meum</span> <span class='ocrx_word' id='word_1_49' title='bbox 1810 896 1911 954; x_wconf 83' lang='lat' dir='ltr'>David</span> <span class='ocrx_word' id='word_1_50' title='bbox 1954 881 1960 893; x_wconf 56' lang='lat'>⁸</span> <span class='ocrx_word' id='word_1_51' title='bbox 1996 882 2003 896; x_wconf 66' lang='lat'><em>⁰</em></span> <span class='ocrx_word' id='word_1_52' title='bbox 2038 880 2044 893; x_wconf 57' lang='lat'><em>⁶</em></span> 
     </span>
     <span class='ocr_line' id='line_1_5' title="bbox 258 1000 1909 1078; baseline 0 -20"><span class='ocrx_word' id='word_1_53' title='bbox 258 1009 285 1058; x_wconf 80' lang='lat' dir='ltr'>et</span> <span class='ocrx_word' id='word_1_54' title='bbox 299 1009 422 1078; x_wconf 82' lang='lat' dir='ltr'>propter</span> <span class='ocrx_word' id='word_1_55' title='bbox 442 1001 621 1057; x_wconf 73' lang='lat' dir='ltr'><em>Hierusalem</em></span> <span class='ocrx_word' id='word_1_56' title='bbox 646 1000 793 1070; x_wconf 81' lang='lat' dir='ltr'>ciuitatem,</span> <span class='ocrx_word' id='word_1_57' title='bbox 817 1020 901 1076; x_wconf 81' lang='lat' dir='ltr'>quum</span> <span class='ocrx_word' id='word_1_58' title='bbox 925 1001 1003 1077; x_wconf 76' lang='lat' dir='ltr'>slepi,</span> <span class='ocrx_word' id='word_1_59' title='bbox 1027 1010 1059 1057; x_wconf 82' lang='lat' dir='ltr'>ut</span> <span class='ocrx_word' id='word_1_60' title='bbox 1074 1021 1183 1076; x_wconf 83' lang='lat' dir='ltr'>ponem</span> <span class='ocrx_word' id='word_1_61' title='bbox 1206 1020 1308 1060; x_wconf 77' lang='lat' dir='ltr'>nomen</span> <span class='ocrx_word' id='word_1_62' title='bbox 1330 1020 1419 1059; x_wconf 84' lang='lat' dir='ltr'>meum</span> <span class='ocrx_word' id='word_1_63' title='bbox 1441 1001 1516 1059; x_wconf 81' lang='lat' dir='ltr'>illac.</span> <span class='ocrx_word' id='word_1_64' title='bbox 1552 1002 1622 1058; x_wconf 89' lang='lat' dir='ltr'>Cum</span> <span class='ocrx_word' id='word_1_65' title='bbox 1645 1004 1795 1060; x_wconf 89' lang='lat' dir='ltr'>duodecim</span> <span class='ocrx_word' id='word_1_66' title='bbox 1818 1005 1909 1060; x_wconf 85' lang='lat' dir='ltr'>tribus</span> 
     </span>
    </p>

    <p class='ocr_par' dir='ltr' id='par_1_3' title="bbox 224 1108 2085 1394">
     <span class='ocr_line' id='line_1_6' title="bbox 224 1108 1909 1183; baseline 0.001 -20"><span class='ocrx_word' id='word_1_67' title='bbox 224 1108 345 1165; x_wconf 84' lang='lat' dir='ltr'>slsrael</span> <span class='ocrx_word' id='word_1_68' title='bbox 368 1109 576 1175; x_wconf 77' lang='lat' dir='ltr'>scinderentur,</span> <span class='ocrx_word' id='word_1_69' title='bbox 599 1110 799 1162; x_wconf 81' lang='lat' dir='ltr'>vestimentum</span> <span class='ocrx_word' id='word_1_70' title='bbox 824 1127 904 1163; x_wconf 86' lang='lat' dir='ltr'>suum</span> <span class='ocrx_word' id='word_1_71' title='bbox 926 1108 1069 1180; x_wconf 87' lang='lat' dir='ltr'>propheta</span> <span class='ocrx_word' id='word_1_72' title='bbox 1091 1108 1196 1163; x_wconf 83' lang='lat' dir='ltr'>Achiua</span> <span class='ocrx_word' id='word_1_73' title='bbox 1220 1109 1345 1164; x_wconf 86' lang='lat' dir='ltr'>discidit.</span> <span class='ocrx_word' id='word_1_74' title='bbox 1391 1108 1432 1165; x_wconf 76' lang='lat' dir='ltr'>At</span> <span class='ocrx_word' id='word_1_75' title='bbox 1454 1128 1532 1177; x_wconf 86' lang='lat' dir='ltr'>vero,</span> <span class='ocrx_word' id='word_1_76' title='bbox 1563 1110 1632 1181; x_wconf 88' lang='lat' dir='ltr'>quia</span> <span class='ocrx_word' id='word_1_77' title='bbox 1654 1108 1760 1166; x_wconf 90' lang='lat' dir='ltr'>Christi</span> <span class='ocrx_word' id='word_1_78' title='bbox 1785 1111 1909 1183; x_wconf 85' lang='lat' dir='ltr'>populus</span> 
     </span>
     <span class='ocr_line' id='line_1_7' title="bbox 255 1215 1909 1288; baseline 0.001 -18"><span class='ocrx_word' id='word_1_79' title='bbox 255 1234 313 1271; x_wconf 90' lang='lat' dir='ltr'>nou</span> <span class='ocrx_word' id='word_1_80' title='bbox 334 1222 432 1287; x_wconf 88' lang='lat' dir='ltr'>potest</span> <span class='ocrx_word' id='word_1_81' title='bbox 455 1215 556 1280; x_wconf 88' lang='lat' dir='ltr'>scindi,</span> <span class='ocrx_word' id='word_1_82' title='bbox 586 1215 684 1270; x_wconf 87' lang='lat' dir='ltr'>tunica</span> <span class='ocrx_word' id='word_1_83' title='bbox 714 1215 775 1270; x_wconf 92' lang='lat' dir='ltr'>cius</span> <span class='ocrx_word' id='word_1_84' title='bbox 803 1232 857 1286; x_wconf 88' lang='lat' dir='ltr'>per</span> <span class='ocrx_word' id='word_1_85' title='bbox 885 1222 977 1270; x_wconf 90' lang='lat' dir='ltr'>totum</span> <span class='ocrx_word' id='word_1_86' title='bbox 1006 1215 1114 1270; x_wconf 79' lang='lat' dir='ltr'>textilis</span> <span class='ocrx_word' id='word_1_87' title='bbox 1145 1221 1176 1270; x_wconf 92' lang='lat' dir='ltr'>et</span> <span class='ocrx_word' id='word_1_88' title='bbox 1201 1216 1357 1271; x_wconf 72' lang='lat' dir='ltr'>cohaerens</span> <span class='ocrx_word' id='word_1_89' title='bbox 1381 1216 1471 1271; x_wconf 80' lang='lat' dir='ltr'>divisa</span> <span class='ocrx_word' id='word_1_90' title='bbox 1493 1234 1511 1270; x_wconf 91' lang='lat' dir='ltr'>a</span> <span class='ocrx_word' id='word_1_91' title='bbox 1532 1217 1745 1288; x_wconf 72' lang='lat' dir='ltr'>possidentibus</span> <span class='ocrx_word' id='word_1_92' title='bbox 1771 1235 1828 1273; x_wconf 90' lang='lat' dir='ltr'>uon</span> <span class='ocrx_word' id='word_1_93' title='bbox 1852 1225 1909 1287; x_wconf 85' lang='lat' dir='ltr'>ert,</span> 
     </span>
     <span class='ocr_line' id='line_1_8' title="bbox 255 1320 2085 1394; baseline 0.004 -18"><span class='ocrx_word' id='word_1_94' title='bbox 255 1323 410 1389; x_wconf 78' lang='lat' dir='ltr'>individua,</span> <span class='ocrx_word' id='word_1_95' title='bbox 434 1321 577 1393; x_wconf 88' lang='lat' dir='ltr'>copulata,</span> <span class='ocrx_word' id='word_1_96' title='bbox 608 1329 744 1377; x_wconf 85' lang='lat' dir='ltr'>contexta</span> <span class='ocrx_word' id='word_1_97' title='bbox 773 1322 901 1376; x_wconf 72' lang='lat' dir='ltr'>ostendit</span> <span class='ocrx_word' id='word_1_98' title='bbox 923 1321 1020 1393; x_wconf 90' lang='lat' dir='ltr'>populi</span> <span class='ocrx_word' id='word_1_99' title='bbox 1043 1322 1142 1390; x_wconf 83' lang='lat' dir='ltr'>nostri,</span> <span class='ocrx_word' id='word_1_100' title='bbox 1173 1322 1221 1393; x_wconf 92' lang='lat' dir='ltr'>qui</span> <span class='ocrx_word' id='word_1_101' title='bbox 1245 1320 1388 1377; x_wconf 80' lang='lat' dir='ltr'>Christum</span> <span class='ocrx_word' id='word_1_102' title='bbox 1418 1323 1570 1391; x_wconf 86' lang='lat' dir='ltr'>induimus,</span> <span class='ocrx_word' id='word_1_103' title='bbox 1601 1325 1777 1380; x_wconf 87' lang='lat' dir='ltr'>concordiam</span> <span class='ocrx_word' id='word_1_104' title='bbox 1805 1325 1908 1381; x_wconf 85' lang='lat' dir='ltr'>cohae-</span> <span class='ocrx_word' id='word_1_105' title='bbox 1927 1341 2085 1394; x_wconf 66' lang='lat' dir='ltr'>stomun.</span> 
     </span>
    </p>
   </div>
   <div class='ocr_carea' id='block_1_3' title="bbox 254 1427 1908 1504">
    <p class='ocr_par' dir='ltr' id='par_1_4' title="bbox 254 1427 1908 1504">
     <span class='ocr_line' id='line_1_9' title="bbox 254 1427 1908 1504; baseline 0.001 -20"><span class='ocrx_word' id='word_1_106' title='bbox 254 1436 382 1496; x_wconf 79' lang='lat' dir='ltr'>rentem3</span> <span class='ocrx_word' id='word_1_107' title='bbox 407 1436 583 1484; x_wconf 86' lang='lat' dir='ltr'>sacramento</span> <span class='ocrx_word' id='word_1_108' title='bbox 604 1429 693 1483; x_wconf 86' lang='lat' dir='ltr'>vestis</span> <span class='ocrx_word' id='word_1_109' title='bbox 717 1435 747 1483; x_wconf 90' lang='lat' dir='ltr'>et</span> <span class='ocrx_word' id='word_1_110' title='bbox 770 1429 851 1500; x_wconf 82' lang='lat' dir='ltr'>signo</span> <span class='ocrx_word' id='word_1_111' title='bbox 867 1428 1023 1484; x_wconf 72' lang='lat' dir='ltr'>declaravit</span> <span class='ocrx_word' id='word_1_112' title='bbox 1040 1428 1179 1485; x_wconf 87' lang='lat' dir='ltr'>ecclesiae</span> <span class='ocrx_word' id='word_1_113' title='bbox 1194 1429 1345 1484; x_wconf 87' lang='lat' dir='ltr'>unitatem.</span> <span class='ocrx_word' id='word_1_114' title='bbox 1382 1427 1453 1492; x_wconf 86' lang='lat' dir='ltr'>Quis</span> <span class='ocrx_word' id='word_1_115' title='bbox 1468 1447 1536 1502; x_wconf 79' lang='lat' dir='ltr'>ergo</span> <span class='ocrx_word' id='word_1_116' title='bbox 1551 1432 1592 1486; x_wconf 91' lang='lat' dir='ltr'>sio</span> <span class='ocrx_word' id='word_1_117' title='bbox 1608 1431 1765 1486; x_wconf 88' lang='lat' dir='ltr'>sceleratus</span> <span class='ocrx_word' id='word_1_118' title='bbox 1789 1439 1819 1488; x_wconf 91' lang='lat' dir='ltr'>et</span> <span class='ocrx_word' id='word_1_119' title='bbox 1841 1449 1908 1504; x_wconf 88' lang='lat' dir='ltr'>per·</span> 
     </span>
    </p>
   </div>
   <div class='ocr_carea' id='block_1_4' title="bbox 253 1535 1909 1608">
    <p class='ocr_par' dir='ltr' id='par_1_5' title="bbox 253 1535 1909 1608">
     <span class='ocr_line' id='line_1_10' title="bbox 253 1535 1909 1608; baseline 0.002 -18"><span class='ocrx_word' id='word_1_120' title='bbox 253 1535 337 1604; x_wconf 84' lang='lat' dir='ltr'>fidus,</span> <span class='ocrx_word' id='word_1_121' title='bbox 363 1538 425 1608; x_wconf 89' lang='lat' dir='ltr'>quis</span> <span class='ocrx_word' id='word_1_122' title='bbox 448 1536 488 1591; x_wconf 89' lang='lat' dir='ltr'>sie</span> <span class='ocrx_word' id='word_1_123' title='bbox 512 1536 669 1591; x_wconf 81' lang='lat' dir='ltr'>discordiae</span> <span class='ocrx_word' id='word_1_124' title='bbox 693 1535 789 1590; x_wconf 80' lang='lat' dir='ltr'>surore</span> <span class='ocrx_word' id='word_1_125' title='bbox 812 1553 963 1602; x_wconf 85' lang='lat' dir='ltr'>vaesanus,</span> <span class='ocrx_word' id='word_1_126' title='bbox 993 1543 1025 1589; x_wconf 88' lang='lat' dir='ltr'>ut</span> <span class='ocrx_word' id='word_1_127' title='bbox 1055 1543 1105 1590; x_wconf 94' lang='lat' dir='ltr'>aut</span> <span class='ocrx_word' id='word_1_128' title='bbox 1135 1537 1234 1591; x_wconf 85' lang='lat' dir='ltr'>credat</span> <span class='ocrx_word' id='word_1_129' title='bbox 1265 1536 1356 1591; x_wconf 90' lang='lat' dir='ltr'>scindi</span> <span class='ocrx_word' id='word_1_130' title='bbox 1382 1553 1466 1607; x_wconf 89' lang='lat' dir='ltr'>posse</span> <span class='ocrx_word' id='word_1_131' title='bbox 1490 1545 1540 1592; x_wconf 93' lang='lat' dir='ltr'>aut</span> <span class='ocrx_word' id='word_1_132' title='bbox 1563 1539 1669 1594; x_wconf 78' lang='lat' dir='ltr'>audeat</span> <span class='ocrx_word' id='word_1_133' title='bbox 1692 1538 1823 1595; x_wconf 83' lang='lat' dir='ltr'>scindere</span> <span class='ocrx_word' id='word_1_134' title='bbox 1845 1539 1909 1594; x_wconf 88' lang='lat' dir='ltr'>uni-</span> 
     </span>
    </p>
   </div>
   <div class='ocr_carea' id='block_1_5' title="bbox 211 1640 2083 4921">
    <p class='ocr_par' dir='ltr' id='par_1_6' title="bbox 211 1640 2083 4921">
     <span class='ocr_line' id='line_1_11' title="bbox 211 1640 1039 1710; baseline -0.001 -13"><span class='ocrx_word' id='word_1_135' title='bbox 211 1659 236 1697; x_wconf 81' lang='lat' dir='ltr'>to</span> <span class='ocrx_word' id='word_1_136' title='bbox 255 1651 344 1699; x_wconf 86' lang='lat' dir='ltr'>tatem</span> <span class='ocrx_word' id='word_1_137' title='bbox 367 1643 434 1709; x_wconf 88' lang='lat' dir='ltr'>Dei,</span> <span class='ocrx_word' id='word_1_138' title='bbox 458 1649 567 1699; x_wconf 81' lang='lat' dir='ltr'>vestem</span> <span class='ocrx_word' id='word_1_139' title='bbox 591 1643 713 1710; x_wconf 87' lang='lat' dir='ltr'>Domini,</span> <span class='ocrx_word' id='word_1_140' title='bbox 740 1641 888 1697; x_wconf 88' lang='lat' dir='ltr'>ecclesiam</span> <span class='ocrx_word' id='word_1_141' title='bbox 912 1640 1039 1696; x_wconf 81' lang='lat' dir='ltr'>Christi?</span> 
     </span>
     <span class='ocr_line' id='line_1_12' title="bbox 361 1736 1907 1826; baseline 0.001 -22"><span class='ocrx_word' id='word_1_142' title='bbox 361 1741 400 1804; x_wconf 92' lang='lat' dir='ltr'>Iu</span> <span class='ocrx_word' id='word_1_143' title='bbox 424 1741 578 1826; x_wconf 86' lang='lat' dir='ltr'>mysterio</span> <span class='ocrx_word' id='word_1_144' title='bbox 602 1739 755 1804; x_wconf 86' lang='lat' dir='ltr'>sacrificii</span> <span class='ocrx_word' id='word_1_145' title='bbox 778 1738 869 1821; x_wconf 91' lang='lat' dir='ltr'>nihil,</span> <span class='ocrx_word' id='word_1_146' title='bbox 893 1738 1134 1826; x_wconf 87' lang='lat' dir='ltr'>praeterquod</span> <span class='ocrx_word' id='word_1_147' title='bbox 1158 1736 1308 1803; x_wconf 87' lang='lat' dir='ltr'>Christus</span> <span class='ocrx_word' id='word_1_148' title='bbox 1331 1738 1476 1823; x_wconf 80' lang='lat' dir='ltr'>tradidit,</span> <span class='ocrx_word' id='word_1_149' title='bbox 1505 1739 1736 1806; x_wconf 88' lang='lat' dir='ltr'>resumendum</span> <span class='ocrx_word' id='word_1_150' title='bbox 1759 1763 1803 1806; x_wconf 86' lang='lat' dir='ltr'>ex</span> <span class='ocrx_word' id='word_1_151' title='bbox 1824 1740 1907 1806; x_wconf 91' lang='lat' dir='ltr'>libro</span> 
     </span>
     <span class='ocr_line' id='line_1_13' title="bbox 255 1845 1911 1933; baseline 0.002 -22"><span class='ocrx_word' id='word_1_152' title='bbox 255 1848 400 1911; x_wconf 82' lang='lat' dir='ltr'>eiusdem</span> <span class='ocrx_word' id='word_1_153' title='bbox 426 1846 466 1910; x_wconf 88' lang='lat' dir='ltr'>de</span> <span class='ocrx_word' id='word_1_154' title='bbox 490 1847 645 1933; x_wconf 78' lang='lat' dir='ltr'>mysterio</span> <span class='ocrx_word' id='word_1_155' title='bbox 669 1845 798 1910; x_wconf 83' lang='lat' dir='ltr'>calicis:</span> <span class='ocrx_word' id='word_1_156' title='bbox 822 1851 897 1910; x_wconf 90' lang='lat' dir='ltr'>Ille¹</span> <span class='ocrx_word' id='word_1_157' title='bbox 922 1857 1054 1911; x_wconf 87' lang='lat' dir='ltr'>sacerdos</span> <span class='ocrx_word' id='word_1_158' title='bbox 1076 1855 1139 1911; x_wconf 85' lang='lat' dir='ltr'>vice</span> <span class='ocrx_word' id='word_1_159' title='bbox 1156 1854 1262 1910; x_wconf 85' lang='lat' dir='ltr'>Christi</span> <span class='ocrx_word' id='word_1_160' title='bbox 1282 1873 1351 1912; x_wconf 82' lang='lat' dir='ltr'>vere</span> <span class='ocrx_word' id='word_1_161' title='bbox 1374 1855 1514 1929; x_wconf 85' lang='lat' dir='ltr'>fungitur,</span> <span class='ocrx_word' id='word_1_162' title='bbox 1539 1857 1587 1927; x_wconf 90' lang='lat' dir='ltr'>qui</span> <span class='ocrx_word' id='word_1_163' title='bbox 1603 1858 1680 1929; x_wconf 93' lang='lat' dir='ltr'>quod</span> <span class='ocrx_word' id='word_1_164' title='bbox 1695 1855 1823 1913; x_wconf 84' lang='lat' dir='ltr'>Christus</span> <span class='ocrx_word' id='word_1_165' title='bbox 1838 1857 1911 1914; x_wconf 81' lang='lat' dir='ltr'>fecit</span> 
     </span>
     <span class='ocr_line' id='line_1_14' title="bbox 254 1961 1908 2036; baseline 0.001 -17"><span class='ocrx_word' id='word_1_166' title='bbox 254 1965 382 2019; x_wconf 85' lang='lat' dir='ltr'>imitatur</span> <span class='ocrx_word' id='word_1_167' title='bbox 405 1971 435 2019; x_wconf 89' lang='lat' dir='ltr'>et</span> <span class='ocrx_word' id='word_1_168' title='bbox 458 1961 625 2018; x_wconf 84' lang='lat' dir='ltr'>sacrificium</span> <span class='ocrx_word' id='word_1_169' title='bbox 648 1980 745 2018; x_wconf 83' lang='lat' dir='ltr'>rerum</span> <span class='ocrx_word' id='word_1_170' title='bbox 770 1971 800 2018; x_wconf 90' lang='lat' dir='ltr'>ct</span> <span class='ocrx_word' id='word_1_171' title='bbox 823 1962 939 2034; x_wconf 88' lang='lat' dir='ltr'>plenum</span> <span class='ocrx_word' id='word_1_172' title='bbox 962 1970 1030 2017; x_wconf 89' lang='lat' dir='ltr'>tuuc</span> <span class='ocrx_word' id='word_1_173' title='bbox 1053 1962 1137 2018; x_wconf 88' lang='lat' dir='ltr'>offert</span> <span class='ocrx_word' id='word_1_174' title='bbox 1160 1963 1189 2017; x_wconf 92' lang='lat' dir='ltr'>in</span> <span class='ocrx_word' id='word_1_175' title='bbox 1214 1962 1338 2018; x_wconf 85' lang='lat' dir='ltr'>ccclesia</span> <span class='ocrx_word' id='word_1_176' title='bbox 1353 1964 1417 2019; x_wconf 88' lang='lat' dir='ltr'>Deo</span> <span class='ocrx_word' id='word_1_177' title='bbox 1435 1964 1521 2034; x_wconf 89' lang='lat' dir='ltr'>patri,</span> <span class='ocrx_word' id='word_1_178' title='bbox 1545 1965 1568 2018; x_wconf 90' lang='lat' dir='ltr'>si</span> <span class='ocrx_word' id='word_1_179' title='bbox 1592 1965 1631 2018; x_wconf 89' lang='lat' dir='ltr'>sic</span> <span class='ocrx_word' id='word_1_180' title='bbox 1654 1964 1771 2036; x_wconf 85' lang='lat' dir='ltr'>incipiat</span> <span class='ocrx_word' id='word_1_181' title='bbox 1794 1964 1908 2032; x_wconf 85' lang='lat' dir='ltr'>offerre,</span> 
     </span>
     <span class='ocr_line' id='line_1_15' title="bbox 255 2065 1909 2144; baseline 0.001 -17"><span class='ocrx_word' id='word_1_182' title='bbox 255 2071 395 2144; x_wconf 89' lang='lat' dir='ltr'>quomodo</span> <span class='ocrx_word' id='word_1_183' title='bbox 418 2070 509 2141; x_wconf 90' lang='lat' dir='ltr'>ipsum</span> <span class='ocrx_word' id='word_1_184' title='bbox 526 2066 668 2123; x_wconf 87' lang='lat' dir='ltr'>Christum</span> <span class='ocrx_word' id='word_1_185' title='bbox 687 2070 768 2124; x_wconf 86' lang='lat' dir='ltr'>videt</span> <span class='ocrx_word' id='word_1_186' title='bbox 790 2069 939 2141; x_wconf 85' lang='lat' dir='ltr'>optulisse.</span> <span class='ocrx_word' id='word_1_187' title='bbox 974 2065 1060 2124; x_wconf 78' lang='lat' dir='ltr'>Non²</span> <span class='ocrx_word' id='word_1_188' title='bbox 1084 2077 1129 2126; x_wconf 88' lang='lat' dir='ltr'>est</span> <span class='ocrx_word' id='word_1_189' title='bbox 1153 2087 1232 2141; x_wconf 82' lang='lat' dir='ltr'>ergo,</span> <span class='ocrx_word' id='word_1_190' title='bbox 1256 2071 1333 2141; x_wconf 91' lang='lat' dir='ltr'>quod</span> <span class='ocrx_word' id='word_1_191' title='bbox 1356 2071 1458 2142; x_wconf 89' lang='lat' dir='ltr'>aliquis</span> <span class='ocrx_word' id='word_1_192' title='bbox 1481 2071 1624 2126; x_wconf 84' lang='lat' dir='ltr'>existimet</span> <span class='ocrx_word' id='word_1_193' title='bbox 1646 2072 1821 2143; x_wconf 89' lang='lat' dir='ltr'>sequendam</span> <span class='ocrx_word' id='word_1_194' title='bbox 1846 2090 1909 2129; x_wconf 86' lang='lat' dir='ltr'>esse</span> 
     </span>
     <span class='ocr_line' id='line_1_16' title="bbox 211 2176 1910 2251; baseline 0.001 -20"><span class='ocrx_word' id='word_1_195' title='bbox 211 2191 237 2231; x_wconf 80' lang='lat' dir='ltr'>so</span> <span class='ocrx_word' id='word_1_196' title='bbox 257 2178 433 2251; x_wconf 88' lang='lat' dir='ltr'>quorundam</span> <span class='ocrx_word' id='word_1_197' title='bbox 456 2177 708 2243; x_wconf 65' lang='lat' dir='ltr'>consuetudinem</span> <span class='ocrx_word' id='word_1_198' title='bbox 734 2176 928 2247; x_wconf 89' lang='lat' dir='ltr'>quaerendum</span> <span class='ocrx_word' id='word_1_199' title='bbox 948 2182 993 2231; x_wconf 89' lang='lat' dir='ltr'>cst</span> <span class='ocrx_word' id='word_1_200' title='bbox 1017 2177 1090 2230; x_wconf 89' lang='lat' dir='ltr'>euim</span> <span class='ocrx_word' id='word_1_201' title='bbox 1114 2176 1179 2248; x_wconf 88' lang='lat' dir='ltr'>ipsi,</span> <span class='ocrx_word' id='word_1_202' title='bbox 1204 2194 1289 2248; x_wconf 88' lang='lat' dir='ltr'>quem</span> <span class='ocrx_word' id='word_1_203' title='bbox 1312 2177 1370 2231; x_wconf 89' lang='lat' dir='ltr'>sint</span> <span class='ocrx_word' id='word_1_204' title='bbox 1392 2179 1500 2232; x_wconf 85' lang='lat' dir='ltr'>secuti:</span> <span class='ocrx_word' id='word_1_205' title='bbox 1525 2195 1589 2232; x_wconf 88' lang='lat' dir='ltr'>nam</span> <span class='ocrx_word' id='word_1_206' title='bbox 1612 2178 1641 2231; x_wconf 93' lang='lat' dir='ltr'>in</span> <span class='ocrx_word' id='word_1_207' title='bbox 1661 2176 1809 2246; x_wconf 87' lang='lat' dir='ltr'>sacrificio,</span> <span class='ocrx_word' id='word_1_208' title='bbox 1833 2181 1910 2251; x_wconf 89' lang='lat' dir='ltr'>quod</span> 
     </span>
     <span class='ocr_line' id='line_1_17' title="bbox 256 2281 1908 2357; baseline 0 -19"><span class='ocrx_word' id='word_1_209' title='bbox 256 2282 385 2340; x_wconf 85' lang='lat' dir='ltr'>Christus</span> <span class='ocrx_word' id='word_1_210' title='bbox 414 2283 530 2355; x_wconf 88' lang='lat' dir='ltr'>optulit,</span> <span class='ocrx_word' id='word_1_211' title='bbox 561 2283 671 2338; x_wconf 88' lang='lat' dir='ltr'>nonnisi</span> <span class='ocrx_word' id='word_1_212' title='bbox 696 2281 824 2338; x_wconf 86' lang='lat' dir='ltr'>Christus</span> <span class='ocrx_word' id='word_1_213' title='bbox 854 2284 1034 2354; x_wconf 64' lang='lat' dir='ltr'>sequendum</span> <span class='ocrx_word' id='word_1_214' title='bbox 1065 2283 1165 2355; x_wconf 90' lang='lat' dir='ltr'>utique</span> <span class='ocrx_word' id='word_1_215' title='bbox 1192 2283 1222 2336; x_wconf 93' lang='lat' dir='ltr'>id</span> <span class='ocrx_word' id='word_1_216' title='bbox 1252 2301 1304 2338; x_wconf 91' lang='lat' dir='ltr'>nos</span> <span class='ocrx_word' id='word_1_217' title='bbox 1333 2283 1469 2339; x_wconf 86' lang='lat' dir='ltr'>obaudire</span> <span class='ocrx_word' id='word_1_218' title='bbox 1501 2291 1531 2339; x_wconf 90' lang='lat' dir='ltr'>et</span> <span class='ocrx_word' id='word_1_219' title='bbox 1557 2283 1653 2339; x_wconf 84' lang='lat' dir='ltr'>facere</span> <span class='ocrx_word' id='word_1_220' title='bbox 1677 2292 1801 2357; x_wconf 86' lang='lat' dir='ltr'>oportet,</span> <span class='ocrx_word' id='word_1_221' title='bbox 1833 2286 1908 2357; x_wconf 92' lang='lat' dir='ltr'>quod</span> 
     </span>
     <span class='ocr_line' id='line_1_18' title="bbox 256 2389 2019 2484; baseline 0.001 -38"><span class='ocrx_word' id='word_1_222' title='bbox 256 2389 384 2446; x_wconf 88' lang='lat' dir='ltr'>Christus</span> <span class='ocrx_word' id='word_1_223' title='bbox 406 2390 476 2447; x_wconf 82' lang='lat' dir='ltr'>facit</span> <span class='ocrx_word' id='word_1_224' title='bbox 501 2397 531 2445; x_wconf 88' lang='lat' dir='ltr'>et</span> <span class='ocrx_word' id='word_1_225' title='bbox 554 2390 631 2461; x_wconf 90' lang='lat' dir='ltr'>quod</span> <span class='ocrx_word' id='word_1_226' title='bbox 646 2389 808 2445; x_wconf 83' lang='lat' dir='ltr'>faciendum</span> <span class='ocrx_word' id='word_1_227' title='bbox 824 2407 888 2445; x_wconf 88' lang='lat' dir='ltr'>esse</span> <span class='ocrx_word' id='word_1_228' title='bbox 904 2390 1058 2458; x_wconf 80' lang='lat' dir='ltr'>mandarit,</span> <span class='ocrx_word' id='word_1_229' title='bbox 1082 2391 1195 2462; x_wconf 90' lang='lat' dir='ltr'>quando</span> <span class='ocrx_word' id='word_1_230' title='bbox 1218 2389 1280 2461; x_wconf 88' lang='lat' dir='ltr'>ipso</span> <span class='ocrx_word' id='word_1_231' title='bbox 1303 2389 1332 2444; x_wconf 91' lang='lat' dir='ltr'>in</span> <span class='ocrx_word' id='word_1_232' title='bbox 1349 2391 1497 2461; x_wconf 84' lang='lat' dir='ltr'>evangelio</span> <span class='ocrx_word' id='word_1_233' title='bbox 1514 2391 1606 2446; x_wconf 87' lang='lat' dir='ltr'>dicat:</span> <span class='ocrx_word' id='word_1_234' title='bbox 1632 2389 1666 2447; x_wconf 77' lang='lat' dir='ltr'>si</span> <span class='ocrx_word' id='word_1_235' title='bbox 1681 2389 1814 2462; x_wconf 68' lang='lat' dir='ltr'>seueritas</span> <span class='ocrx_word' id='word_1_236' title='bbox 1835 2391 1913 2467; x_wconf 80' lang='lat' dir='ltr'>quod</span> <span class='ocrx_word' id='word_1_237' title='bbox 1928 2389 2019 2484; x_wconf 40' lang='lat'>{3222</span> 
     </span>
     <span class='ocr_line' id='line_1_19' title="bbox 256 2471 2015 2571; baseline -0.001 -18"><span class='ocrx_word' id='word_1_238' title='bbox 256 2498 361 2554; x_wconf 84' lang='lat' dir='ltr'>mundo</span> <span class='ocrx_word' id='word_1_239' title='bbox 383 2495 467 2566; x_wconf 69' lang='lat' dir='ltr'>vobis,</span> <span class='ocrx_word' id='word_1_240' title='bbox 491 2496 549 2554; x_wconf 81' lang='lat' dir='ltr'>iam</span> <span class='ocrx_word' id='word_1_241' title='bbox 571 2515 629 2553; x_wconf 76' lang='lat' dir='ltr'>nors</span> <span class='ocrx_word' id='word_1_242' title='bbox 653 2495 745 2552; x_wconf 73' lang='lat' dir='ltr'>dicuni</span> <span class='ocrx_word' id='word_1_243' title='bbox 768 2515 943 2566; x_wconf 74' lang='lat' dir='ltr'>weseram,</span> <span class='ocrx_word' id='word_1_244' title='bbox 966 2497 1018 2553; x_wconf 86' lang='lat' dir='ltr'>scd</span> <span class='ocrx_word' id='word_1_245' title='bbox 1038 2495 1152 2554; x_wconf 83' lang='lat' dir='ltr'>amicos.</span> <span class='ocrx_word' id='word_1_246' title='bbox 1188 2497 1226 2550; x_wconf 86' lang='lat' dir='ltr'>Et</span> <span class='ocrx_word' id='word_1_247' title='bbox 1243 2497 1319 2567; x_wconf 90' lang='lat' dir='ltr'>quod</span> <span class='ocrx_word' id='word_1_248' title='bbox 1336 2494 1465 2551; x_wconf 88' lang='lat' dir='ltr'>Christus</span> <span class='ocrx_word' id='word_1_249' title='bbox 1489 2498 1579 2553; x_wconf 87' lang='lat' dir='ltr'>debet</span> <span class='ocrx_word' id='word_1_250' title='bbox 1602 2497 1678 2553; x_wconf 88' lang='lat' dir='ltr'>solus</span> <span class='ocrx_word' id='word_1_251' title='bbox 1701 2499 1802 2567; x_wconf 89' lang='lat' dir='ltr'>audiri,</span> <span class='ocrx_word' id='word_1_252' title='bbox 1824 2505 1910 2571; x_wconf 83' lang='lat' dir='ltr'>pater</span> <span class='ocrx_word' id='word_1_253' title='bbox 2009 2471 2015 2484; x_wconf 35' lang='grc' dir='ltr'>ι</span> 
     </span>
     <span class='ocr_line' id='line_1_20' title="bbox 258 2602 2079 2681; baseline 0.001 -21"><span class='ocrx_word' id='word_1_254' title='bbox 258 2605 343 2660; x_wconf 86' lang='lat' dir='ltr'>ctiam</span> <span class='ocrx_word' id='word_1_255' title='bbox 366 2605 403 2660; x_wconf 90' lang='lat' dir='ltr'>de</span> <span class='ocrx_word' id='word_1_256' title='bbox 427 2604 514 2660; x_wconf 88' lang='lat' dir='ltr'>caelis</span> <span class='ocrx_word' id='word_1_257' title='bbox 538 2610 717 2658; x_wconf 87' lang='lat' dir='ltr'>contestatur</span> <span class='ocrx_word' id='word_1_258' title='bbox 739 2604 853 2659; x_wconf 88' lang='lat' dir='ltr'>dicens:</span> <span class='ocrx_word' id='word_1_259' title='bbox 885 2602 943 2659; x_wconf 74' lang='lat' dir='ltr'>ffic</span> <span class='ocrx_word' id='word_1_260' title='bbox 972 2610 1013 2659; x_wconf 84' lang='lat' dir='ltr'>cst</span> <span class='ocrx_word' id='word_1_261' title='bbox 1033 2602 1114 2680; x_wconf 77' lang='lat' dir='ltr'>filius</span> <span class='ocrx_word' id='word_1_262' title='bbox 1140 2622 1217 2658; x_wconf 77' lang='lat' dir='ltr'>urens</span> <span class='ocrx_word' id='word_1_263' title='bbox 1239 2602 1440 2673; x_wconf 81' lang='lat' dir='ltr'>dilectissimus,</span> <span class='ocrx_word' id='word_1_264' title='bbox 1469 2602 1499 2661; x_wconf 83' lang='lat' dir='ltr'>in</span> <span class='ocrx_word' id='word_1_265' title='bbox 1526 2623 1580 2679; x_wconf 81' lang='lat' dir='ltr'>quo</span> <span class='ocrx_word' id='word_1_266' title='bbox 1609 2604 1677 2662; x_wconf 83' lang='lat' dir='ltr'>bene</span> <span class='ocrx_word' id='word_1_267' title='bbox 1704 2603 1788 2674; x_wconf 62' lang='lat' dir='ltr'>send,</span> <span class='ocrx_word' id='word_1_268' title='bbox 1819 2604 1909 2681; x_wconf 66' lang='lat' dir='ltr'>qurum</span> <span class='ocrx_word' id='word_1_269' title='bbox 1927 2621 2079 2672; x_wconf 64' lang='lat' dir='ltr'>maarai.</span> 
     </span>
     <span class='ocr_line' id='line_1_21' title="bbox 211 2709 1908 2781; baseline -0.001 -11"><span class='ocrx_word' id='word_1_270' title='bbox 211 2730 239 2770; x_wconf 79' lang='lat' dir='ltr'>so</span> <span class='ocrx_word' id='word_1_271' title='bbox 256 2710 360 2768; x_wconf 74' lang='lat' dir='ltr'>audite.</span> <span class='ocrx_word' id='word_1_272' title='bbox 408 2709 503 2775; x_wconf 84' lang='lat' dir='ltr'>Quare</span> <span class='ocrx_word' id='word_1_273' title='bbox 527 2711 551 2765; x_wconf 94' lang='lat' dir='ltr'>si</span> <span class='ocrx_word' id='word_1_274' title='bbox 574 2710 650 2766; x_wconf 88' lang='lat' dir='ltr'>solus</span> <span class='ocrx_word' id='word_1_275' title='bbox 673 2709 804 2765; x_wconf 87' lang='lat' dir='ltr'>Christus</span> <span class='ocrx_word' id='word_1_276' title='bbox 826 2710 984 2765; x_wconf 86' lang='lat' dir='ltr'>audiendus</span> <span class='ocrx_word' id='word_1_277' title='bbox 1008 2717 1061 2776; x_wconf 88' lang='lat' dir='ltr'>est,</span> <span class='ocrx_word' id='word_1_278' title='bbox 1086 2727 1141 2764; x_wconf 91' lang='lat' dir='ltr'>nou</span> <span class='ocrx_word' id='word_1_279' title='bbox 1165 2710 1303 2765; x_wconf 86' lang='lat' dir='ltr'>debemus</span> <span class='ocrx_word' id='word_1_280' title='bbox 1326 2710 1490 2778; x_wconf 87' lang='lat' dir='ltr'>attendere,</span> <span class='ocrx_word' id='word_1_281' title='bbox 1513 2711 1582 2781; x_wconf 87' lang='lat' dir='ltr'>quid</span> <span class='ocrx_word' id='word_1_282' title='bbox 1606 2711 1678 2766; x_wconf 89' lang='lat' dir='ltr'>alius</span> <span class='ocrx_word' id='word_1_283' title='bbox 1701 2719 1767 2768; x_wconf 86' lang='lat' dir='ltr'>aute</span> <span class='ocrx_word' id='word_1_284' title='bbox 1790 2729 1842 2768; x_wconf 91' lang='lat' dir='ltr'>nos</span> <span class='ocrx_word' id='word_1_285' title='bbox 1864 2712 1908 2768; x_wconf 84' lang='lat' dir='ltr'>fa·</span> 
     </span>
     <span class='ocr_line' id='line_1_22' title="bbox 257 2814 1910 2891; baseline 0 -17"><span class='ocrx_word' id='word_1_286' title='bbox 257 2820 387 2874; x_wconf 87' lang='lat' dir='ltr'>ciendum</span> <span class='ocrx_word' id='word_1_287' title='bbox 418 2835 481 2874; x_wconf 85' lang='lat' dir='ltr'>esse</span> <span class='ocrx_word' id='word_1_288' title='bbox 511 2819 666 2889; x_wconf 87' lang='lat' dir='ltr'>putaverit,</span> <span class='ocrx_word' id='word_1_289' title='bbox 696 2818 749 2873; x_wconf 89' lang='lat' dir='ltr'>sed</span> <span class='ocrx_word' id='word_1_290' title='bbox 780 2817 867 2888; x_wconf 91' lang='lat' dir='ltr'>quod,</span> <span class='ocrx_word' id='word_1_291' title='bbox 897 2817 946 2887; x_wconf 91' lang='lat' dir='ltr'>qui</span> <span class='ocrx_word' id='word_1_292' title='bbox 975 2824 1042 2871; x_wconf 87' lang='lat' dir='ltr'>ante</span> <span class='ocrx_word' id='word_1_293' title='bbox 1073 2834 1170 2871; x_wconf 88' lang='lat' dir='ltr'>omues</span> <span class='ocrx_word' id='word_1_294' title='bbox 1201 2823 1257 2884; x_wconf 89' lang='lat' dir='ltr'>est,</span> <span class='ocrx_word' id='word_1_295' title='bbox 1288 2814 1417 2870; x_wconf 89' lang='lat' dir='ltr'>Christus</span> <span class='ocrx_word' id='word_1_296' title='bbox 1443 2817 1520 2888; x_wconf 91' lang='lat' dir='ltr'>prior</span> <span class='ocrx_word' id='word_1_297' title='bbox 1548 2817 1661 2874; x_wconf 80' lang='lat' dir='ltr'>iecerit.</span> <span class='ocrx_word' id='word_1_298' title='bbox 1708 2819 1810 2891; x_wconf 81' lang='lat' dir='ltr'>Neque</span> <span class='ocrx_word' id='word_1_299' title='bbox 1835 2819 1910 2874; x_wconf 88' lang='lat' dir='ltr'>enirn</span> 
     </span>
     <span class='ocr_line' id='line_1_23' title="bbox 255 2923 1908 2997; baseline 0.002 -18"><span class='ocrx_word' id='word_1_300' title='bbox 255 2926 374 2980; x_wconf 87' lang='lat' dir='ltr'>hominis</span> <span class='ocrx_word' id='word_1_301' title='bbox 398 2925 632 2980; x_wconf 87' lang='lat' dir='ltr'>consuetudinem</span> <span class='ocrx_word' id='word_1_302' title='bbox 655 2924 736 2995; x_wconf 86' lang='lat' dir='ltr'>sequi</span> <span class='ocrx_word' id='word_1_303' title='bbox 760 2931 885 2994; x_wconf 90' lang='lat' dir='ltr'>oportet,</span> <span class='ocrx_word' id='word_1_304' title='bbox 915 2924 967 2978; x_wconf 90' lang='lat' dir='ltr'>sed</span> <span class='ocrx_word' id='word_1_305' title='bbox 990 2924 1048 2978; x_wconf 91' lang='lat' dir='ltr'>Dei</span> <span class='ocrx_word' id='word_1_306' title='bbox 1076 2923 1223 2992; x_wconf 87' lang='lat' dir='ltr'>virtutem,</span> <span class='ocrx_word' id='word_1_307' title='bbox 1253 2941 1316 2978; x_wconf 88' lang='lat' dir='ltr'>curn</span> <span class='ocrx_word' id='word_1_308' title='bbox 1345 2940 1400 2995; x_wconf 91' lang='lat' dir='ltr'>per</span> <span class='ocrx_word' id='word_1_309' title='bbox 1422 2924 1535 2980; x_wconf 84' lang='lat' dir='ltr'>Esaiam</span> <span class='ocrx_word' id='word_1_310' title='bbox 1563 2924 1733 2997; x_wconf 89' lang='lat' dir='ltr'>prophetam</span> <span class='ocrx_word' id='word_1_311' title='bbox 1755 2926 1837 2982; x_wconf 87' lang='lat' dir='ltr'>Deus</span> <span class='ocrx_word' id='word_1_312' title='bbox 1866 2926 1908 2982; x_wconf 89' lang='lat' dir='ltr'>lo·</span> 
     </span>
     <span class='ocr_line' id='line_1_24' title="bbox 257 3028 2081 3104; baseline 0.002 -19"><span class='ocrx_word' id='word_1_313' title='bbox 257 3039 360 3104; x_wconf 88' lang='lat' dir='ltr'>quatur</span> <span class='ocrx_word' id='word_1_314' title='bbox 383 3038 413 3087; x_wconf 89' lang='lat' dir='ltr'>ct</span> <span class='ocrx_word' id='word_1_315' title='bbox 437 3031 530 3086; x_wconf 89' lang='lat' dir='ltr'>dicat:</span> <span class='ocrx_word' id='word_1_316' title='bbox 557 3030 626 3088; x_wconf 75' lang='lat' dir='ltr'>Sine</span> <span class='ocrx_word' id='word_1_317' title='bbox 648 3049 736 3087; x_wconf 73' lang='lat' dir='ltr'>curma</span> <span class='ocrx_word' id='word_1_318' title='bbox 759 3037 851 3086; x_wconf 83' lang='lat' dir='ltr'>auteur</span> <span class='ocrx_word' id='word_1_319' title='bbox 875 3031 969 3085; x_wconf 81' lang='lat' dir='ltr'>colunt</span> <span class='ocrx_word' id='word_1_320' title='bbox 990 3049 1041 3098; x_wconf 85' lang='lat' dir='ltr'>rue,</span> <span class='ocrx_word' id='word_1_321' title='bbox 1065 3028 1205 3085; x_wconf 72' lang='grc' dir='ltr'>πιαηᾱαὶα</span> <span class='ocrx_word' id='word_1_322' title='bbox 1228 3035 1256 3085; x_wconf 87' lang='lat' dir='ltr'>ct</span> <span class='ocrx_word' id='word_1_323' title='bbox 1276 3028 1422 3087; x_wconf 69' lang='grc' dir='ltr'>ἅοοένίηω</span> <span class='ocrx_word' id='word_1_324' title='bbox 1438 3029 1577 3087; x_wconf 76' lang='lat' dir='ltr'>hominum</span> <span class='ocrx_word' id='word_1_325' title='bbox 1594 3031 1731 3101; x_wconf 76' lang='lat' dir='ltr'>dormies,</span> <span class='ocrx_word' id='word_1_326' title='bbox 1756 3039 1786 3088; x_wconf 89' lang='lat' dir='ltr'>et</span> <span class='ocrx_word' id='word_1_327' title='bbox 1808 3033 1910 3090; x_wconf 86' lang='lat' dir='ltr'>iterum</span> <span class='ocrx_word' id='word_1_328' title='bbox 1928 3047 2081 3098; x_wconf 63' lang='lat' dir='ltr'>ussurus.</span> 
     </span>
     <span class='ocr_line' id='line_1_25' title="bbox 256 3134 2054 3209; baseline 0 -15"><span class='ocrx_word' id='word_1_329' title='bbox 256 3139 394 3194; x_wconf 89' lang='lat' dir='ltr'>Dominus</span> <span class='ocrx_word' id='word_1_330' title='bbox 417 3138 445 3191; x_wconf 92' lang='lat' dir='ltr'>in</span> <span class='ocrx_word' id='word_1_331' title='bbox 468 3138 625 3209; x_wconf 83' lang='lat' dir='ltr'>Evangelio</span> <span class='ocrx_word' id='word_1_332' title='bbox 647 3137 700 3192; x_wconf 91' lang='lat' dir='ltr'>hoc</span> <span class='ocrx_word' id='word_1_333' title='bbox 723 3138 799 3191; x_wconf 86' lang='lat' dir='ltr'>idem</span> <span class='ocrx_word' id='word_1_334' title='bbox 823 3137 931 3208; x_wconf 88' lang='lat' dir='ltr'>repetit</span> <span class='ocrx_word' id='word_1_335' title='bbox 954 3136 1068 3191; x_wconf 85' lang='lat' dir='ltr'>dicens:</span> <span class='ocrx_word' id='word_1_336' title='bbox 1101 3134 1217 3191; x_wconf 64' lang='lat' dir='ltr'>Reicitur</span> <span class='ocrx_word' id='word_1_337' title='bbox 1240 3135 1404 3192; x_wconf 77' lang='lat' dir='ltr'>inundatum</span> <span class='ocrx_word' id='word_1_338' title='bbox 1427 3135 1493 3206; x_wconf 82' lang='lat' dir='ltr'>Dei,</span> <span class='ocrx_word' id='word_1_339' title='bbox 1524 3144 1556 3194; x_wconf 85' lang='lat' dir='ltr'>ut</span> <span class='ocrx_word' id='word_1_340' title='bbox 1582 3136 1762 3196; x_wconf 68' lang='lat' dir='ltr'>tradiderim</span> <span class='ocrx_word' id='word_1_341' title='bbox 1788 3147 1910 3197; x_wconf 72' lang='lat' dir='ltr'>oestrmn</span> <span class='ocrx_word' id='word_1_342' title='bbox 1929 3155 2054 3207; x_wconf 67' lang='lat' dir='ltr'>uorsus.</span> 
     </span>
     <span class='ocr_line' id='line_1_26' title="bbox 211 3239 2083 3316; baseline 0 -15"><span class='ocrx_word' id='word_1_343' title='bbox 211 3261 238 3301; x_wconf 79' lang='lat' dir='ltr'>as</span> <span class='ocrx_word' id='word_1_344' title='bbox 256 3243 403 3312; x_wconf 41' lang='lat' dir='ltr'>ammoth</span> <span class='ocrx_word' id='word_1_345' title='bbox 433 3246 484 3300; x_wconf 88' lang='lat' dir='ltr'>sed</span> <span class='ocrx_word' id='word_1_346' title='bbox 509 3253 540 3300; x_wconf 93' lang='lat' dir='ltr'>et</span> <span class='ocrx_word' id='word_1_347' title='bbox 567 3245 621 3299; x_wconf 89' lang='lat' dir='ltr'>alio</span> <span class='ocrx_word' id='word_1_348' title='bbox 644 3244 706 3299; x_wconf 88' lang='lat' dir='ltr'>loco</span> <span class='ocrx_word' id='word_1_349' title='bbox 729 3244 810 3316; x_wconf 93' lang='lat' dir='ltr'>ponit</span> <span class='ocrx_word' id='word_1_350' title='bbox 834 3250 864 3298; x_wconf 92' lang='lat' dir='ltr'>et</span> <span class='ocrx_word' id='word_1_351' title='bbox 887 3243 972 3297; x_wconf 89' lang='lat' dir='ltr'>dicit:</span> <span class='ocrx_word' id='word_1_352' title='bbox 1006 3239 1065 3305; x_wconf 83' lang='lat' dir='ltr'>Qui</span> <span class='ocrx_word' id='word_1_353' title='bbox 1092 3241 1207 3298; x_wconf 83' lang='lat' dir='ltr'>solverit</span> <span class='ocrx_word' id='word_1_354' title='bbox 1234 3261 1320 3298; x_wconf 81' lang='lat' dir='ltr'>unum</span> <span class='ocrx_word' id='word_1_355' title='bbox 1350 3241 1550 3300; x_wconf 68' lang='lat' dir='ltr'>demandatus</span> <span class='ocrx_word' id='word_1_356' title='bbox 1579 3242 1639 3301; x_wconf 81' lang='lat' dir='ltr'>istis</span> <span class='ocrx_word' id='word_1_357' title='bbox 1666 3243 1788 3303; x_wconf 82' lang='lat' dir='ltr'>minimis</span> <span class='ocrx_word' id='word_1_358' title='bbox 1817 3253 1844 3302; x_wconf 83' lang='lat' dir='ltr'>ct</span> <span class='ocrx_word' id='word_1_359' title='bbox 1871 3245 1912 3304; x_wconf 84' lang='lat' dir='ltr'>sic</span> <span class='ocrx_word' id='word_1_360' title='bbox 1928 3260 2083 3311; x_wconf 62' lang='lat' dir='ltr'>uramara</span> 
     </span>
     <span class='ocr_line' id='line_1_27' title="bbox 258 3347 1911 3423; baseline 0 -14"><span class='ocrx_word' id='word_1_361' title='bbox 258 3350 384 3409; x_wconf 72' lang='lat' dir='ltr'>docuerrt</span> <span class='ocrx_word' id='word_1_362' title='bbox 413 3350 545 3420; x_wconf 78' lang='lat' dir='ltr'>homiues,</span> <span class='ocrx_word' id='word_1_363' title='bbox 576 3349 705 3407; x_wconf 76' lang='lat' dir='ltr'>minimus</span> <span class='ocrx_word' id='word_1_364' title='bbox 734 3348 878 3407; x_wconf 80' lang='lat' dir='ltr'>vocabitur</span> <span class='ocrx_word' id='word_1_365' title='bbox 907 3348 937 3405; x_wconf 82' lang='lat' dir='ltr'>in</span> <span class='ocrx_word' id='word_1_366' title='bbox 967 3367 1056 3423; x_wconf 75' lang='lat' dir='ltr'>reprro</span> <span class='ocrx_word' id='word_1_367' title='bbox 1079 3349 1230 3405; x_wconf 84' lang='lat' dir='ltr'>caelorum.</span> <span class='ocrx_word' id='word_1_368' title='bbox 1278 3347 1386 3413; x_wconf 85' lang='lat' dir='ltr'>Quodsi</span> <span class='ocrx_word' id='word_1_369' title='bbox 1416 3367 1471 3406; x_wconf 89' lang='lat' dir='ltr'>uec</span> <span class='ocrx_word' id='word_1_370' title='bbox 1499 3350 1613 3406; x_wconf 85' lang='lat' dir='ltr'>minima</span> <span class='ocrx_word' id='word_1_371' title='bbox 1635 3352 1672 3407; x_wconf 93' lang='lat' dir='ltr'>de</span> <span class='ocrx_word' id='word_1_372' title='bbox 1696 3354 1836 3408; x_wconf 84' lang='lat' dir='ltr'>mundatis</span> <span class='ocrx_word' id='word_1_373' title='bbox 1858 3354 1911 3410; x_wconf 88' lang='lat' dir='ltr'>do-</span> 
     </span>
     <span class='ocr_line' id='line_1_28' title="bbox 259 3456 1911 3531; baseline 0 -16"><span class='ocrx_word' id='word_1_374' title='bbox 259 3460 367 3515; x_wconf 90' lang='lat' dir='ltr'>minicis</span> <span class='ocrx_word' id='word_1_375' title='bbox 391 3459 458 3516; x_wconf 85' lang='lat' dir='ltr'>lieet</span> <span class='ocrx_word' id='word_1_376' title='bbox 480 3458 601 3525; x_wconf 82' lang='lat' dir='ltr'>solvere,</span> <span class='ocrx_word' id='word_1_377' title='bbox 627 3465 734 3529; x_wconf 88' lang='lat' dir='ltr'>quanto</span> <span class='ocrx_word' id='word_1_378' title='bbox 757 3458 846 3529; x_wconf 83' lang='lat' dir='ltr'>magis</span> <span class='ocrx_word' id='word_1_379' title='bbox 870 3464 927 3511; x_wconf 92' lang='lat' dir='ltr'>tam</span> <span class='ocrx_word' id='word_1_380' title='bbox 950 3474 1062 3527; x_wconf 82' lang='lat' dir='ltr'>magna,</span> <span class='ocrx_word' id='word_1_381' title='bbox 1094 3463 1152 3510; x_wconf 85' lang='lat' dir='ltr'>tam</span> <span class='ocrx_word' id='word_1_382' title='bbox 1175 3457 1305 3527; x_wconf 81' lang='lat' dir='ltr'>grandia,</span> <span class='ocrx_word' id='word_1_383' title='bbox 1337 3463 1394 3510; x_wconf 86' lang='lat' dir='ltr'>tam</span> <span class='ocrx_word' id='word_1_384' title='bbox 1419 3456 1455 3511; x_wconf 90' lang='lat' dir='ltr'>ad</span> <span class='ocrx_word' id='word_1_385' title='bbox 1479 3456 1570 3529; x_wconf 86' lang='lat' dir='ltr'>ipsum</span> <span class='ocrx_word' id='word_1_386' title='bbox 1594 3459 1748 3514; x_wconf 86' lang='lat' dir='ltr'>dominicae</span> <span class='ocrx_word' id='word_1_387' title='bbox 1772 3460 1911 3531; x_wconf 84' lang='lat' dir='ltr'>passionis</span> 
     </span>
     <span class='ocr_line' id='line_1_29' title="bbox 259 3561 1911 3638; baseline -0.002 -15"><span class='ocrx_word' id='word_1_388' title='bbox 259 3574 289 3623; x_wconf 89' lang='lat' dir='ltr'>et</span> <span class='ocrx_word' id='word_1_389' title='bbox 311 3575 427 3622; x_wconf 89' lang='lat' dir='ltr'>nostrae</span> <span class='ocrx_word' id='word_1_390' title='bbox 450 3565 654 3637; x_wconf 87' lang='lat' dir='ltr'>redemptionis</span> <span class='ocrx_word' id='word_1_391' title='bbox 677 3570 883 3619; x_wconf 89' lang='lat' dir='ltr'>sacramentum</span> <span class='ocrx_word' id='word_1_392' title='bbox 905 3563 1082 3635; x_wconf 88' lang='lat' dir='ltr'>pertinentia</span> <span class='ocrx_word' id='word_1_393' title='bbox 1104 3562 1147 3617; x_wconf 85' lang='lat' dir='ltr'>fas</span> <span class='ocrx_word' id='word_1_394' title='bbox 1171 3581 1228 3618; x_wconf 88' lang='lat' dir='ltr'>uon</span> <span class='ocrx_word' id='word_1_395' title='bbox 1252 3571 1296 3618; x_wconf 87' lang='lat' dir='ltr'>cst</span> <span class='ocrx_word' id='word_1_396' title='bbox 1320 3561 1475 3634; x_wconf 82' lang='lat' dir='ltr'>infringere</span> <span class='ocrx_word' id='word_1_397' title='bbox 1500 3571 1550 3618; x_wconf 89' lang='lat' dir='ltr'>aut</span> <span class='ocrx_word' id='word_1_398' title='bbox 1573 3564 1601 3617; x_wconf 91' lang='lat' dir='ltr'>in</span> <span class='ocrx_word' id='word_1_399' title='bbox 1624 3564 1712 3632; x_wconf 90' lang='lat' dir='ltr'>aliud,</span> <span class='ocrx_word' id='word_1_400' title='bbox 1736 3583 1820 3637; x_wconf 85' lang='lat' dir='ltr'>quam</span> <span class='ocrx_word' id='word_1_401' title='bbox 1836 3567 1911 3638; x_wconf 91' lang='lat' dir='ltr'>quod</span> 
     </span>
     <span class='ocr_line' id='line_1_30' title="bbox 258 3669 1125 3740; baseline -0.007 -11"><span class='ocrx_word' id='word_1_402' title='bbox 258 3675 393 3729; x_wconf 80' lang='lat' dir='ltr'>divinitus</span> <span class='ocrx_word' id='word_1_403' title='bbox 416 3674 577 3730; x_wconf 89' lang='lat' dir='ltr'>institutum</span> <span class='ocrx_word' id='word_1_404' title='bbox 600 3673 648 3740; x_wconf 89' lang='lat' dir='ltr'>sit,</span> <span class='ocrx_word' id='word_1_405' title='bbox 671 3672 794 3726; x_wconf 87' lang='lat' dir='ltr'>humana</span> <span class='ocrx_word' id='word_1_406' title='bbox 816 3670 968 3726; x_wconf 86' lang='lat' dir='ltr'>traditione</span> <span class='ocrx_word' id='word_1_407' title='bbox 992 3669 1125 3724; x_wconf 85' lang='lat' dir='ltr'>mutare?</span> 
     </span>
     <span class='ocr_line' id='line_1_31' title="bbox 212 3766 1911 3855; baseline -0.002 -18"><span class='ocrx_word' id='word_1_408' title='bbox 212 3795 240 3835; x_wconf 85' lang='lat' dir='ltr'>ro</span> <span class='ocrx_word' id='word_1_409' title='bbox 365 3771 482 3836; x_wconf 90' lang='lat' dir='ltr'>Totam</span> <span class='ocrx_word' id='word_1_410' title='bbox 506 3769 724 3835; x_wconf 89' lang='lat' dir='ltr'>universalem</span> <span class='ocrx_word' id='word_1_411' title='bbox 749 3766 921 3833; x_wconf 89' lang='lat' dir='ltr'>ecclesiam</span> <span class='ocrx_word' id='word_1_412' title='bbox 945 3789 1043 3832; x_wconf 88' lang='lat' dir='ltr'>unum</span> <span class='ocrx_word' id='word_1_413' title='bbox 1068 3766 1266 3831; x_wconf 86' lang='lat' dir='ltr'>sacrificium</span> <span class='ocrx_word' id='word_1_414' title='bbox 1282 3766 1347 3830; x_wconf 89' lang='lat' dir='ltr'>Dei</span> <span class='ocrx_word' id='word_1_415' title='bbox 1372 3789 1444 3831; x_wconf 88' lang='lat' dir='ltr'>esse</span> <span class='ocrx_word' id='word_1_416' title='bbox 1468 3777 1501 3832; x_wconf 91' lang='lat' dir='ltr'>et</span> <span class='ocrx_word' id='word_1_417' title='bbox 1523 3790 1622 3831; x_wconf 90' lang='lat' dir='ltr'>unum</span> <span class='ocrx_word' id='word_1_418' title='bbox 1647 3790 1765 3855; x_wconf 87' lang='lat' dir='ltr'>corpus</span> <span class='ocrx_word' id='word_1_419' title='bbox 1788 3768 1911 3834; x_wconf 88' lang='lat' dir='ltr'>Christi</span> 
     </span>
     <span class='ocr_line' id='line_1_32' title="bbox 258 3872 1911 3962; baseline -0.001 -19"><span class='ocrx_word' id='word_1_420' title='bbox 258 3901 301 3942; x_wconf 82' lang='lat' dir='ltr'>ex</span> <span class='ocrx_word' id='word_1_421' title='bbox 323 3877 416 3943; x_wconf 82' lang='lat' dir='ltr'>libris</span> <span class='ocrx_word' id='word_1_422' title='bbox 446 3879 551 3943; x_wconf 82' lang='lat' dir='ltr'>sancti</span> <span class='ocrx_word' id='word_1_423' title='bbox 573 3876 750 3962; x_wconf 78' lang='lat' dir='ltr'>Augustini</span> <span class='ocrx_word' id='word_1_424' title='bbox 779 3874 821 3939; x_wconf 85' lang='lat' dir='ltr'>de</span> <span class='ocrx_word' id='word_1_425' title='bbox 852 3874 984 3940; x_wconf 79' lang='lat' dir='ltr'>civitate</span> <span class='ocrx_word' id='word_1_426' title='bbox 1008 3872 1091 3937; x_wconf 85' lang='lat' dir='ltr'>Dei:</span> <span class='ocrx_word' id='word_1_427' title='bbox 1124 3877 1221 3938; x_wconf 78' lang='lat' dir='ltr'>Tota³</span> <span class='ocrx_word' id='word_1_428' title='bbox 1244 3883 1307 3954; x_wconf 86' lang='lat' dir='ltr'>ipsu</span> <span class='ocrx_word' id='word_1_429' title='bbox 1329 3884 1480 3955; x_wconf 87' lang='lat' dir='ltr'>redempta</span> <span class='ocrx_word' id='word_1_430' title='bbox 1502 3885 1612 3948; x_wconf 83' lang='lat' dir='ltr'>civitas,</span> <span class='ocrx_word' id='word_1_431' title='bbox 1641 3884 1695 3940; x_wconf 89' lang='lat' dir='ltr'>hoc</span> <span class='ocrx_word' id='word_1_432' title='bbox 1723 3894 1768 3940; x_wconf 89' lang='lat' dir='ltr'>est</span> <span class='ocrx_word' id='word_1_433' title='bbox 1791 3903 1911 3958; x_wconf 80' lang='lat' dir='ltr'>congre·</span> 
     </span>
     <span class='ocr_line' id='line_1_33' title="bbox 258 3989 1913 4066; baseline 0 -18"><span class='ocrx_word' id='word_1_434' title='bbox 258 3994 334 4066; x_wconf 78' lang='lat' dir='ltr'>gatio</span> <span class='ocrx_word' id='word_1_435' title='bbox 364 3995 542 4066; x_wconf 88' lang='lat' dir='ltr'>societasque</span> <span class='ocrx_word' id='word_1_436' title='bbox 573 4000 744 4060; x_wconf 88' lang='lat' dir='ltr'>sanctorum,</span> <span class='ocrx_word' id='word_1_437' title='bbox 776 3991 935 4047; x_wconf 87' lang='lat' dir='ltr'>universale</span> <span class='ocrx_word' id='word_1_438' title='bbox 965 3989 1129 4045; x_wconf 84' lang='lat' dir='ltr'>sacrificium</span> <span class='ocrx_word' id='word_1_439' title='bbox 1162 3989 1281 4046; x_wconf 85' lang='lat' dir='ltr'>offertur</span> <span class='ocrx_word' id='word_1_440' title='bbox 1303 3991 1367 4046; x_wconf 85' lang='lat' dir='ltr'>Deo</span> <span class='ocrx_word' id='word_1_441' title='bbox 1397 4009 1450 4061; x_wconf 88' lang='lat' dir='ltr'>per</span> <span class='ocrx_word' id='word_1_442' title='bbox 1478 3993 1656 4048; x_wconf 88' lang='lat' dir='ltr'>sacerdotem</span> <span class='ocrx_word' id='word_1_443' title='bbox 1686 4010 1832 4065; x_wconf 80' lang='lat' dir='ltr'>maguum,</span> <span class='ocrx_word' id='word_1_444' title='bbox 1863 3994 1913 4064; x_wconf 90' lang='lat' dir='ltr'>qui</span> 
     </span>
     <span class='ocr_line' id='line_1_34' title="bbox 259 4097 1912 4173; baseline -0.001 -18"><span class='ocrx_word' id='word_1_445' title='bbox 259 4102 345 4156; x_wconf 89' lang='lat' dir='ltr'>etiam</span> <span class='ocrx_word' id='word_1_446' title='bbox 370 4119 401 4156; x_wconf 90' lang='lat' dir='ltr'>se</span> <span class='ocrx_word' id='word_1_447' title='bbox 425 4102 514 4173; x_wconf 89' lang='lat' dir='ltr'>ipsum</span> <span class='ocrx_word' id='word_1_448' title='bbox 539 4100 644 4156; x_wconf 87' lang='lat' dir='ltr'>obtulit</span> <span class='ocrx_word' id='word_1_449' title='bbox 668 4100 697 4153; x_wconf 92' lang='lat' dir='ltr'>in</span> <span class='ocrx_word' id='word_1_450' title='bbox 720 4099 851 4170; x_wconf 87' lang='lat' dir='ltr'>passione</span> <span class='ocrx_word' id='word_1_451' title='bbox 875 4116 925 4169; x_wconf 88' lang='lat' dir='ltr'>pro</span> <span class='ocrx_word' id='word_1_452' title='bbox 948 4097 1040 4163; x_wconf 89' lang='lat' dir='ltr'>uobis,</span> <span class='ocrx_word' id='word_1_453' title='bbox 1065 4105 1097 4150; x_wconf 90' lang='lat' dir='ltr'>ut</span> <span class='ocrx_word' id='word_1_454' title='bbox 1120 4098 1193 4151; x_wconf 89' lang='lat' dir='ltr'>tanti</span> <span class='ocrx_word' id='word_1_455' title='bbox 1218 4097 1320 4168; x_wconf 86' lang='lat' dir='ltr'>capitis</span> <span class='ocrx_word' id='word_1_456' title='bbox 1344 4114 1444 4169; x_wconf 91' lang='lat' dir='ltr'>corpus</span> <span class='ocrx_word' id='word_1_457' title='bbox 1465 4115 1600 4166; x_wconf 87' lang='lat' dir='ltr'>essemus,</span> <span class='ocrx_word' id='word_1_458' title='bbox 1623 4100 1780 4154; x_wconf 88' lang='lat' dir='ltr'>secundum</span> <span class='ocrx_word' id='word_1_459' title='bbox 1795 4098 1912 4155; x_wconf 81' lang='lat' dir='ltr'>formam</span> 
     </span>
     <span class='ocr_line' id='line_1_35' title="bbox 258 4203 1911 4278; baseline -0.001 -15"><span class='ocrx_word' id='word_1_460' title='bbox 258 4208 343 4263; x_wconf 78' lang='lat' dir='ltr'>servi.</span> <span class='ocrx_word' id='word_1_461' title='bbox 390 4207 472 4262; x_wconf 88' lang='lat' dir='ltr'>Hanc</span> <span class='ocrx_word' id='word_1_462' title='bbox 507 4208 581 4263; x_wconf 87' lang='lat' dir='ltr'>enim</span> <span class='ocrx_word' id='word_1_463' title='bbox 611 4205 732 4278; x_wconf 87' lang='lat' dir='ltr'>optulit,</span> <span class='ocrx_word' id='word_1_464' title='bbox 767 4206 795 4260; x_wconf 91' lang='lat' dir='ltr'>in</span> <span class='ocrx_word' id='word_1_465' title='bbox 828 4204 880 4260; x_wconf 89' lang='lat' dir='ltr'>hac</span> <span class='ocrx_word' id='word_1_466' title='bbox 910 4203 1020 4258; x_wconf 90' lang='lat' dir='ltr'>oblatus</span> <span class='ocrx_word' id='word_1_467' title='bbox 1050 4211 1109 4270; x_wconf 86' lang='lat' dir='ltr'>est,</span> <span class='ocrx_word' id='word_1_468' title='bbox 1145 4204 1213 4274; x_wconf 90' lang='lat' dir='ltr'>quia</span> <span class='ocrx_word' id='word_1_469' title='bbox 1242 4203 1397 4258; x_wconf 88' lang='lat' dir='ltr'>secundum</span> <span class='ocrx_word' id='word_1_470' title='bbox 1431 4203 1503 4258; x_wconf 86' lang='lat' dir='ltr'>hauc</span> <span class='ocrx_word' id='word_1_471' title='bbox 1536 4206 1676 4261; x_wconf 90' lang='lat' dir='ltr'>mediator</span> <span class='ocrx_word' id='word_1_472' title='bbox 1706 4214 1766 4274; x_wconf 89' lang='lat' dir='ltr'>cst,</span> <span class='ocrx_word' id='word_1_473' title='bbox 1801 4207 1829 4262; x_wconf 93' lang='lat' dir='ltr'>iu</span> <span class='ocrx_word' id='word_1_474' title='bbox 1858 4207 1911 4262; x_wconf 83' lang='lat' dir='ltr'>hac</span> 
     </span>
     <span class='ocr_line' id='line_1_36' title="bbox 216 4309 2064 4389; baseline -0.002 -17"><span class='ocrx_word' id='word_1_475' title='bbox 216 4332 242 4372; x_wconf 79' lang='lat' dir='ltr'>sc</span> <span class='ocrx_word' id='word_1_476' title='bbox 258 4314 401 4382; x_wconf 86' lang='lat' dir='ltr'>sacerdos,</span> <span class='ocrx_word' id='word_1_477' title='bbox 425 4314 453 4368; x_wconf 93' lang='lat' dir='ltr'>in</span> <span class='ocrx_word' id='word_1_478' title='bbox 475 4314 528 4368; x_wconf 91' lang='lat' dir='ltr'>hac</span> <span class='ocrx_word' id='word_1_479' title='bbox 551 4312 719 4368; x_wconf 75' lang='lat' dir='ltr'>sacrificium</span> <span class='ocrx_word' id='word_1_480' title='bbox 744 4318 798 4367; x_wconf 88' lang='lat' dir='ltr'>est.</span> <span class='ocrx_word' id='word_1_481' title='bbox 834 4309 904 4364; x_wconf 88' lang='lat' dir='ltr'>Cum</span> <span class='ocrx_word' id='word_1_482' title='bbox 921 4311 1018 4382; x_wconf 87' lang='lat' dir='ltr'>itaque</span> <span class='ocrx_word' id='word_1_483' title='bbox 1036 4327 1085 4365; x_wconf 90' lang='lat' dir='ltr'>nos</span> <span class='ocrx_word' id='word_1_484' title='bbox 1101 4310 1230 4365; x_wconf 85' lang='lat' dir='ltr'>hortatus</span> <span class='ocrx_word' id='word_1_485' title='bbox 1256 4317 1333 4364; x_wconf 88' lang='lat' dir='ltr'>esset</span> <span class='ocrx_word' id='word_1_486' title='bbox 1356 4309 1511 4381; x_wconf 86' lang='lat' dir='ltr'>apostolus,</span> <span class='ocrx_word' id='word_1_487' title='bbox 1535 4319 1565 4366; x_wconf 83' lang='lat' dir='ltr'>ut</span> <span class='ocrx_word' id='word_1_488' title='bbox 1587 4310 1766 4368; x_wconf 77' lang='lat' dir='ltr'>exhibeamus</span> <span class='ocrx_word' id='word_1_489' title='bbox 1787 4332 1914 4389; x_wconf 76' lang='lat' dir='ltr'>corpora</span> <span class='ocrx_word' id='word_1_490' title='bbox 1928 4326 2064 4376; x_wconf 66' lang='lat' dir='ltr'>nomiae</span> 
     </span>
     <span class='ocr_line' id='line_1_37' title="bbox 259 4414 2061 4490; baseline -0.003 -12"><span class='ocrx_word' id='word_1_491' title='bbox 259 4428 359 4478; x_wconf 66' lang='lat' dir='ltr'>nosue</span> <span class='ocrx_word' id='word_1_492' title='bbox 382 4419 500 4477; x_wconf 75' lang='lat' dir='ltr'>hostiam</span> <span class='ocrx_word' id='word_1_493' title='bbox 521 4419 624 4488; x_wconf 84' lang='lat' dir='ltr'>vivom,</span> <span class='ocrx_word' id='word_1_494' title='bbox 648 4418 745 4473; x_wconf 89' lang='lat' dir='ltr'>intulit</span> <span class='ocrx_word' id='word_1_495' title='bbox 767 4425 832 4489; x_wconf 91' lang='lat' dir='ltr'>post</span> <span class='ocrx_word' id='word_1_496' title='bbox 855 4416 1016 4488; x_wconf 87' lang='lat' dir='ltr'>aliquanta:</span> <span class='ocrx_word' id='word_1_497' title='bbox 1043 4415 1122 4473; x_wconf 79' lang='lat' dir='ltr'>Sicut</span> <span class='ocrx_word' id='word_1_498' title='bbox 1144 4414 1216 4472; x_wconf 83' lang='lat' dir='ltr'>cuim</span> <span class='ocrx_word' id='word_1_499' title='bbox 1241 4415 1271 4473; x_wconf 82' lang='lat' dir='ltr'>in</span> <span class='ocrx_word' id='word_1_500' title='bbox 1294 4434 1350 4471; x_wconf 80' lang='lat' dir='ltr'>urso</span> <span class='ocrx_word' id='word_1_501' title='bbox 1374 4435 1492 4490; x_wconf 75' lang='lat' dir='ltr'>corpore</span> <span class='ocrx_word' id='word_1_502' title='bbox 1514 4417 1601 4473; x_wconf 83' lang='lat' dir='ltr'>multo</span> <span class='ocrx_word' id='word_1_503' title='bbox 1623 4417 1747 4474; x_wconf 69' lang='lat' dir='ltr'>menbra</span> <span class='ocrx_word' id='word_1_504' title='bbox 1770 4418 1910 4489; x_wconf 74' lang='lat' dir='ltr'>habentus,</span> <span class='ocrx_word' id='word_1_505' title='bbox 1929 4432 2061 4482; x_wconf 70' lang='lat' dir='ltr'>iurata</span> 
     </span>
     <span class='ocr_line' id='line_1_38' title="bbox 259 4520 1914 4602; baseline -0.002 -18"><span class='ocrx_word' id='word_1_506' title='bbox 259 4526 354 4584; x_wconf 81' lang='lat' dir='ltr'>omnia</span> <span class='ocrx_word' id='word_1_507' title='bbox 377 4533 468 4583; x_wconf 83' lang='lat' dir='ltr'>autem</span> <span class='ocrx_word' id='word_1_508' title='bbox 492 4524 615 4582; x_wconf 74' lang='lat' dir='ltr'>mentire</span> <span class='ocrx_word' id='word_1_509' title='bbox 637 4545 696 4582; x_wconf 78' lang='lat' dir='ltr'>nors</span> <span class='ocrx_word' id='word_1_510' title='bbox 719 4523 827 4581; x_wconf 83' lang='lat' dir='ltr'>eosdem</span> <span class='ocrx_word' id='word_1_511' title='bbox 850 4531 929 4580; x_wconf 70' lang='lat' dir='ltr'>uehis</span> <span class='ocrx_word' id='word_1_512' title='bbox 952 4521 1062 4592; x_wconf 72' lang='lat' dir='ltr'>holme,</span> <span class='ocrx_word' id='word_1_513' title='bbox 1091 4522 1131 4579; x_wconf 82' lang='lat' dir='ltr'>itu</span> <span class='ocrx_word' id='word_1_514' title='bbox 1153 4521 1234 4578; x_wconf 81' lang='lat' dir='ltr'>multi</span> <span class='ocrx_word' id='word_1_515' title='bbox 1254 4541 1339 4579; x_wconf 84' lang='lat' dir='ltr'>unum</span> <span class='ocrx_word' id='word_1_516' title='bbox 1364 4541 1466 4597; x_wconf 75' lang='lat' dir='ltr'>corpus</span> <span class='ocrx_word' id='word_1_517' title='bbox 1487 4541 1582 4578; x_wconf 81' lang='lat' dir='ltr'>sumus</span> <span class='ocrx_word' id='word_1_518' title='bbox 1603 4522 1633 4579; x_wconf 83' lang='lat' dir='ltr'>iu</span> <span class='ocrx_word' id='word_1_519' title='bbox 1658 4520 1779 4594; x_wconf 75' lang='lat' dir='ltr'>Christo,</span> <span class='ocrx_word' id='word_1_520' title='bbox 1808 4523 1914 4602; x_wconf 64' lang='lat' dir='ltr'>stupidi</span> 
     </span>
     <span class='ocr_line' id='line_1_39' title="bbox 259 4627 2028 4706; baseline -0.004 -15"><span class='ocrx_word' id='word_1_521' title='bbox 259 4641 350 4691; x_wconf 72' lang='lat' dir='ltr'>matera</span> <span class='ocrx_word' id='word_1_522' title='bbox 374 4634 448 4690; x_wconf 65' lang='lat' dir='ltr'>ulta</span> <span class='ocrx_word' id='word_1_523' title='bbox 469 4631 586 4689; x_wconf 82' lang='lat' dir='ltr'>ulterius</span> <span class='ocrx_word' id='word_1_524' title='bbox 608 4630 743 4689; x_wconf 69' lang='lat' dir='ltr'>mouera.</span> <span class='ocrx_word' id='word_1_525' title='bbox 789 4631 852 4686; x_wconf 88' lang='lat' dir='ltr'>Hoc</span> <span class='ocrx_word' id='word_1_526' title='bbox 876 4638 920 4686; x_wconf 90' lang='lat' dir='ltr'>est</span> <span class='ocrx_word' id='word_1_527' title='bbox 942 4629 1110 4684; x_wconf 87' lang='lat' dir='ltr'>sacrificium</span> <span class='ocrx_word' id='word_1_528' title='bbox 1134 4628 1372 4685; x_wconf 87' lang='lat' dir='ltr'>Christianorum:</span> <span class='ocrx_word' id='word_1_529' title='bbox 1399 4627 1485 4685; x_wconf 79' lang='lat' dir='ltr'>dlulti</span> <span class='ocrx_word' id='word_1_530' title='bbox 1506 4648 1591 4686; x_wconf 82' lang='lat' dir='ltr'>unum</span> <span class='ocrx_word' id='word_1_531' title='bbox 1615 4648 1717 4706; x_wconf 82' lang='lat' dir='ltr'>corpus</span> <span class='ocrx_word' id='word_1_532' title='bbox 1739 4629 1769 4687; x_wconf 84' lang='lat' dir='ltr'>in</span> <span class='ocrx_word' id='word_1_533' title='bbox 1790 4628 1911 4688; x_wconf 74' lang='lat' dir='ltr'>Christo.</span> <span class='ocrx_word' id='word_1_534' title='bbox 1929 4643 2028 4694; x_wconf 69' lang='lat' dir='ltr'>turre</span> 
     </span>
     <span class='ocr_line' id='line_1_40' title="bbox 259 4735 1310 4811; baseline -0.004 -16"><span class='ocrx_word' id='word_1_535' title='bbox 259 4741 487 4808; x_wconf 88' lang='lat' dir='ltr'>Demonstratur,</span> <span class='ocrx_word' id='word_1_536' title='bbox 513 4741 589 4811; x_wconf 92' lang='lat' dir='ltr'>quod</span> <span class='ocrx_word' id='word_1_537' title='bbox 612 4740 640 4794; x_wconf 92' lang='lat' dir='ltr'>in</span> <span class='ocrx_word' id='word_1_538' title='bbox 665 4740 765 4794; x_wconf 86' lang='lat' dir='ltr'>eadem</span> <span class='ocrx_word' id='word_1_539' title='bbox 788 4755 830 4804; x_wconf 89' lang='lat' dir='ltr'>re,</span> <span class='ocrx_word' id='word_1_540' title='bbox 855 4755 938 4809; x_wconf 88' lang='lat' dir='ltr'>quam</span> <span class='ocrx_word' id='word_1_541' title='bbox 961 4736 1054 4804; x_wconf 81' lang='lat' dir='ltr'>offert,</span> <span class='ocrx_word' id='word_1_542' title='bbox 1079 4737 1142 4808; x_wconf 87' lang='lat' dir='ltr'>ipsa</span> <span class='ocrx_word' id='word_1_543' title='bbox 1164 4735 1310 4792; x_wconf 82' lang='lat' dir='ltr'>offeratur.</span> 
     </span>
     <span class='ocr_line' id='line_1_41' title="bbox 213 4831 1911 4921; baseline -0.002 -16"><span class='ocrx_word' id='word_1_544' title='bbox 213 4867 242 4905; x_wconf 76' lang='lat' dir='ltr'>so</span> <span class='ocrx_word' id='word_1_545' title='bbox 365 4836 588 4902; x_wconf 83' lang='lat' dir='ltr'>Ecclesiamm</span> <span class='ocrx_word' id='word_1_546' title='bbox 604 4837 810 4901; x_wconf 84' lang='lat' dir='ltr'>diversitates</span> <span class='ocrx_word' id='word_1_547' title='bbox 828 4832 905 4898; x_wconf 89' lang='lat' dir='ltr'>fidei</span> <span class='ocrx_word' id='word_1_548' title='bbox 928 4835 961 4898; x_wconf 93' lang='lat' dir='ltr'>in</span> <span class='ocrx_word' id='word_1_549' title='bbox 985 4836 1109 4898; x_wconf 89' lang='lat' dir='ltr'>unitate</span> <span class='ocrx_word' id='word_1_550' title='bbox 1134 4843 1283 4898; x_wconf 85' lang='lat' dir='ltr'>constare</span> <span class='ocrx_word' id='word_1_551' title='bbox 1303 4856 1346 4897; x_wconf 84' lang='lat' dir='ltr'>ex</span> <span class='ocrx_word' id='word_1_552' title='bbox 1364 4831 1456 4897; x_wconf 89' lang='lat' dir='ltr'>libris</span> <span class='ocrx_word' id='word_1_553' title='bbox 1479 4834 1582 4898; x_wconf 89' lang='lat' dir='ltr'>sancti</span> <span class='ocrx_word' id='word_1_554' title='bbox 1599 4832 1757 4921; x_wconf 86' lang='lat' dir='ltr'>Cypriani</span> <span class='ocrx_word' id='word_1_555' title='bbox 1776 4834 1817 4900; x_wconf 87' lang='lat' dir='ltr'>de</span> <span class='ocrx_word' id='word_1_556' title='bbox 1840 4836 1911 4900; x_wconf 93' lang='lat' dir='ltr'>uni·</span> 
     </span>
    </p>
   </div>
   <div class='ocr_carea' id='block_1_6' title="bbox 260 4944 1910 5025">
    <p class='ocr_par' dir='ltr' id='par_1_7' title="bbox 260 4944 1910 5025">
     <span class='ocr_line' id='line_1_42' title="bbox 260 4944 1910 5025; baseline -0.001 -16"><span class='ocrx_word' id='word_1_557' title='bbox 260 4956 326 5010; x_wconf 81' lang='lat' dir='ltr'>tate</span> <span class='ocrx_word' id='word_1_558' title='bbox 346 4944 522 5010; x_wconf 75' lang='lat' dir='ltr'>ecclesiae:</span> <span class='ocrx_word' id='word_1_559' title='bbox 547 4947 755 5025; x_wconf 85' lang='lat' dir='ltr'>Episcopatus⁴</span> <span class='ocrx_word' id='word_1_560' title='bbox 771 4969 843 5006; x_wconf 88' lang='lat' dir='ltr'>unus</span> <span class='ocrx_word' id='word_1_561' title='bbox 859 4957 914 5018; x_wconf 88' lang='lat' dir='ltr'>est,</span> <span class='ocrx_word' id='word_1_562' title='bbox 938 4951 1017 5005; x_wconf 89' lang='lat' dir='ltr'>ouius</span> <span class='ocrx_word' id='word_1_563' title='bbox 1040 4968 1058 5005; x_wconf 94' lang='lat' dir='ltr'>a</span> <span class='ocrx_word' id='word_1_564' title='bbox 1080 4949 1197 5021; x_wconf 80' lang='lat' dir='ltr'>singulis</span> <span class='ocrx_word' id='word_1_565' title='bbox 1216 4949 1245 5003; x_wconf 93' lang='lat' dir='ltr'>in</span> <span class='ocrx_word' id='word_1_566' title='bbox 1261 4949 1381 5004; x_wconf 86' lang='lat' dir='ltr'>solidum</span> <span class='ocrx_word' id='word_1_567' title='bbox 1395 4967 1462 5021; x_wconf 88' lang='lat' dir='ltr'>pars</span> <span class='ocrx_word' id='word_1_568' title='bbox 1478 4956 1604 5005; x_wconf 85' lang='lat' dir='ltr'>tenetur.</span> <span class='ocrx_word' id='word_1_569' title='bbox 1639 4951 1769 5007; x_wconf 81' lang='lat' dir='ltr'>Ecclesia</span> <span class='ocrx_word' id='word_1_570' title='bbox 1783 4969 1840 5007; x_wconf 90' lang='lat' dir='ltr'>uua</span> <span class='ocrx_word' id='word_1_571' title='bbox 1855 4960 1910 5021; x_wconf 90' lang='lat' dir='ltr'>est,</span> 
     </span>
    </p>
   </div>
   <div class='ocr_carea' id='block_1_7' title="bbox 260 5210 1911 5458">
    <p class='ocr_par' dir='ltr' id='par_1_8' title="bbox 260 5210 1911 5458">
     <span class='ocr_line' id='line_1_43' title="bbox 368 5210 1911 5266; baseline -0.001 0"><span class='ocrx_word' id='word_1_572' title='bbox 368 5214 593 5266; x_wconf 82' lang='lat' dir='ltr'>lleroboamM.</span> <span class='ocrx_word' id='word_1_573' title='bbox 641 5212 871 5266; x_wconf 68' lang='lat' dir='ltr'>dlerusalemdl.</span> <span class='ocrx_word' id='word_1_574' title='bbox 921 5212 1164 5265; x_wconf 76' lang='lat' dir='ltr'>leohaereutedl.</span> <span class='ocrx_word' id='word_1_575' title='bbox 1221 5214 1251 5262; x_wconf 92' lang='grc'>11</span> <span class='ocrx_word' id='word_1_576' title='bbox 1268 5210 1601 5264; x_wconf 75' lang='lat' dir='ltr'>lu-calicisdesuntdl.</span> <span class='ocrx_word' id='word_1_577' title='bbox 1658 5215 1690 5264; x_wconf 80' lang='lat'>12</span> <span class='ocrx_word' id='word_1_578' title='bbox 1703 5213 1777 5264; x_wconf 78' lang='lat' dir='ltr'>XVI.</span> <span class='ocrx_word' id='word_1_579' title='bbox 1790 5212 1840 5264; x_wconf 89' lang='lat' dir='ltr'>Ille</span> <span class='ocrx_word' id='word_1_580' title='bbox 1853 5213 1911 5265; x_wconf 82' lang='lat' dir='ltr'>edd.</span> 
     </span>
     <span class='ocr_line' id='line_1_44' title="bbox 260 5293 1911 5370; baseline 0 -15"><span class='ocrx_word' id='word_1_581' title='bbox 260 5306 305 5370; x_wconf 91' lang='lat' dir='ltr'>qui</span> <span class='ocrx_word' id='word_1_582' title='bbox 318 5297 403 5370; x_wconf 88' lang='lat' dir='ltr'>quod]</span> <span class='ocrx_word' id='word_1_583' title='bbox 415 5303 597 5369; x_wconf 83' lang='lat' dir='ltr'>quidquidM.</span> <span class='ocrx_word' id='word_1_584' title='bbox 654 5306 687 5354; x_wconf 81' lang='grc'>16</span> <span class='ocrx_word' id='word_1_585' title='bbox 706 5299 765 5368; x_wconf 86' lang='lat' dir='ltr'>nos]</span> <span class='ocrx_word' id='word_1_586' title='bbox 780 5299 921 5365; x_wconf 83' lang='lat' dir='ltr'>uon(l)P.</span> <span class='ocrx_word' id='word_1_587' title='bbox 979 5303 1011 5352; x_wconf 85' lang='grc'>18</span> <span class='ocrx_word' id='word_1_588' title='bbox 1030 5295 1122 5366; x_wconf 88' lang='lat' dir='ltr'>debet]</span> <span class='ocrx_word' id='word_1_589' title='bbox 1136 5300 1285 5352; x_wconf 79' lang='lat' dir='ltr'>debeatdl.</span> <span class='ocrx_word' id='word_1_590' title='bbox 1340 5302 1373 5351; x_wconf 78' lang='lat'>24</span> <span class='ocrx_word' id='word_1_591' title='bbox 1393 5308 1501 5368; x_wconf 86' lang='lat' dir='ltr'>repetat</span> <span class='ocrx_word' id='word_1_592' title='bbox 1513 5301 1545 5352; x_wconf 83' lang='lat' dir='ltr'>P.</span> <span class='ocrx_word' id='word_1_593' title='bbox 1600 5304 1634 5353; x_wconf 82' lang='lat'>28</span> <span class='ocrx_word' id='word_1_594' title='bbox 1653 5293 1740 5366; x_wconf 88' lang='lat' dir='ltr'>alind]</span> <span class='ocrx_word' id='word_1_595' title='bbox 1758 5301 1861 5368; x_wconf 90' lang='lat' dir='ltr'>aliquid</span> <span class='ocrx_word' id='word_1_596' title='bbox 1879 5302 1911 5354; x_wconf 86' lang='lat' dir='ltr'>P.</span> 
     </span>
     <span class='ocr_line' id='line_1_45' title="bbox 260 5383 1875 5458; baseline -0.002 -13"><span class='ocrx_word' id='word_1_597' title='bbox 260 5397 295 5445; x_wconf 82' lang='lat'>30</span> <span class='ocrx_word' id='word_1_598' title='bbox 313 5395 410 5445; x_wconf 81' lang='lat' dir='ltr'>Totam</span> <span class='ocrx_word' id='word_1_599' title='bbox 424 5418 457 5427; x_wconf 91' lang='lat'>-</span> <span class='ocrx_word' id='word_1_600' title='bbox 471 5393 524 5444; x_wconf 89' lang='lat' dir='ltr'>Dei</span> <span class='ocrx_word' id='word_1_601' title='bbox 541 5392 632 5444; x_wconf 74' lang='lat' dir='ltr'>desum</span> <span class='ocrx_word' id='word_1_602' title='bbox 649 5393 686 5443; x_wconf 77' lang='lat' dir='ltr'>M.</span> <span class='ocrx_word' id='word_1_603' title='bbox 760 5395 794 5442; x_wconf 84' lang='lat'>40</span> <span class='ocrx_word' id='word_1_604' title='bbox 812 5393 841 5442; x_wconf 91' lang='lat' dir='ltr'>iu</span> <span class='ocrx_word' id='word_1_605' title='bbox 858 5392 925 5442; x_wconf 82' lang='lat' dir='ltr'>deest</span> <span class='ocrx_word' id='word_1_606' title='bbox 943 5391 974 5442; x_wconf 86' lang='lat' dir='ltr'>P.</span> <span class='ocrx_word' id='word_1_607' title='bbox 993 5390 1032 5441; x_wconf 81' lang='grc' dir='ltr'>Μ.</span> <span class='ocrx_word' id='word_1_608' title='bbox 1104 5393 1135 5441; x_wconf 77' lang='grc'>11</span> <span class='ocrx_word' id='word_1_609' title='bbox 1157 5383 1303 5453; x_wconf 84' lang='lat' dir='ltr'>ecclesiae]</span> <span class='ocrx_word' id='word_1_610' title='bbox 1322 5389 1384 5440; x_wconf 84' lang='lat' dir='ltr'>fidei</span> <span class='ocrx_word' id='word_1_611' title='bbox 1404 5390 1441 5440; x_wconf 83' lang='lat' dir='ltr'>M.</span> <span class='ocrx_word' id='word_1_612' title='bbox 1513 5390 1601 5441; x_wconf 81' lang='lat' dir='ltr'><strong>XVII.</strong></span> <span class='ocrx_word' id='word_1_613' title='bbox 1620 5392 1801 5458; x_wconf 81' lang='lat' dir='ltr'>Episcopatus</span> <span class='ocrx_word' id='word_1_614' title='bbox 1818 5391 1875 5443; x_wconf 83' lang='lat' dir='ltr'>edd.</span> 
     </span>
    </p>
   </div>
   <div class='ocr_carea' id='block_1_8' title="bbox 214 5623 1911 5921">
    <p class='ocr_par' dir='ltr' id='par_1_9' title="bbox 214 5623 1911 5921">
     <span class='ocr_line' id='line_1_46' title="bbox 214 5623 1911 5705; baseline -0.001 -20"><span class='ocrx_word' id='word_1_615' title='bbox 214 5661 242 5700; x_wconf 56' lang='grc' dir='ltr'>ω</span> <span class='ocrx_word' id='word_1_616' title='bbox 370 5629 399 5701; x_wconf 93' lang='grc'>1)</span> <span class='ocrx_word' id='word_1_617' title='bbox 424 5626 603 5705; x_wconf 63' lang='grc' dir='ltr'>ίζιχρήαπω,</span> <span class='ocrx_word' id='word_1_618' title='bbox 629 5627 761 5704; x_wconf 68' lang='lat' dir='ltr'>Epdtolo</span> <span class='ocrx_word' id='word_1_619' title='bbox 785 5628 825 5685; x_wconf 83' lang='lat'>63</span> <span class='ocrx_word' id='word_1_620' title='bbox 848 5646 872 5683; x_wconf 89' lang='lat' dir='ltr'>c.</span> <span class='ocrx_word' id='word_1_621' title='bbox 896 5628 952 5696; x_wconf 78' lang='grc'><strong>14,·</strong></span> <span class='ocrx_word' id='word_1_622' title='bbox 983 5624 1058 5702; x_wconf 81' lang='lat' dir='ltr'>Opp.</span> <span class='ocrx_word' id='word_1_623' title='bbox 1083 5626 1126 5683; x_wconf 79' lang='lat' dir='ltr'>cd.</span> <span class='ocrx_word' id='word_1_624' title='bbox 1151 5624 1257 5682; x_wconf 67' lang='grc' dir='ltr'><em>Πανία</em></span> <span class='ocrx_word' id='word_1_625' title='bbox 1278 5623 1318 5695; x_wconf 84' lang='lat'>11,</span> <span class='ocrx_word' id='word_1_626' title='bbox 1343 5627 1412 5684; x_wconf 87' lang='grc'><strong>713.</strong></span> <span class='ocrx_word' id='word_1_627' title='bbox 1516 5625 1547 5696; x_wconf 83' lang='grc'>2)</span> <span class='ocrx_word' id='word_1_628' title='bbox 1571 5625 1667 5697; x_wconf 53' lang='lat' dir='ltr'>Ioum-</span> <span class='ocrx_word' id='word_1_629' title='bbox 1695 5628 1715 5683; x_wconf 86' lang='lat'>1.</span> <span class='ocrx_word' id='word_1_630' title='bbox 1739 5628 1758 5684; x_wconf 88' lang='lat' dir='ltr'>l.</span> <span class='ocrx_word' id='word_1_631' title='bbox 1782 5626 1911 5698; x_wconf 81' lang='lat'>11,712.</span> 
     </span>
     <span class='ocr_line' id='line_1_47' title="bbox 262 5726 1910 5814; baseline -0.002 -21"><span class='ocrx_word' id='word_1_632' title='bbox 262 5735 294 5807; x_wconf 80' lang='lat'>3)</span> <span class='ocrx_word' id='word_1_633' title='bbox 315 5736 496 5814; x_wconf 76' lang='lat' dir='ltr'>Aupustiuus,</span> <span class='ocrx_word' id='word_1_634' title='bbox 520 5735 567 5792; x_wconf 81' lang='lat' dir='ltr'>De</span> <span class='ocrx_word' id='word_1_635' title='bbox 589 5734 699 5793; x_wconf 75' lang='lat' dir='ltr'>cioitutc</span> <span class='ocrx_word' id='word_1_636' title='bbox 713 5733 772 5792; x_wconf 86' lang='lat' dir='ltr'>Dei</span> <span class='ocrx_word' id='word_1_637' title='bbox 785 5733 821 5790; x_wconf 82' lang='grc' dir='ltr'><em>Χ</em></span> <span class='ocrx_word' id='word_1_638' title='bbox 838 5753 862 5790; x_wconf 90' lang='lat' dir='ltr'>c.</span> <span class='ocrx_word' id='word_1_639' title='bbox 880 5736 900 5792; x_wconf 91' lang='lat'><strong><em>6</em></strong></span> <span class='ocrx_word' id='word_1_640' title='bbox 922 5727 1010 5809; x_wconf 81' lang='lat' dir='ltr'>(Opp.</span> <span class='ocrx_word' id='word_1_641' title='bbox 1032 5731 1098 5802; x_wconf 84' lang='lat' dir='ltr'>VII,</span> <span class='ocrx_word' id='word_1_642' title='bbox 1114 5726 1199 5807; x_wconf 74' lang='lat'>243),</span> <span class='ocrx_word' id='word_1_643' title='bbox 1223 5730 1300 5788; x_wconf 83' lang='lat' dir='ltr'>cuius</span> <span class='ocrx_word' id='word_1_644' title='bbox 1323 5730 1410 5789; x_wconf 75' lang='lat' dir='ltr'>verbu</span> <span class='ocrx_word' id='word_1_645' title='bbox 1427 5733 1579 5809; x_wconf 79' lang='lat' dir='ltr'>paulisper·</span> <span class='ocrx_word' id='word_1_646' title='bbox 1600 5731 1773 5791; x_wconf 62' lang='lat' dir='ltr'>mesdavit</span> <span class='ocrx_word' id='word_1_647' title='bbox 1796 5732 1910 5791; x_wconf 75' lang='lat' dir='ltr'>Florum.</span> 
     </span>
     <span class='ocr_line' id='line_1_48' title="bbox 262 5835 1560 5921; baseline -0.002 -22"><span class='ocrx_word' id='word_1_648' title='bbox 262 5843 293 5913; x_wconf 80' lang='lat'>4)</span> <span class='ocrx_word' id='word_1_649' title='bbox 317 5841 490 5921; x_wconf 71' lang='lat' dir='ltr'>Cypriorum,</span> <span class='ocrx_word' id='word_1_650' title='bbox 514 5842 561 5900; x_wconf 85' lang='lat' dir='ltr'>De</span> <span class='ocrx_word' id='word_1_651' title='bbox 583 5841 737 5900; x_wconf 77' lang='lat' dir='ltr'>catholicae</span> <span class='ocrx_word' id='word_1_652' title='bbox 759 5839 891 5899; x_wconf 79' lang='lat' dir='ltr'>ccclesias</span> <span class='ocrx_word' id='word_1_653' title='bbox 913 5839 1020 5897; x_wconf 78' lang='lat' dir='ltr'>unitate</span> <span class='ocrx_word' id='word_1_654' title='bbox 1043 5858 1066 5896; x_wconf 87' lang='lat' dir='ltr'>c.</span> <span class='ocrx_word' id='word_1_655' title='bbox 1083 5842 1103 5898; x_wconf 86' lang='lat'><em>5</em></span> <span class='ocrx_word' id='word_1_656' title='bbox 1109 5859 1121 5908; x_wconf 86' lang='lat'>,·</span> <span class='ocrx_word' id='word_1_657' title='bbox 1152 5835 1226 5913; x_wconf 84' lang='lat' dir='ltr'>Opp.</span> <span class='ocrx_word' id='word_1_658' title='bbox 1251 5837 1296 5894; x_wconf 83' lang='lat' dir='ltr'>cd.</span> <span class='ocrx_word' id='word_1_659' title='bbox 1320 5837 1428 5895; x_wconf 84' lang='lat' dir='ltr'>Hurtcl</span> <span class='ocrx_word' id='word_1_660' title='bbox 1448 5837 1560 5910; x_wconf 66' lang='lat' dir='ltr'>leil.</span> 
     </span>
    </p>
   </div>
   <div class='ocr_carea' id='block_1_9' title="bbox 0 0 2446 6709">
    <p class='ocr_par' dir='ltr' id='par_1_10' title="bbox 0 0 2446 6709">
     <span class='ocr_line' id='line_1_49' title="bbox 0 0 2446 6709; baseline 0 0"><span class='ocrx_word' id='word_1_661' title='bbox 0 0 2446 6709; x_wconf 95' lang='lat' dir='ltr'> </span> 
     </span>
    </p>
   </div>
  </div>
 </body>
</html>
