4884 6717
693 505 745 564 li.
781 506 1000 565 CONCILIUM
1023 506 1280 566 MANTUAWM
1303 508 1340 564 A.
1362 505 1438 565 827.
1825 502 1890 567 osi

235 694 366 760 vinculo
389 693 543 760 liberatos
560 693 602 759 ad
618 691 815 781 Aquileiam,
839 717 932 759 snam
954 693 1169 782 metropolim,
1194 696 1247 759 cui
1270 695 1448 782 antiquitus
1472 693 1594 759 subditi
1617 694 1756 777 fuerant,
1781 696 1889 761 redire

235 801 404 883 concedat,
430 803 507 888 quia
530 800 635 882 electi,
660 802 717 888 qui
741 800 914 866 ordinandi
938 812 1022 883 sunt,
1046 802 1136 888 prins
1160 802 1315 888 piissimis
1338 800 1589 889 imperatoribus
1613 802 1730 866 nostris
1754 814 1786 866 et
1802 815 1888 890 post·

234 907 365 973 modum
389 908 431 972 ad
454 918 580 995 partem
605 905 807 973 Graecorum
830 907 929 973 fidem
952 930 1013 995 per
1035 919 1240 973 sacramenta
1263 908 1470 996 promittunt3
1505 919 1538 973 et
1560 908 1634 973 ideo
1657 911 1692 974 in
1715 909 1777 975 hoc
1800 908 1887 975 facto

233 1015 365 1101 gravari
388 1037 423 1078 se
447 1025 597 1080 asserunt
620 1025 653 1079 et
675 1015 799 1079 servire
823 1013 950 1079 duobus
975 1013 1114 1079 dominis
1137 1038 1203 1080 non
1226 1038 1322 1103 posse
1346 1015 1561 1081 conclamant.
1906 1015 2023 1119 ⁰2¹3&-

201 1149 215 1188 s
339 1121 471 1186 Auditis
500 1122 612 1208 itaque
643 1120 759 1186 horum
788 1119 941 1208 precibus
971 1122 1167 1186 sanctissimi
1198 1134 1231 1187 et
1260 1123 1515 1187 reverentissimi
1545 1121 1644 1209 legati
1667 1135 1800 1188 sanctae
1824 1124 1887 1188 Ro·

233 1250 350 1293 manae
374 1226 565 1309 aecclesiae,
597 1226 818 1292 Benedictns¹
841 1226 997 1292 videlicet
1028 1229 1202 1316 episcopus
1235 1241 1267 1294 et
1296 1229 1365 1294 Leo
1399 1228 1566 1312 diaconus,
1602 1230 1766 1314 universa,
1802 1253 1886 1316 qnae

233 1335 430 1417 Maxentius,
461 1334 648 1422 patriarcha
669 1333 902 1422 Aquileiensis,
933 1334 968 1398 in
997 1333 1106 1399 libello
1137 1333 1309 1420 obtulerat,
1340 1337 1617 1423 auctoritatesque
1647 1338 1885 1429 veracissimas,

234 1465 317 1530 quae
340 1443 374 1505 in
398 1441 459 1507 hac
483 1440 609 1528 synodo
631 1440 822 1528 propalatae
851 1453 935 1524 sunt,
966 1442 1109 1506 recitatis
1142 1442 1240 1507 etiam
1270 1439 1460 1523 canonibus,
1491 1441 1737 1530 recapitulando
1768 1455 1886 1508 cuncta

233 1569 292 1635 per
315 1548 462 1613 ordinem
486 1546 688 1634 protulerunt
710 1548 983 1634 interrogatisque
1007 1547 1143 1634 singulis
1167 1550 1340 1636 episcopis,
1371 1560 1478 1614 utrum
1509 1550 1593 1614 iusta
1623 1550 1665 1614 sit
1695 1572 1738 1614 an
1767 1551 1887 1615 iniusta

188 1684 215 1724 ro
233 1655 473 1720 Histrianorum
496 1654 610 1741 petitio
634 1665 666 1718 et
690 1655 718 1718 si
741 1652 920 1719 secundum
944 1654 1002 1719 has
1027 1656 1237 1720 auctoritates
1252 1654 1407 1743 Aquileia
1426 1677 1555 1743 semper
1577 1654 1765 1743 metropolis
1787 1655 1886 1721 fuerit

234 1772 299 1842 aut,
323 1763 350 1826 si
373 1761 547 1849 provintia,
572 1783 656 1848 quae
681 1771 794 1826 contra
818 1767 1001 1827 canonum²
1024 1773 1144 1826 statuta
1168 1762 1202 1826 in
1227 1761 1308 1827 duos
1331 1761 1598 1849 metropolitanos
1623 1761 1730 1827 divisa
1753 1773 1812 1843 est,
1843 1762 1885 1827 ad

233 1891 329 1933 unam
354 1879 387 1932 et
409 1868 548 1955 primam
570 1866 739 1933 reformari
764 1865 892 1948 debeat,
917 1873 960 1932 ‘et
984 1869 1011 1932 si
1034 1867 1143 1955 placet
1166 1890 1277 1933 eornm
1300 1868 1426 1955 petitio,
1451 1867 1540 1933 clara
1554 1891 1637 1934 voce
1661 1868 1824 1956 proferte’,
1841 1907 1884 1918 -

233 1975 377 2040 universi
400 1973 637 2062 respondentes
661 1973 830 2038 dixerunt:
856 1974 956 2040 ‘Iusta
979 1986 1028 2039 est
1047 1974 1289 2039 Histrianorum
1312 1976 1436 2062 petitio,
1462 1986 1494 2039 et
1517 1976 1603 2062 qnia,
1628 1975 1716 2063 quod
1731 1974 1886 2062 Aquileia

233 2103 362 2168 semper
385 2080 572 2169 metropolis
596 2082 704 2146 extitit
727 2080 923 2168 dominaque
947 2081 1008 2147 fuit
1032 2080 1262 2164 Gradensinm,
1290 2083 1440 2147 novimus
1464 2092 1496 2148 et
1520 2082 1598 2169 quia
1621 2092 1734 2147 contra
1756 2092 1884 2170 patrum

188 2215 215 2256 rs
233 2188 364 2253 decreta
395 2188 501 2253 divisa
530 2198 590 2270 est,
620 2186 695 2252 ideo
725 2189 917 2253 auctoritate
947 2199 1076 2275 patrum
1108 2187 1151 2252 ad
1181 2189 1323 2275 priorem
1348 2199 1467 2254 statum
1492 2188 1702 2272 refonnetur3
1734 2188 1884 2255 omnibus

232 2293 325 2360 nobis
348 2294 478 2383 placet’.
523 2294 568 2359 Et
590 2293 637 2359 illi
660 2293 894 2382 respondentes
919 2294 1086 2359 dixerunt:
1111 2295 1165 2361 ‘Et
1188 2294 1282 2360 nobis
1305 2297 1351 2360 ita
1374 2295 1503 2383 placct’.

339 2401 460 2468 Statuit
481 2403 581 2488 igitur
604 2412 717 2466 sancta
740 2401 895 2488 synodus,
919 2413 954 2467 ut
969 2401 1123 2489 Aquileia
1145 2402 1342 2490 metropolis,
1367 2425 1451 2489 quae
1475 2414 1589 2468 contra
1610 2413 1738 2490 patrum
1762 2413 1884 2468 statuta

232 2509 338 2574 divisa
360 2510 395 2573 in
419 2507 500 2574 duos
523 2507 789 2596 metropolitanos
811 2507 928 2591 fuerat,
952 2508 1107 2596 deinceps
1131 2508 1310 2574 secundnm
1335 2508 1423 2597 quod
1442 2519 1474 2574 et
1490 2510 1668 2597 antiquitus
1685 2519 1756 2574 erat
1778 2510 1884 2596 prima

232 2629 265 2680 et
287 2614 475 2703 metropolis
499 2612 659 2680 habeatur
673 2625 706 2679 et
721 2614 919 2696 Maxentius,
944 2626 1076 2680 sanctae
1092 2615 1313 2703 Aquileiensis
1329 2615 1511 2682 aecclesiae
1527 2614 1724 2704 patriarcha,
1748 2617 1883 2704 eiusque

186 2750 215 2791 so
232 2744 437 2789 successores
462 2723 495 2787 in
518 2721 654 2809 singulis
678 2722 821 2788 Histriae
846 2721 1014 2788 aecclesiis
1038 2720 1158 2787 electos
1181 2745 1202 2786 a
1225 2720 1312 2787 clero
1341 2732 1373 2787 et
1395 2723 1515 2811 populo
1546 2721 1720 2787 ordinandi
1752 2724 1785 2786 in
1816 2724 1883 2811 epi·

232 2852 348 2918 scopos
371 2828 537 2894 licentiam
561 2829 646 2894 sicut
669 2840 701 2893 et
723 2830 912 2894 incaeteris
936 2827 1123 2894 civitatibus
1146 2851 1225 2894 snae
1248 2828 1419 2917 metropoli
1435 2827 1590 2895 subiectis
1606 2829 1703 2896 modo
1720 2842 1753 2895 et
1768 2829 1884 2895 futuris

232 2935 432 3025 temporibus
455 2934 608 3001 habeant.

338 3042 469 3108 Deinde
502 3064 581 3129 ergo
611 3040 673 3107 hoc
704 3041 920 3108 statuentibus
947 3054 980 3107 et
1002 3040 1209 3130 loquentibus
1232 3042 1333 3129 legati
1357 3053 1489 3107 sanctae
1511 3041 1678 3108 Romanae
1703 3042 1884 3109 aecclesiae

233 3162 265 3216 et
287 3150 404 3239 prefati
434 3148 606 3214 illustrium
636 3150 868 3236 imperatorum
899 3150 989 3215 missi
1013 3150 1123 3214 exorsi
1146 3158 1221 3213 sunt
1245 3147 1352 3235 palam
1377 3147 1526 3213 omnibns
1557 3148 1719 3214 dicentes:
1753 3149 1884 3215 ‘Notum

186 3258 274 3323 assit
305 3258 467 3323 universis
498 3252 704 3343 presentibus
737 3267 770 3320 et
801 3255 918 3321 futuris
949 3257 984 3320 in
1016 3255 1077 3321 hac
1105 3255 1231 3343 synodo
1262 3265 1295 3320 et
1323 3256 1442 3319 nostris
1466 3254 1707 3321 definitionibus
1732 3256 1884 3322 affectum

233 3365 333 3429 animi
356 3374 389 3429 et
413 3385 608 3428 consensum
631 3361 754 3427 domini
776 3383 883 3450 papae
907 3384 979 3427 esse
1002 3362 1143 3448 Eugenii
1168 3374 1266 3449 atque
1290 3362 1509 3449 piissimorum
1533 3361 1734 3429 Oblodowici
1759 3386 1798 3429 ac
1821 3364 1883 3429 Lo·

232 3470 327 3536 tharii
343 3471 593 3557 imperatorum,
618 3480 777 3557 quatenus
793 3468 1014 3557 Aquileiensis
1030 3469 1191 3534 aecclesia
1207 3468 1251 3534 ad
1266 3469 1437 3556 pristinum
1456 3468 1650 3534 reformetur
1673 3469 1774 3535 decus
1797 3493 1884 3537 nunc

232 3589 265 3644 ei
287 3579 321 3642 in
344 3576 559 3665 perpetnnm’.

340 3684 427 3751 Sane
461 3696 493 3749 et
523 3682 558 3748 id
586 3685 773 3749 necessario
806 3682 1017 3748 indicandum
1051 3682 1215 3764 duximus,
1249 3682 1336 3770 quod
1360 3681 1559 3770 Sychardus,
1592 3683 1627 3748 id
1650 3694 1699 3749 est
1721 3683 1884 3771 palatinus

186 3817 215 3858 so
231 3789 415 3880 presbyter,
439 3801 472 3855 et
488 3790 614 3858 Theoto
638 3791 690 3854 vir
713 3788 912 3878 spectabilis,
937 3812 1102 3855 sacrorum
1126 3791 1359 3877 imperatorum
1382 3791 1483 3870 missi,
1508 3813 1583 3856 cum
1606 3802 1715 3857 essent
1737 3792 1827 3878 prins
1850 3792 1884 3855 in

233 3899 365 3965 civitate
390 3897 552 3980 Tarvisio,
577 3897 620 3962 ad
635 3897 846 3979 Venerinmi,
872 3895 1076 3962 Gradensem
1101 3897 1301 3984 episcopum,
1326 3920 1419 3962 snum
1442 3899 1576 3963 missum
1599 3899 1757 3963 miserunt
1780 3899 1884 3986 preci·

232 4006 369 4092 pientes,
393 4016 429 4069 ut
452 4004 522 4091 ipse
546 4003 589 4068 ad
613 4002 783 4091 synodum,
807 4025 892 4091 quae
908 4002 1062 4069 Mantuae
1078 4003 1187 4068 futura
1203 4015 1284 4085 erat,
1309 4027 1383 4069 cum
1407 4002 1663 4088 auctoritatibus,
1688 4006 1715 4069 si
1738 4003 1884 4088 haberet,

342 4259 373 4309 13
392 4258 464 4324 quod
482 4257 549 4309 deest
567 4256 594 4308 V.
677 4258 711 4308 20
728 4254 831 4324 populo
850 4258 879 4307 in
898 4256 1056 4307 ordinandis
1076 4259 1211 4324 episcopis
1231 4257 1258 4308 V.
1339 4254 1677 4321 correctum10ff0num
1697 4260 1725 4311 Γ.
1804 4263 1838 4314 29
1858 4263 1885 4313 id

233 4342 285 4410 ast]
306 4342 398 4398 ider.
471 4345 626 4415 palentinus
646 4346 673 4396 V.

188 4596 215 4638 aa
343 4581 372 4651 1)
390 4581 422 4638 V.
438 4600 529 4657 snpra
547 4601 580 4657 p.
597 4584 659 4641 581
680 4600 750 4638 ann.
768 4583 796 4640 3.
868 4578 899 4650 2)
925 4577 1358 4652 Cjiconcil.0lalccd.n12;
1384 4582 1484 4640 Mauri
1500 4582 1563 4652 VII,
1581 4586 1651 4644 376.
1722 4584 1752 4654 3)
1777 4589 1886 4644 826-

234 4691 294 4748 844
304 4681 360 4763 (.'),·
383 4687 424 4760 cs.
447 4687 530 4745 enam
546 4687 709 4745 Hindowici
730 4697 757 4745 et
778 4686 926 4745 Hlotlarii
948 4686 1148 4763 inperatoriam
1172 4686 1290 4762 epistola
1313 4690 1355 4745 ad
1375 4708 1435 4746 earn
1459 4689 1566 4747 directa
1589 4684 1646 4765 (ca.
1664 4694 1736 4751 827.
1766 4691 1884 4769 Upltellr',

233 4793 319 4852 ltalia
341 4813 430 4851 sacra
452 4794 496 4851 ed.
512 4797 543 4854 2.
565 4794 712 4865 1611045
738 4790 946 4852 ΜίἱΙιΙὸαοΙιεν2
968 4813 997 4850 n.
1015 4789 1099 4870 840),
1123 4812 1206 4869 ptam
1231 4794 1276 4851 iic
1290 4795 1456 4870 repetimus:
1480 4797 1512 4852 in
1533 4798 1642 4853 nomine
1661 4800 1763 4854 domini
1780 4800 1833 4854 Dei
1857 4806 1885 4854 et

233 4902 378 4957 salvatoris
399 4902 484 4956 nostri
502 4903 563 4957 lesu
582 4901 691 4956 Christi.
729 4902 901 4957 Hlodovicus
919 4909 947 4956 et
963 4900 1105 4956 Hlotarius
1127 4901 1221 4956 divina
1237 4902 1380 4958 ordinante
1395 4904 1568 4974 providentia
1583 4904 1762 4975 imperatores
1777 4907 1885 4978 angusti

234 5009 355 5064 Venerio
369 5009 522 5063 venerabili
544 5008 718 5079 patriarchae
742 5009 769 5064 in
785 5008 905 5064 Domino
927 5008 1052 5063 salutem.
1090 5006 1124 5062 In
1146 5008 1244 5063 litteris
1259 5009 1412 5064 sanctitatis
1426 5015 1501 5080 tuae,
1524 5028 1594 5083 quas
1609 5011 1688 5066 nobis
1710 5013 1885 5084 permissum

189 5129 217 5168 so
233 5123 309 5170 tuum
324 5115 465 5170 'liberium
488 5107 543 5189 (cs.
559 5113 676 5190 epistola
697 5114 811 5172 Venerii
831 5115 874 5171 ad
886 5113 1082 5171 Hludowicnm
1101 5113 1298 5189 imperatorem
1314 5114 1400 5172 roiam
1416 5109 1552 5192 826,1'27,·
1577 5116 1649 5177 Me.
1669 5117 1747 5195 Epp.
1766 5120 1798 5190 V,
1816 5123 1885 5190 314,

229 5220 387 5296 praecipue
410 5240 445 5297 p.
469 5223 528 5280 315
558 5221 576 5277 l.
603 5224 646 5280 27
656 5216 731 5297 sqq.)
762 5223 866 5291 misisti,
896 5223 1024 5292 scriptum
1053 5222 1214 5292 reperimus,
1249 5223 1324 5294 qnod
1353 5229 1384 5277 tu
1413 5225 1561 5278 secundnm
1590 5233 1711 5281 nostram
1739 5228 1885 5284 iussionem

234 5335 347 5399 propter
369 5329 569 5384 contentionem
592 5336 669 5383 tuam
685 5336 712 5382 et
727 5329 860 5383 Maxentii
875 5329 1049 5400 patriarchae
1072 5327 1235 5383 tinnandam
1258 5322 1460 5406 (finiendami)
1484 5331 1599 5385 Romam
1618 5333 1726 5402 venisti,
1748 5335 1798 5389 sed
1820 5336 1886 5406 quia

234 5434 391 5489 Maxentius
413 5436 511 5490 emam
534 5443 658 5506 tempore
682 5435 747 5489 illuc
771 5453 826 5489 non
849 5436 923 5490 venit
947 5444 975 5489 et
997 5444 1108 5506 propter
1138 5436 1196 5489 eins
1220 5434 1374 5490 absentiam
1397 5437 1521 5493 dominus
1543 5439 1710 5509 apostolicus
1732 5440 1798 5495 nihil
1822 5442 1886 5498 inde

234 5539 349 5596 definire
372 5542 481 5612 pontit„
499 5549 529 5597 tu
551 5542 654 5598 infecto
677 5543 789 5615 negotio
811 5543 921 5596 domum
944 5560 1069 5598 reversus
1092 5561 1131 5598 es.
1176 5541 1232 5597 Sed
1260 5542 1340 5596 nobis
1362 5561 1418 5599 non
1440 5545 1548 5601 sidetur
1570 5563 1629 5601 ease
1652 5548 1828 5616 conveniens,
1856 5557 1888 5603 nt

189 5661 218 5701 ss
234 5648 286 5702 ista
308 5665 392 5702 cansa
415 5649 453 5702 sie
475 5657 627 5720 remaneat,
655 5650 776 5721 ideoque
798 5648 979 5715 decemimus,
1009 5656 1039 5702 ut
1068 5650 1166 5704 iterum
1195 5657 1321 5720 tempore
1350 5667 1470 5723 congruo
1498 5653 1613 5707 Romam
1642 5655 1678 5708 sd
1702 5657 1887 5726 praesentiam

234 5755 336 5809 domini
359 5756 504 5826 apostolici
526 5774 610 5828 quam
634 5764 663 5812 et
684 5757 712 5811 in
735 5757 891 5812 eorumdem
914 5755 1055 5809 missorum
1077 5765 1232 5810 nostrorum
1255 5758 1393 5812 eontentio
1417 5767 1507 5814 restra
1537 5759 1605 5814 iuste
1634 5768 1660 5815 et
1683 5763 1814 5818 canonice
1837 5764 1886 5818 de-

235 5859 354 5930 liniatur,
376 5870 406 5916 ut
429 5862 456 5917 in
478 5864 650 5934 postmodum
672 5863 776 5917 nullam
800 5863 870 5917 inter
892 5879 941 5916 vos
964 5862 999 5915 de
1021 5861 1073 5916 hae
1096 5879 1179 5916 causa
1202 5863 1410 5919 altercationem
1432 5865 1535 5921 habere
1558 5867 1592 5921 sit
1614 5885 1735 5924 necesse.

1622 5982 1674 6039 w
