4884 6717
527 523 593 585 672
997 527 1049 583 50.
1085 527 1306 584 CONCILIUM
1328 527 1555 584 PARISIENSE
1580 529 1617 583 Α.
1638 527 1712 583 829.

347 740 508 789 amman.
524 716 659 780 Domini
683 714 755 800 lege
780 713 892 778 haberi
917 712 1140 800 prohibentur,
1165 714 1304 800 qualiter
1326 738 1379 780 res
1407 715 1449 780 ad
1480 727 1602 780 certam
1634 716 1868 779 correctionem
1899 715 2036 801 perduci
2066 714 2180 801 possit,

524 823 690 886 nonsatis
715 823 886 908 perspicue
910 819 1004 884 nobis
1035 831 1135 905 patet,
1167 844 1205 885 eo
1237 822 1324 908 quod
1360 824 1393 885 in
1424 822 1564 886 diversis
1594 822 1766 907 provintiis
1797 821 1927 885 diverse
1958 820 2000 886 ab
2032 819 2182 885 omnibus

524 951 608 1015 pene
632 927 824 992 habeantur.
872 928 944 991 Hoc
967 937 1077 991 tamen
1101 928 1206 992 modis
1231 927 1381 994 omnibus
1406 940 1555 1015 optamus
1585 940 1618 992 et
1647 950 1826 1009 monemus,
1856 940 1892 992 ut
1921 930 1955 992 in
1985 949 2182 1015 unaquaque

524 1035 687 1121 provintia
711 1036 840 1121 imperii
864 1036 966 1098 vestri
990 1035 1079 1098 iussu
1102 1045 1200 1121 atque
1232 1048 1356 1100 terrore
1387 1035 1588 1100 celsitudinis
1618 1045 1746 1100 vestrae
1777 1034 1884 1100 nullus
1916 1034 2062 1121 duplices
2092 1057 2181 1098 men·

524 1164 617 1206 suras
641 1142 674 1205 in
700 1164 759 1205 sua
790 1141 1009 1205 dominatione
1041 1151 1097 1206 aut
1126 1141 1246 1206 habeat
1276 1154 1332 1206 aut
1361 1141 1478 1206 haberi
1511 1143 1687 1228 permittat,
1723 1142 1877 1228 quoniam
1911 1141 1972 1206 hac
2008 1142 2219 1206 occasiones

524 1247 640 1312 multos
664 1271 828 1335 pauperes
854 1246 956 1333 affligi
980 1248 1014 1311 in
1037 1246 1201 1334 plerisque
1226 1247 1307 1313 loeis
1331 1249 1542 1334 cognovimus
1566 1259 1598 1312 et
1622 1248 1665 1312 ad
1694 1259 1920 1334 paupertatem
1950 1249 2181 1335 miseriamque

524 1354 706 1419 devenisse.

632 1497 715 1584 (71).
752 1496 845 1584 Cap.
870 1496 947 1560 Illl.
989 1496 1052 1561 De
1083 1496 1383 1583 presbiteris
1414 1519 1502 1562 non
1531 1498 1708 1583 passim
1737 1520 1820 1583 per
1851 1496 2049 1561 diversa
2077 1498 2181 1561 mit-

524 1603 674 1669 tendis,
711 1605 776 1669 Ut¹
801 1604 984 1691 presbiteri,
1009 1605 1105 1669 sicuti
1122 1604 1280 1669 hactenus
1296 1605 1419 1669 facturn
1436 1615 1494 1686 est,
1520 1602 1694 1668 indiscrete
1710 1626 1770 1690 per
1785 1603 1916 1668 diversa
1931 1626 1996 1667 non
2011 1605 2181 1668 mittantur

523 1734 585 1775 nec
609 1710 651 1775 ab
676 1712 838 1798 episcopis
861 1735 922 1775 nec
947 1710 987 1774 ab
1013 1711 1084 1774 aliis
1108 1711 1263 1797 praelatis
1285 1733 1347 1774 nec
1371 1712 1470 1775 etiam
1494 1733 1514 1774 a
1536 1709 1641 1792 luicio,
1664 1733 1706 1774 ne
1730 1711 1812 1774 forte
1837 1724 1969 1798 propter
1988 1732 2099 1775 eorum
2124 1708 2181 1774 ab·
2200 1740 2227 1778 ιο

525 1821 662 1883 sentiani
680 1830 712 1882 ct
727 1820 906 1882 animarum
923 1817 1069 1904 pericula
1085 1828 1117 1881 et
1134 1817 1355 1898 ecclesiarum,
1372 1819 1405 1881 in
1419 1817 1537 1903 quibus
1550 1818 1716 1882 constituti
1732 1829 1816 1898 sunt,
1833 1817 2048 1904 neglegantur
2060 1817 2180 1882 officia.

633 1962 716 2048 (72).
753 1959 847 2046 Cap.
863 1959 903 2022 V.
947 1959 1006 2023 De
1043 1959 1129 2023 diei
1164 1959 1365 2024 dominici
1401 1957 1713 2023 observatione.
1762 1958 1944 2024 Salubriter
1967 1959 2180 2024 admonemus

526 2079 660 2132 cunctos
684 2067 806 2148 fideles,
835 2076 870 2130 ut
894 2065 958 2130 diei
983 2066 1145 2130 dominico
1170 2065 1315 2130 debiturn
1338 2065 1493 2130 honorem
1518 2075 1550 2129 et
1573 2069 1790 2131 reverentiam
1815 2064 2001 2147 exhibeant,
2026 2067 2180 2152 quoniam

525 2174 621 2238 huius
645 2174 855 2238 dehonoratio
880 2187 912 2237 et
935 2196 955 2236 a
979 2172 1137 2258 religione
1155 2171 1341 2236 Christiana
1356 2171 1451 2236 valde
1468 2170 1622 2236 abhorret
1638 2182 1671 2236 et
1687 2174 1753 2237 suis
1769 2171 1981 2237 violatoribus
1997 2174 2179 2236 animarum

525 2279 706 2367 perieulum
729 2279 842 2366 procul
866 2278 965 2343 dubio
989 2290 1125 2364 generat
1134 2285 1156 2342 ².
2198 2305 2226 2344 rs

634 2421 717 2508 (73).
753 2419 849 2507 Cap.
873 2420 931 2484 VI.
980 2420 1032 2484 Ut
1062 2422 1280 2485 missarum
1311 2420 1656 2485 caelebrationes
1686 2422 1728 2485 in
1757 2420 1864 2484 locis
1894 2421 2179 2507 incongruen-

526 2527 656 2593 tibus
692 2550 781 2591 uon
814 2528 831 2591 f
838 2528 952 2592 iant.
998 2526 1036 2590 In
1068 2527 1283 2591 conventibus
1314 2529 1496 2592 serenitatis
1527 2540 1656 2593 vestrae
1686 2529 1751 2592 iam
1776 2527 1976 2592 admonitum
2000 2539 2059 2610 est,
2090 2526 2180 2614 quod

527 2636 727 2701 consecratio
758 2635 903 2721 corporis
935 2645 967 2698 et
1001 2635 1168 2719 sanguinis
1192 2632 1315 2697 domini
1345 2636 1446 2698 nostri
1468 2634 1544 2699 Iesu
1568 2633 1689 2699 Christi
1720 2657 1779 2721 per
1809 2634 1922 2699 domos
1953 2645 1986 2698 et
2013 2633 2179 2699 aediculas

527 2741 684 2828 quasdam
707 2741 750 2805 ad
774 2740 976 2827 quorundam
1000 2739 1127 2804 libitum
1152 2751 1363 2826 praeparatas
1388 2750 1420 2805 et
1442 2764 1502 2827 per
1525 2742 1590 2806 alia
1614 2740 1779 2828 quaelibet
1802 2742 1984 2826 incongrua
2013 2741 2086 2806 loca
2108 2740 2179 2805 fieri

526 2872 591 2912 non
615 2847 743 2929 debeat,
768 2859 905 2935 excepto
931 2846 1060 2934 quando
1091 2849 1125 2910 in
1149 2848 1264 2911 itinere
1295 2849 1442 2934 pergitur
1472 2859 1504 2912 et
1534 2848 1568 2912 id
1599 2850 1632 2911 in
1656 2847 1728 2911 aliis
1752 2847 1832 2912 locis
1857 2871 1951 2934 quarn
1977 2849 2010 2911 in
2034 2846 2179 2911 basilicis
2198 2874 2226 2912 ao

526 2955 600 3019 Deo
624 2955 740 3019 dicatis
764 2954 816 3019 rel
841 2956 939 3019 etiam
963 2957 997 3018 in
1021 2953 1177 3018 altaribus
1202 2953 1244 3019 ab
1269 2956 1423 3041 episeopo
1448 2955 1656 3035 consecratis,
1687 2975 1727 3017 ne
1758 2954 1897 3040 populns
1921 2954 1986 3019 Dei
2011 2955 2080 3018 sine
2104 2954 2179 3018 mis-

527 3085 635 3126 sarum
666 3060 884 3126 celebratione
917 3072 949 3125 et
980 3063 1125 3147 corporis
1157 3072 1189 3125 et
1213 3063 1381 3146 sanguinis
1412 3060 1566 3125 dominici
1595 3061 1805 3147 perceptione
1830 3071 1970 3142 maneat,
2000 3063 2180 3126 necessitas

527 3168 597 3231 fieri
614 3167 787 3254 compellit.
826 3167 921 3232 Nune
945 3170 1061 3232 iterum
1085 3180 1182 3255 atque
1207 3169 1324 3231 iterum
1348 3189 1526 3250 monemus,
1551 3177 1587 3232 ut
1609 3166 1804 3254 posthabitis
1821 3167 1989 3266 aediculirr,
2006 3191 2087 3255 quas
2102 3191 2180 3232 usus

527 3274 656 3338 inolitus
680 3273 821 3361 capellas
845 3274 998 3360 appellat,
1022 3273 1157 3339 basilice
1173 3275 1248 3339 Deo
1272 3274 1401 3339 dicatae
1417 3274 1460 3338 ad
1477 3276 1648 3339 missarum
1664 3273 1916 3339 celebrationem
1932 3274 2129 3340 audiendam
2147 3286 2180 3339 et

527 3382 672 3467 eorporis
696 3392 729 3445 et
752 3381 919 3466 sanguinis
951 3380 1104 3445 dominici
1135 3382 1377 3468 perceptionem
1406 3381 1597 3445 sumendam
1627 3381 1757 3446 assidue
1782 3381 1965 3468 devoteque
1988 3382 2179 3447 adeantur⁸.
2197 3407 2225 3447 aa

634 3525 717 3609 (74).
758 3522 852 3609 Cap.
878 3523 953 3588 VII.
1000 3523 1060 3587 De
1092 3524 1172 3606 his,
1204 3545 1308 3609 quae
1339 3524 1506 3587 amissis
1536 3524 1642 3587 viris
1673 3523 1908 3588 indiscrete
1938 3523 2020 3588 sibi
2043 3523 2179 3589 velum

527 3632 774 3717 inponunt.
820 3630 895 3694 De⁴
919 3628 1082 3695 nobilibus
1106 3652 1202 3717 porro
1226 3630 1365 3712 feminis,
1397 3653 1481 3715 quae
1505 3631 1633 3694 amissis
1657 3631 1736 3693 viris
1760 3640 1893 3717 repente
1917 3631 2067 3696 velantur
2090 3642 2123 3696 et
2144 3632 2179 3695 in

528 3738 667 3825 propriis
692 3735 852 3820 domibuS,
877 3737 1022 3801 diversas
1046 3738 1257 3802 necessitates
1281 3749 1493 3823 opponentes,
1521 3736 1666 3801 residere
1691 3736 1902 3820 delectantur,
1932 3739 2122 3804 iamdudum
2145 3740 2179 3803 in

528 3844 600 3910 aliis
624 3842 837 3909 conventibus
863 3866 972 3907 coram
996 3845 1170 3908 serenitate
1194 3853 1304 3907 vestra
1327 3843 1518 3908 ventilatum
1541 3855 1574 3908 et
1597 3842 1766 3908 definitum
1791 3855 1849 3927 est,
1881 3857 1917 3909 ut
1939 3845 2028 3911 nulla
2051 3844 2178 3910 illarum

527 3950 638 4016 taliter
660 3974 695 4014 se
718 3949 822 4014 velari
846 3949 1029 4015 inconsulto
1054 3952 1207 4036 episeopo
1233 3972 1290 4014 suo
1314 3949 1541 4036 adtemptaret,
1573 3952 1727 4037 quoniam
1756 3974 1816 4037 per
1845 3952 2067 4017 huiuscemodi
2091 3951 2179 4016 vela·
2197 3975 2225 4015 ao

529 4060 650 4122 tionem
672 4058 805 4121 noxiam
830 4054 893 4120 sibi
916 4055 1099 4120 libertatern
1123 4057 1296 4143 adquirere
1321 4068 1353 4121 et
1375 4080 1436 4143 per
1459 4057 1590 4121 diversa
1609 4059 1723 4143 vagari
1740 4060 1874 4145 cupiant
1889 4058 2034 4145 illudque
2050 4071 2179 4145 aposto·

529 4164 627 4228 licum
658 4185 737 4249 prae
768 4161 870 4226 oculis
894 4164 1026 4226 minime
1050 4161 1218 4244 habentes,
1250 4186 1313 4250 quo
1342 4163 1476 4228 dicitur:
1510 4165 1625 4245 Vidua,
1655 4190 1735 4251 quae
1767 4168 1802 4229 in
1833 4166 1959 4231 deliciis
1989 4180 2042 4247 ert,
2074 4169 2181 4231 riveria

529 4285 651 4335 mortuo
674 4285 727 4350 aar,
751 4270 933 4333 animarum
957 4292 1087 4333 suarum
1111 4268 1248 4334 salutem
1272 4269 1521 4356 parvipendunt.
1569 4270 1664 4335 Unde
1687 4292 1823 4335 neccsse
1848 4282 1906 4353 est,
1934 4282 1970 4336 ut
1993 4271 2081 4358 quod
2102 4271 2180 4336 hac·

637 4542 692 4591 ΙΙΙ.
720 4542 1042 4608 2petet...diversis
1064 4540 1093 4590 P.
1174 4540 1432 4606 3pean,penae
1452 4541 1483 4590 P.
1562 4538 1733 4602 tamelnl..
1756 4539 1904 4608 (optamlua
1924 4542 1955 4592 P.
2035 4547 2131 4596 tiusu
2151 4544 2179 4594 Γ.

531 4633 607 4681 iussu
627 4668 633 4680 .
654 4669 660 4679 .
680 4666 687 4680 .
706 4637 815 4681 vestrae
835 4629 865 4680 P.
939 4632 954 4679 5
974 4630 1185 4680 dominatione.
1206 4666 1212 4679 .
1233 4667 1239 4678 .
1261 4627 1378 4691 (haber)i
1397 4629 1428 4680 P.
1501 4631 1517 4679 6
1537 4628 1699 4695 pleris(que)
1722 4668 1727 4680 .
1749 4667 1755 4679 .
1775 4638 1803 4681 et
1821 4631 1852 4682 P.
2197 4649 2225 4691 ιι

638 4736 708 4786 ΙΙΙΙ.
737 4736 838 4803 SCap.
857 4733 1158 4803 IIII.-presbiteris]
1179 4735 1424 4801 ...(presbiteri)s
1444 4735 1475 4786 P.
1530 4731 1955 4801 Ut—factum]....(sa)ctum
1976 4738 2006 4790 P.
2070 4743 2103 4791 10
2122 4742 2180 4806 epi-

530 4828 620 4891 scopis
640 4862 754 4880 .....
774 4827 856 4875 etiam
875 4825 906 4876 P.
981 4829 1010 4876 ll
1033 4827 1183 4876 animarum
1204 4863 1210 4874 .
1230 4861 1238 4875 .
1258 4863 1264 4875 .
1284 4826 1312 4874 in
1332 4824 1362 4874 P.

637 4932 670 4982 V.
700 4935 732 4983 12
752 4931 862 4997 CapV.
881 4958 917 4966 -—
936 4927 1076 4994 dominici]
1186 4927 1340 4995 (domilnici
1360 4931 1391 4982 P.
1446 4934 1490 4982 die
1510 4933 1537 4983 V.
1596 4931 1761 4994 S(alubriter
1778 4931 1966 4998 admonemlus
1986 4935 2017 4986 P.
2081 4939 2113 4988 13
2132 4937 2181 4987 do·

532 5022 624 5072 minici
644 5021 671 5071 V.
692 5021 722 5070 P.
796 5017 990 5083 exbiibeant).
1012 5018 1117 5082 (buliua
1138 5017 1167 5069 P.
1242 5021 1275 5069 14
1294 5022 1443 5070 animarum
1461 5018 1637 5087 (perliculum
1657 5022 1688 5073 P.

638 5128 688 5178 Vl.
719 5130 750 5177 16
778 5127 845 5193 Cap.
864 5128 912 5180 VI.
933 5127 1024 5178 darant
1048 5126 1080 5177 P.
1173 5128 1205 5176 18
1231 5121 1377 5188 aediculas]
1403 5126 1509 5178 dieulaa
1535 5129 1562 5190 V,
1590 5127 1759 5191 aad(icu)las
1786 5128 1817 5180 P.
1911 5134 1942 5181 19
1969 5131 2031 5183 loca
2050 5169 2057 5183 .
2076 5150 2131 5184 non
2150 5130 2181 5183 P.
2199 5145 2228 5185 to

532 5220 566 5267 23
586 5212 736 5279 monemus]
754 5217 932 5267 admonemus
952 5215 983 5266 P.
1074 5215 1219 5281 postabitis
1239 5211 1395 5277 (aedieu)lia
1415 5213 1445 5266 P.
1536 5220 1570 5268 24
1596 5218 1734 5285 cappellae
1755 5217 1785 5270 P.
1877 5217 2130 5286 caelebrat(ionern)
2150 5221 2182 5272 P.

532 5308 566 5356 25
585 5306 712 5356 assiduae
732 5305 759 5355 V.
780 5307 810 5357 P.

640 5412 703 5462 Vll.
733 5414 766 5462 26
786 5412 928 5477 capvn.
947 5411 1037 5462 doum
1056 5413 1086 5463 P.
1159 5413 1192 5462 at
1213 5405 1330 5475 amissis]
1350 5411 1438 5460 missia
1457 5408 1487 5460 P.

643 5664 671 5733 1)
698 5662 746 5735 Cf.
770 5662 870 5720 reletio
893 5662 1085 5738 episcoporum
1109 5682 1133 5719 c.
1150 5665 1206 5729 41;
1236 5663 1255 5717 l.
1272 5663 1290 5718 l.
1316 5661 1355 5731 ΙΙ,
1371 5664 1421 5721 40,
1467 5663 1499 5719 V.
1524 5664 1606 5722 etiam
1637 5665 1726 5741 iprram
1750 5667 1893 5726 concilium
1918 5669 2082 5729 Pariaienae
2104 5671 2190 5728 lia]

534 5791 557 5828 c.
574 5774 633 5839 295
655 5789 746 5846 aspra
764 5790 798 5846 p.
816 5773 927 5845 631aq.
1021 5768 1051 5836 2)
1076 5769 1106 5826 V.
1130 5788 1221 5844 supra
1244 5766 1327 5824 1th
1345 5788 1368 5824 c.
1386 5771 1427 5826 50
1445 5761 1487 5844 (p.
1505 5774 1565 5828 643
1576 5767 1652 5848 sqq.)
1676 5792 1736 5829 earn
1760 5775 1995 5834 antromtionibua.
2096 5778 2127 5848 3)
2150 5776 2182 5836 V.
2200 5802 2228 5843 aa

533 5897 623 5953 supra
646 5876 692 5934 lib.
717 5876 737 5933 I
755 5897 778 5934 c.
795 5879 852 5942 47,·
870 5896 903 5952 p.
922 5878 980 5935 611
993 5895 1036 5952 aq.
1128 5875 1159 5944 4)
1186 5873 1234 5946 CV.
1259 5873 1359 5931 relatio
1381 5874 1572 5951 episcoporum
1597 5896 1620 5934 c.
1638 5882 1676 5937 51
1684 5900 1694 5945 ,·
1718 5881 1737 5934 Ι.
1762 5881 1780 5936 l.
1805 5880 1845 5951 H,
1862 5884 1912 5941 42.
