4884 6717
587 500 652 565 500
1055 511 1108 566 44.
1144 510 1363 570 CONCILIUM
1387 514 1616 570 PARISIENSE
1640 516 1677 569 A.
1699 513 1773 570 825.

424 703 917 766 oen.u‚u.lltadoravn1sralel
939 708 981 763 ad
1001 715 1087 783 eaput
1108 707 1179 778 lecti,
1210 710 1239 764 in
1264 728 1320 781 quo
1348 711 1448 781 utique
1472 728 1562 766 senex
1585 711 1697 766 iacebat
1729 720 1759 765 et
1783 712 1822 765 sic
1846 712 1967 782 positum
1990 711 2127 778 habebat,
2158 718 2192 764 nt
2217 710 2249 764 in

588 829 622 866 eo
645 812 705 867 sine
728 812 836 882 labore,
861 815 974 884 quando
998 815 1098 883 vellet,
1121 817 1265 871 adoraret.

460 1037 531 1076 ΗΒ
694 942 815 1009 Contra
837 945 920 1029 illos,
944 948 1000 1033 qui
1024 947 1086 1013 hoc
1110 971 1144 1013 se
1169 948 1327 1013 adiuvare
1351 961 1477 1036 putant,
1501 949 1589 1036 quod
1614 949 1733 1014 dicitur
1748 951 1781 1013 in
1798 950 1934 1035 Regum,
1960 951 2037 1037 quia
2057 949 2249 1014 adoraverit

445 1048 475 1076 c.
497 1065 502 1077 .
532 1047 567 1085 eg.

479 1091 540 1141 ¹‚²³·
587 1049 719 1115 Nathan
741 1051 901 1138 propheta
924 1052 1045 1134 David,
1071 1054 1195 1142 aliquid
1218 1055 1484 1142 respondendum
1508 1068 1567 1121 est.

694 1173 766 1239 LX.
802 1176 855 1241 De
880 1177 940 1241 hac
965 1178 1051 1242 enim
1076 1177 1267 1243 adoratione
1290 1182 1337 1244 ita
1360 1178 1476 1246 beatus
1494 1178 1674 1266 Gregorius
1698 1183 1732 1245 in
1755 1178 1839 1245 libro
1858 1181 1901 1244 X.
1919 1180 2185 1267 explanationum
2210 1182 2247 1243 in
2269 1212 2284 1250 5

422 1279 646 1346 er.101›11‚s.10b
676 1281 834 1368 loquitur:
866 1289 970 1349 Bene¹
1001 1311 1069 1366 ergo
1098 1299 1144 1350 lex
1167 1296 1224 1351 Dei
1254 1295 1403 1367 multiplex
1433 1297 1546 1365 dicitur,
1579 1298 1645 1368 qnia
1673 1298 1814 1364 nimirum,
1846 1315 1908 1351 cum
1939 1314 1997 1350 uua
2024 1297 2181 1367 eademque
2207 1298 2246 1350 sit

587 1398 699 1466 caritas,
724 1400 746 1452 si
768 1406 894 1454 mentem
917 1405 1003 1472 plene
1028 1403 1166 1473 coeperit,
1191 1403 1264 1458 haue
1288 1404 1325 1457 ad
1348 1403 1496 1458 innumera
1518 1420 1607 1475 opera
1628 1403 1838 1460 multiformiter
1861 1404 2003 1469 accendit,
2028 1404 2107 1457 euius
2122 1403 2245 1458 diversi·

585 1512 675 1561 tatem
698 1505 826 1561 breviter
856 1509 1045 1577 exprimimus,
1076 1509 1099 1562 si
1129 1511 1157 1563 in
1189 1509 1291 1565 electis
1321 1510 1439 1581 singulis
1468 1511 1544 1566 bona
1573 1511 1647 1565 illius
1676 1511 1897 1583 perstringendo
1925 1528 2114 1565 numeremus.
2161 1510 2246 1564 Haec

407 1596 565 1700 ,sfflgffffi
585 1629 707 1683 namque
737 1631 790 1684 per
812 1614 889 1669 Abel
920 1623 951 1670 et
981 1615 1077 1671 electa
1099 1617 1162 1671 Deo
1192 1635 1310 1672 munera
1340 1617 1446 1671 obtulit
1477 1624 1508 1672 et
1538 1617 1634 1672 fratris
1663 1619 1789 1689 gladium
1818 1635 1874 1672 non
1904 1615 2071 1672 reluctando
2098 1616 2245 1671 toleravit.

440 1704 497 1746 ³⁸¹³·
505 1705 539 1754 ¹¹¹
547 1704 567 1747 ⁶·
585 1718 665 1774 Hace
689 1720 767 1774 Enoc
793 1727 823 1774 et
845 1721 922 1777 inter
942 1721 1069 1778 homines
1092 1724 1188 1778 vivere
1213 1724 1381 1794 spiritaliter
1404 1724 1501 1778 docuit
1525 1733 1555 1780 et
1579 1725 1615 1778 ad
1639 1725 1786 1779 sublimem
1810 1725 1896 1778 vitam
1919 1724 1956 1778 ab
1979 1723 2135 1777 hominibus
2157 1724 2246 1778 etiam
2269 1745 2297 1782 ro

585 1826 771 1896 corporaliter
793 1828 942 1883 abstraxit.

692 1923 735 1987 Et
757 1924 855 2010 paulo
879 1936 967 2011 post:
999 1931 1102 1991 Haeo²
1125 1936 1240 1992 Nathan
1271 1944 1301 1992 et
1332 1943 1431 1991 contra
1460 1944 1629 2008 peccantem
1660 1955 1758 2008 regern
1784 1938 1956 1992 auctoritate
1980 1937 2087 1992 liberae
2111 1938 2245 2008 increpa·

585 2039 669 2093 tionis
693 2040 808 2094 sustulit
831 2049 871 2108 et,
896 2060 958 2096 cum
981 2044 1056 2114 regis
1080 2043 1164 2115 culpa
1183 2045 1310 2110 deesset,
1335 2045 1363 2097 in
1379 2044 1520 2115 petitione
1537 2043 1681 2098 humiliter
1697 2045 1807 2098 stravit.
1844 2032 1955 2098 Claret
1978 2056 2129 2118 namque,
2154 2033 2246 2120 quod

585 2135 659 2199 talis
683 2147 768 2201 esset
791 2137 873 2202 haec
896 2139 1054 2220 adoratio,
1079 2141 1175 2206 sicuti
1198 2152 1232 2204 et
1255 2163 1314 2204 nos
1331 2151 1406 2205 ante
1423 2140 1680 2206 honorabiliores
1697 2163 1863 2227 personas,
1889 2164 1963 2204 cum
1980 2163 2036 2204 eas
2052 2139 2243 2219 salutemuS,

584 2246 819 2329 prosternimur
841 2244 1030 2310 humilitatis
1055 2248 1160 2332 gratia
1183 2259 1216 2311 et
1240 2270 1297 2311 eas
1321 2247 1474 2311 adorasse
1499 2246 1648 2328 dicimur,
1672 2246 1749 2311 dum
1774 2249 1821 2311 eis
1844 2246 1968 2311 nullum
1992 2246 2093 2310 divini
2110 2245 2244 2310 honoris
2266 2277 2295 2316 rs

406 2366 565 2416 cruentat.
587 2349 707 2414 cultum
731 2350 940 2435 exhibemus,
972 2352 1153 2441 eodemque
1178 2352 1275 2417 modo
1299 2353 1453 2418 adorasse
1478 2352 1578 2417 laceb
1602 2354 1691 2419 Esau
1715 2354 1847 2418 fratrem
1878 2377 1969 2417 suum
1995 2352 2081 2417 haud
2106 2351 2245 2416 dubium

585 2479 650 2521 nou
674 2469 732 2521 cst.

692 2598 816 2664 Contra
838 2599 909 2664 illos
934 2602 1043 2682 ctiam,
1075 2603 1131 2689 qui
1153 2603 1314 2688 imagines
1338 2601 1475 2667 adorare
1504 2626 1539 2666 se
1563 2603 1765 2689 profitentur,
1790 2604 1867 2689 quia
1890 2625 1985 2666 sacra
2009 2600 2051 2666 ab
2075 2601 2138 2666 illis
2161 2625 2244 2666 nun·

585 2716 747 2792 cupantur
769 2717 802 2771 et
825 2708 926 2772 sacris
950 2709 1038 2771 vasis
1063 2731 1119 2772 eas
1143 2712 1367 2795 aequiperant,
1392 2709 1515 2795 aliquid
1540 2709 1716 2774 dicendum
1741 2722 1801 2774 est.

444 2831 565 2934 pfflbb
690 2830 780 2895 LXI.
815 2831 1018 2918 Augustinus
1041 2834 1075 2897 in
1099 2833 1224 2920 psalmo
1241 2833 1383 2898 OXlH.:
1409 2843 1572 2900 Simulacra
1581 2839 1602 2912 ³,
1627 2836 1741 2921 lnquit,
1763 2843 1886 2919 pennum
1910 2851 2057 2919 arpennum
2081 2850 2108 2898 et
2129 2862 2244 2910 narnus,
2264 2864 2295 2902 ao

585 2947 636 3001 sed
652 2947 732 3002 Deus
751 2948 821 3003 iecit
844 2956 994 3019 argentum
1018 2957 1171 3018 stantum,
1195 2969 1295 3024 opera,
1319 2951 1421 3021 iuquit,
1446 2969 1579 3005 munuum
1603 2949 1753 3005 berniacam.
1788 2949 1851 3004 Hoc
1868 2950 1941 3004 enirn
1958 2957 2140 3015 venerantur,
2164 2951 2244 3020 quod

585 3053 639 3124 ipsi
663 3071 697 3109 es
721 3073 789 3109 auro
812 3063 990 3126 argentoque
1014 3056 1157 3124 fecerunt,
1181 3057 1232 3112 sed
1258 3059 1331 3112 enim
1356 3066 1386 3113 et
1408 3076 1460 3113 nos
1481 3057 1622 3128 pleraque
1646 3058 1833 3112 instrumenta
1857 3065 1886 3111 et
1909 3074 1978 3111 vasa
1997 3074 2032 3112 ex
2046 3056 2243 3112 huiuscemodi

586 3162 705 3215 materia
728 3161 773 3216 vel
795 3162 914 3217 metallo
936 3162 1073 3217 habemus
1096 3164 1125 3217 in
1148 3182 1201 3217 usu
1225 3164 1460 3220 celebrandorum
1483 3171 1733 3230 sacramentorum,
1765 3182 1839 3234 quae
1871 3165 1932 3235 ipso
1961 3164 2116 3218 ministerio
2140 3181 2242 3217 conse·

585 3273 665 3322 erata
688 3277 787 3323 sancta
809 3270 941 3324 dicantur
963 3270 992 3323 in
1017 3270 1077 3323 eius
1100 3269 1216 3338 honore,
1241 3272 1286 3325 cui
1309 3289 1361 3342 pro
1384 3271 1477 3325 salute
1501 3279 1599 3325 nostra
1621 3271 1688 3326 inde
1705 3272 1836 3324 servitur.
1872 3271 1911 3324 Et
1927 3278 1993 3325 sunt
2008 3269 2138 3341 profecto
2155 3270 2244 3325 etiam

584 3374 640 3429 ista
662 3375 851 3430 instrumenta
873 3375 921 3430 vel
944 3394 1011 3431 vasa
1041 3377 1109 3447 qnid
1139 3377 1216 3431 aliud
1247 3395 1330 3448 quam
1357 3397 1445 3449 opera
1468 3396 1600 3432 manuum
1623 3378 1786 3432 hominum?
1825 3378 2028 3433 Verumtamen
2050 3377 2187 3449 numquid
2209 3394 2243 3430 os
2263 3397 2294 3435 aa

584 3480 693 3536 habent
717 3489 747 3537 ct
770 3500 826 3536 nou
849 3481 1013 3553 loquentur,
1043 3485 1180 3554 numquid
1208 3485 1304 3539 oculos
1329 3493 1357 3539 et
1381 3502 1438 3539 non
1460 3485 1610 3551 videbunt,
1642 3485 1778 3555 numquid
1802 3485 1843 3540 eis
1867 3484 2066 3555 supplicamus,
2099 3484 2166 3554 quia
2187 3501 2243 3554 per

586 3605 634 3642 eas
657 3588 848 3660 supplicamus
872 3589 957 3644 Deo?
1004 3588 1058 3644 Illa
1087 3592 1205 3646 maxima
1236 3610 1322 3646 causa
1345 3599 1389 3647 est
1414 3592 1568 3663 impietatis
1592 3592 1718 3658 insanae,
1751 3592 1826 3662 quod
1849 3591 1914 3663 plus
1937 3591 2014 3646 valet
2038 3591 2066 3644 in
2090 3590 2242 3645 affectibus

585 3695 747 3749 miscrorum
769 3696 878 3750 viventi
901 3696 997 3750 similis
1021 3696 1119 3764 forma,
1144 3715 1219 3767 quae
1243 3699 1296 3753 sibi
1321 3697 1411 3754 efficit
1434 3698 1600 3769 supplicari,
1625 3715 1708 3768 quam
1733 3699 1809 3769 quod
1834 3716 1896 3753 eam
1919 3696 2100 3752 manifestum
2124 3705 2242 3753 estnon

586 3817 649 3855 csse
673 3801 826 3868 viventem,
851 3810 883 3856 ut
908 3802 1015 3858 debeat
1039 3821 1057 3858 a
1078 3805 1193 3860 vivente
1217 3806 1391 3875 contempni.

693 3932 815 3998 Contra
838 3957 894 3999 eos
918 3936 1016 3999 etiam
1040 3934 1214 4000 dicendum
1240 3947 1298 4018 est,
1323 3938 1378 4023 qui
1401 3959 1461 4023 pro
1484 3938 1663 4023 imaginum
1688 3936 1877 4001 adoratione
1901 3935 1965 4000 duo
1983 3935 2161 4001 Cherubim
2184 3936 2241 4000 ad·
2261 3966 2294 4004 aa

585 4053 716 4105 sumunt
739 4041 773 4105 in
795 4042 1027 4124 testimonium,
1051 4064 1135 4128 quae
1159 4043 1192 4105 in
1216 4044 1311 4128 signo
1334 4045 1480 4129 mysterii
1505 4043 1603 4108 ducta
1626 4044 1767 4107 fuerunt.

690 4165 798 4230 LXII.
834 4165 930 4231 Unde
954 4164 1070 4230 beatus
1085 4166 1289 4251 Augustinus
1305 4169 1339 4230 in
1356 4166 1438 4231 libro
1462 4167 1503 4231 de
1528 4167 1677 4232 doctriua
1693 4167 1880 4232 Christiana
1903 4169 1998 4233 tertio
2021 4168 2106 4232 inter
2130 4179 2241 4231 cetera

583 4273 703 4359 inquit:
721 4279 876 4338 Mirabilisl
894 4291 938 4337 est
954 4284 1063 4338 animae
1079 4284 1202 4339 servitus
1217 4286 1299 4355 signa
1313 4302 1364 4355 pro
1379 4284 1465 4338 rebus
1481 4285 1611 4355 accipere
1629 4291 1658 4339 et
1674 4303 1760 4355 supra
1775 4292 1933 4340 creaturam
1950 4301 2112 4355 corpoream
2128 4284 2241 4338 oculum

583 4390 687 4444 mentis
716 4391 753 4444 ad
782 4390 969 4445 hauriendum
992 4397 1139 4445 aeternum
1163 4390 1260 4446 lumen
1287 4391 1384 4445 levare
1408 4408 1464 4445 non
1486 4410 1580 4462 posse.
1629 4386 1733 4454 Quae⁵
1755 4399 1850 4445 tamen
1874 4392 1996 4446 servitus
2019 4391 2048 4444 in
2071 4390 2240 4445 ludaeorum

583 4500 689 4567 populo
712 4500 796 4568 longe
820 4515 837 4551 a
860 4504 1018 4553 ceterarum
1041 4498 1169 4568 gentium
1191 4515 1268 4552 more
1293 4498 1430 4564 distabat,
1454 4499 1567 4569 quaudo
1584 4499 1699 4568 quidem
1714 4499 1800 4552 rebus
1817 4498 2019 4569 temporalibus
2034 4498 2075 4552 ita
2095 4498 2240 4569 subiugati
2259 4518 2292 4555 ss

584 4608 676 4670 erant,
701 4610 734 4657 ut
748 4621 820 4657 unus
838 4604 878 4658 eis
893 4606 923 4659 in
938 4605 1067 4660 omnibns
1083 4606 1328 4659 commendaretur
1343 4605 1440 4673 Deus,
1466 4611 1495 4659 et
1512 4623 1681 4676 quamquam
1704 4605 1786 4676 signa
1808 4622 1902 4660 rerum
1921 4604 2088 4676 spiritalium
2103 4622 2154 4675 pro
2170 4605 2240 4676 ipsis

582 4710 669 4764 rebus
692 4710 888 4778 observarent,
911 4711 1075 4766 nescientes
1099 4728 1155 4782 quo
1178 4712 1364 4778 referrentur,
1389 4713 1418 4766 id
1441 4719 1536 4766 tamen
1559 4713 1674 4766 insitum
1697 4711 1852 4778 habebant,
1877 4713 1951 4783 quod
1967 4712 2016 4766 tali
2036 4711 2171 4767 servimte
2191 4713 2240 4766 uni

425 4825 562 4922 ⁰¹{’4³¹22¹'³'
582 4817 713 4882 omnium,
738 4834 823 4887 quem
838 4834 895 4871 non
910 4818 1056 4885 videbant,
1079 4817 1229 4889 placerent
1245 4819 1318 4874 Deo.
1355 4817 1446 4882 Quam
1469 4819 1626 4873 custodiam
1649 4827 1792 4889 tamqnam
1814 4820 1868 4873 sub
1890 4819 2041 4890 pedagogo
2059 4818 2239 4889 parvulorum

690 5009 705 5058 3
726 5004 836 5069 Contra!
857 5007 947 5074 Caput
966 5008 1013 5058 IX.
1028 5009 1197 5073 praemittunt
1214 5009 1271 5058 edd.

691 5097 747 5148 LX.
776 5093 894 5159 6Beuel
915 5097 980 5162 Grg.
999 5097 1027 5147 in
1046 5115 1124 5163 usurp.
1144 5098 1175 5147 P.
1251 5100 1282 5147 15
1303 5099 1426 5148 dicamur
1445 5098 1475 5148 P.

692 5188 724 5236 18
745 5181 855 5248 Contra]
878 5187 968 5252 Caput
986 5187 1019 5235 X.
1035 5187 1203 5251 praeniteant
1221 5187 1279 5236 edd.

690 5277 724 5324 30
744 5271 854 5338 Contra]
876 5275 965 5341 Caput
984 5275 1033 5325 xl.
1048 5277 1216 5341 praemittunt
1234 5276 1290 5326 edd.

689 5364 778 5413 uxn.
807 5367 840 5414 33
860 5359 1033 5428 Miserabilis]
1054 5367 1122 5428 Aug.
1141 5366 1170 5415 in
1188 5383 1268 5430 τηαν).
1289 5365 1318 5414 P.

693 5544 722 5612 1)
748 5543 976 5622 (imperitandi,
1005 5546 1131 5602 Moralia
1148 5547 1182 5602 X
1193 5551 1251 5604 eu
1265 5539 1289 5622 ἕ
1302 5551 1337 5614 9,·
1362 5545 1437 5621 (lpp.
1454 5545 1478 5614 I,
1497 5550 1564 5604 341.
1635 5546 1665 5615 2)
1690 5546 1815 5613 Ιὸἱᾱεηι;
1838 5546 2022 5616 l.l.1‚342.
2094 5546 2125 5616 3)
2143 5549 2243 5625 Anqu-

582 5649 681 5720 stiuus,
707 5650 818 5708 Euarr.
842 5651 871 5708 ia
890 5655 995 5727 psalm.
1023 5656 1079 5711 113
1101 5672 1192 5710 seruo
1215 5657 1237 5711 2
1259 5645 1317 5729 §5
1341 5654 1498 5716 l-feecrunt
1522 5654 1540 5708 l.
1558 5653 1621 5721 22),
1645 5645 1705 5729 §6
1729 5655 1948 5725 (·contempni);
1973 5651 2046 5728 Opp.
2071 5652 2126 5723 IV,
2145 5658 2242 5715 1262.
2262 5687 2297 5727 45

585 5756 615 5825 4)
641 5757 820 5832 Auqastiuus,
845 5758 890 5814 Ile
914 5758 1043 5814 doctriua
1069 5758 1234 5816 Cleristiaua
1259 5758 1311 5814 III
1329 5779 1351 5814 e.
1369 5763 1389 5818 5
1411 5751 1488 5836 §95
1513 5759 1587 5835 Opp.
1613 5759 1669 5830 ΙΙΙ,
1694 5764 1721 5830 1,
1745 5763 1795 5819 47.
1900 5759 1931 5829 5)
1956 5759 2030 5816 Ilia
2057 5763 2119 5819 ee
2141 5753 2245 5837 §103

583 5864 601 5919 l.
619 5864 637 5920 l.
662 5862 719 5933 III,
739 5866 763 5932 l,
780 5867 821 5922 47
832 5885 874 5940 sq.
