4884 6717
664 557 716 613 44.
752 556 971 615 CONCILIUM
996 555 1224 612 PARISIENSE
1248 557 1285 611 Α.
1306 555 1382 612 825.
1785 550 1846 612 501

193 755 282 811 fuisse
305 755 403 809 scribit
426 753 583 826 apostolus,
607 763 637 810 et
660 755 725 810 ideo
749 755 797 826 qui
821 754 925 809 talibus
948 754 1036 826 siguis
1059 754 1245 825 pertinaciter
1268 752 1452 807 inhaeserunt
1475 760 1704 808 contemnentem
1721 754 1775 808 ista
1790 754 1850 808 Do·

193 862 309 928 minum,
326 881 388 916 cum
404 863 458 917 iarn
474 869 587 934 tempus
602 861 785 918 revelationis
802 879 898 916 eorum
914 861 1052 929 venisset,
1069 861 1146 916 serre
1165 879 1222 915 noa
1237 867 1393 931 potnerunt
1409 867 1496 930 atquc
1513 860 1579 914 inde
1596 859 1759 928 calumnias,
1776 861 1851 931 qnod
1869 858 1987 962 ‘siml-

194 969 314 1023 sabbato
338 977 475 1037 curasset,
498 968 588 1024 moliti
610 977 677 1023 sunt
697 969 840 1040 principes
864 985 971 1035 eornm,
995 968 1174 1040 populusque
1190 967 1278 1038 signis
1294 965 1349 1020 illis
1365 974 1508 1037 tamquam
1525 967 1611 1021 rebus
1627 967 1780 1021 adstrictus
1795 985 1850 1021 non

194 1075 332 1130 credebat
349 1076 442 1130 Deum
467 1093 530 1130 esse
554 1074 634 1131 vela
650 1076 714 1129 Deo
737 1075 850 1130 venisse
875 1075 923 1145 qui
948 1092 992 1142 ca,
1017 1076 1090 1128 sicut
1113 1093 1132 1128 a
1150 1074 1264 1129 Iudaeis
1287 1073 1522 1138 observabantur,
1547 1073 1665 1128 uolebat
1687 1074 1849 1128 attendere.

163 1193 177 1233 a
195 1179 254 1235 Sed
277 1182 327 1251 qui
350 1183 545 1248 crediderunt,
571 1201 606 1237 ex
629 1182 732 1253 quibus
755 1181 833 1236 iacta
848 1189 893 1236 est
908 1182 999 1252 prima
1015 1181 1137 1236 ecclesia
1152 1179 1420 1252 Hierosolymitaua,
1444 1179 1511 1235 satis
1526 1181 1726 1247 ostenderunt,
1746 1187 1852 1250 quanta

195 1288 303 1342 utilitas
318 1287 406 1342 fuerit
422 1307 457 1344 eo
472 1290 555 1344 modo
570 1289 623 1343 sub
638 1289 789 1360 pedagogo
805 1289 951 1354 custodiri,
968 1295 1001 1342 ut
1015 1288 1107 1358 signa,
1124 1305 1197 1358 quae
1214 1287 1411 1358 temporaliter
1423 1287 1545 1358 inposita
1557 1295 1638 1341 erant
1650 1286 1850 1352 servientibus,

194 1395 231 1449 ad
247 1395 329 1449 nnius
343 1396 397 1450 Dei
414 1396 532 1464 cultum,
549 1396 597 1467 qui
613 1395 683 1450 fecit
700 1394 809 1450 caelum
826 1401 856 1449 et
872 1404 985 1462 terram,
1003 1395 1163 1466 opinionem
1178 1394 1388 1449 observantium
1404 1392 1569 1465 religarent.
1593 1371 1640 1448 Si¹
1660 1411 1729 1464 ergo
1740 1394 1851 1465 siguum

195 1501 305 1555 utiliter
328 1502 488 1556 institutum
512 1521 563 1574 pro
587 1502 648 1573 ipsa
671 1520 702 1557 re
726 1502 819 1572 sequi,
842 1502 887 1556 cui
910 1500 1114 1573 significandae
1133 1502 1292 1555 institutum
1310 1507 1364 1568 est,
1390 1501 1509 1555 earnalis
1526 1508 1571 1554 est
1586 1501 1720 1566 servitus,
1744 1509 1850 1570 quanto

194 1609 284 1680 magis
308 1607 446 1663 inutilium
470 1627 562 1671 rerum
586 1610 668 1679 signa
689 1609 821 1663 instituta
843 1626 895 1679 pro
917 1609 1003 1663 rebus
1026 1607 1181 1679 accipere?
1229 1607 1310 1671 Quae
1340 1608 1363 1662 si
1387 1607 1519 1663 retuleris
1549 1608 1586 1662 ad
1615 1625 1651 1662 ea
1673 1607 1744 1678 ipsa,
1775 1623 1850 1677 qnae

150 1732 177 1771 so
193 1715 238 1769 his
260 1713 465 1786 significantur,
497 1716 595 1786 eisquc
626 1715 752 1770 colendis
776 1715 898 1769 animum
921 1715 1103 1785 obligaveris,
1133 1715 1312 1769 nihilominus
1342 1714 1437 1770 servili
1460 1713 1623 1785 carnalique
1651 1731 1738 1768 onere
1762 1719 1849 1784 atque

195 1821 334 1877 velamine
358 1840 414 1877 uon
438 1824 558 1877 carebis.
595 1817 807 1886 Qiiamobrem²
822 1819 983 1876 Christiana
998 1822 1116 1876 libertas
1141 1839 1200 1886 eos,
1225 1839 1295 1891 quos
1319 1821 1427 1875 invenit
1450 1821 1503 1876 sub
1527 1821 1613 1891 signis
1637 1820 1754 1874 utilibus
1777 1829 1849 1874 tam-

195 1947 279 2000 quam
303 1949 391 2001 prope
417 1929 546 1984 inventos
570 1929 766 2000 interpretatis
789 1928 888 1999 siguis,
912 1929 1015 1999 quibus
1038 1929 1145 1983 subditi
1170 1935 1261 1995 erant,
1295 1928 1421 1982 clevatos
1445 1928 1480 1982 ad
1505 1945 1553 1982 cas
1577 1946 1633 1994 res,
1662 1945 1778 1997 quarum
1801 1926 1851 1980 illa

195 2036 276 2106 signa
298 2045 375 2092 sarrit.
398 2036 540 2090 liberavit.
578 2036 619 2090 Ex
642 2036 684 2090 his
708 2036 801 2090 factae
825 2042 891 2089 sunt
916 2034 1055 2090 ecclesiae
1079 2045 1240 2089 sanctorum
1264 2035 1484 2090 israhelitarum.
1521 2032 1599 2097 Quos
1622 2041 1718 2088 autem
1741 2033 1849 2088 invenit

195 2143 248 2197 sub
271 2143 359 2212 signis
383 2143 539 2208 inutilibus,
570 2161 627 2196 nou
657 2142 746 2196 solum
776 2141 907 2200 servilem
938 2142 1132 2213 operationem
1156 2143 1209 2197 sub
1233 2142 1338 2196 talibus
1361 2143 1459 2212 signis,
1489 2143 1541 2196 sed
1572 2142 1658 2195 ctiam
1685 2140 1748 2211 ipsa
1769 2141 1851 2212 signa

151 2260 177 2300 rs
195 2249 341 2304 fnrstravit
365 2250 541 2320 removitque
564 2250 667 2317 omnia,
691 2257 723 2303 ut
747 2267 764 2304 a
785 2249 965 2320 corruptione
989 2248 1178 2304 multitudiuis
1201 2249 1411 2304 simulacrorum
1435 2251 1561 2314 deorum,
1594 2265 1676 2319 quam
1705 2265 1792 2317 saepe
1816 2265 1849 2301 ac

196 2357 308 2428 proprie
332 2358 472 2428 scriptura
495 2356 708 2411 fornicationem
732 2364 824 2424 vocat,
855 2356 891 2410 ad
921 2356 1084 2430 unius-Dei
1107 2355 1214 2410 cultum
1244 2364 1345 2426 gentes
1369 2361 1605 2410 corrvertereatur
1628 2371 1682 2408 uec
1704 2354 1758 2407 sub
1781 2353 1849 2425 ipsis
1868 2347 1989 2452 “iffi'‘-

195 2464 249 2518 iarn
272 2463 359 2534 signis
381 2464 497 2517 utilibus
521 2463 689 2531 serviturae,
720 2463 772 2517 sed
804 2462 1011 2518 exercitaturae
1042 2462 1136 2534 potius
1167 2463 1288 2516 animum
1318 2463 1346 2517 in
1378 2480 1473 2517 corum
1503 2461 1695 2532 intelligentia
1718 2460 1847 2531 spiritali.

195 2567 276 2624 Sub³
299 2571 379 2640 signo
403 2571 477 2624 enirn
500 2571 586 2625 servit
611 2570 658 2638 qui
681 2578 817 2641 operatur
831 2575 881 2624 aut
899 2577 1053 2624 veneratur
1075 2569 1198 2640 aliquam
1213 2587 1272 2623 rcrn
1289 2568 1506 2641 significantem,
1531 2570 1661 2623 nesciens
1678 2568 1745 2637 quid
1762 2568 1848 2639 signi·

195 2675 280 2744 ficet,
312 2677 360 2747 qui
385 2695 452 2731 vero
482 2685 530 2731 aut
555 2684 691 2748 operatur
718 2683 767 2731 aut
798 2683 951 2731 veneratur
982 2676 1051 2731 utile
1076 2676 1187 2747 signum
1209 2677 1345 2730 divinitus
1375 2677 1545 2742 institutum,
1577 2677 1655 2731 cuius
1679 2675 1732 2727 vim
1761 2675 1848 2746 signi,-

150 2799 177 2839 ao
195 2782 414 2855 ficationemquc
439 2784 585 2854 intelligit,
610 2801 666 2838 nou
690 2783 741 2837 hoe
765 2791 928 2851 veneratur,
954 2785 1029 2853 quod
1053 2784 1167 2838 videtur
1191 2791 1221 2838 et
1246 2784 1357 2864 transit,
1388 2785 1439 2838 sed
1464 2784 1532 2839 illud
1557 2787 1663 2856 potius,
1694 2807 1749 2860 quo
1779 2790 1849 2844 talia

195 2898 299 2945 cuncta
321 2891 474 2945 referenda
497 2897 573 2944 sunt.
620 2890 699 2945 'Palis
729 2898 824 2944 autern
854 2890 936 2946 homo
966 2890 1100 2961 spiritalis
1125 2898 1154 2945 et
1178 2890 1252 2946 liber
1276 2899 1321 2944 est
1345 2891 1429 2946 etiam
1453 2898 1582 2963 tempore.
1606 2896 1762 2963 servitutis,
1793 2915 1848 2969 quo

195 2998 355 3052 carnalibus
378 2998 476 3052 animis
500 2999 623 3052 noudum
646 3003 760 3068 oportet
783 2998 865 3068 signa
887 2996 936 3051 illa
959 2998 1090 3063 revelari,
1122 3015 1241 3068 quorum
1272 2999 1337 3068 iugo
1368 2999 1517 3052 edomandi
1541 3008 1623 3069 suut;
1655 3002 1728 3058 tales
1752 3011 1847 3059 autem

194 3104 337 3176 spiritales
368 3115 450 3158 crant
480 3104 657 3175 patriarchae
687 3111 718 3159 et
747 3103 905 3175 prophetae
935 3121 1091 3176 omnesque
1115 3105 1143 3158 in
1166 3104 1272 3175 populo
1295 3103 1414 3169 Israhel,
1444 3124 1497 3175 per
1527 3125 1596 3177 quos
1626 3109 1707 3163 nobis
1734 3121 1849 3165 sanctus

195 3210 316 3283 Spiritus
340 3212 401 3283 ipsa
424 3212 626 3282 seripturarum
658 3219 687 3265 et
718 3210 823 3265 auxilia
846 3219 876 3264 et
899 3211 1000 3265 solatia
1021 3211 1199 3266 ministravit.
1248 3211 1309 3266 Hoc
1334 3229 1400 3266 vero
1423 3221 1563 3284 tempore,
1594 3223 1778 3287 posteaquam
1802 3237 1846 3272 re·

149 3333 176 3372 se
194 3320 331 3373 surrectio
362 3319 475 3373 Domini
505 3318 592 3372 nostri
622 3317 878 3372 manifestissimum
909 3317 1042 3372 indicium
1073 3325 1186 3373 nostrae
1217 3317 1359 3372 libertatis
1389 3320 1500 3386 inluxit,
1536 3338 1571 3375 nc
1603 3339 1698 3376 eorum
1734 3324 1848 3394 quidem

194 3427 346 3496 signorum,
371 3444 445 3497 quac
469 3426 524 3480 iam
548 3424 741 3496 intelligimus,
765 3424 932 3495 operatione
956 3425 1035 3496 gravi
1058 3425 1168 3479 onerati
1191 3443 1296 3492 sumus,
1325 3427 1375 3480 sed
1401 3427 1540 3496 quaedam
1565 3446 1657 3498 pauca
1679 3448 1730 3501 pro
1754 3431 1849 3484 multis

196 3535 353 3604 cadentque
385 3532 463 3588 lactu
492 3531 627 3587 facillima
657 3539 687 3586 et
715 3530 866 3586 intellectu
896 3531 1095 3602 augustissima
1118 3541 1147 3586 et
1171 3532 1370 3587 observatione
1395 3534 1550 3588 castissima
1573 3536 1634 3606 ipse
1660 3536 1795 3591 Dominus
1819 3547 1849 3592 et

195 3641 351 3712 apostolica
373 3641 492 3695 tradidit
516 3639 674 3710 disciplina,
706 3637 789 3692 sicuti
813 3645 857 3691 cst
880 3637 1012 3708 baptismi
1037 3645 1245 3692 sacramentum
1269 3647 1300 3692 et
1323 3639 1479 3694 celebratio
1503 3644 1626 3713 conseris
1650 3653 1680 3698 et
1704 3643 1862 3714 sauguinis‘

194 3747 318 3814 Durnini,
351 3765 424 3817 quae
449 3745 655 3817 unusquisque,
686 3763 749 3798 cum
773 3745 905 3816 percipit,
939 3763 994 3816 quo
1025 3745 1195 3812 referantur,
1229 3747 1351 3801 imbutus
1381 3749 1520 3818 agrioscia
1551 3757 1582 3803 ut
1607 3769 1642 3804 ea
1665 3769 1719 3804 non
1744 3750 1848 3804 carnali

150 3865 177 3905 to
195 3855 344 3919 servitute,
370 3855 420 3908 sed
445 3853 564 3925 spiritali
588 3852 682 3923 potius
705 3851 840 3907 libertate
865 3862 1028 3907 veneretur.
1076 3852 1116 3908 Ut
1140 3861 1235 3908 autern
1258 3853 1383 3908 litteram
1414 3855 1495 3925 sequi
1520 3864 1550 3908 et
1574 3856 1654 3927 signa
1677 3875 1728 3926 pro
1752 3857 1848 3923 rebus,

196 3979 270 4032 quae
300 3961 343 4015 his
373 3959 578 4031 significantur,
614 3960 743 4030 accipere
776 3957 885 4012 servilis
915 3957 1085 4013 infirmitatis
1116 3969 1171 4027 est,
1206 3961 1247 4015 ita
1281 3960 1420 4016 inutiliter
1450 3962 1531 4032 signa
1561 3964 1742 4033 interpretari
1776 3964 1848 4018 male

196 4069 324 4137 vagantis
341 4069 452 4123 erroris.
489 4067 543 4131 Qui
560 4076 655 4121 autem
672 4084 726 4121 non
744 4065 896 4136 intellegit,
922 4066 988 4137 quid
1013 4064 1155 4136 significet
1171 4067 1292 4137 signum,
1317 4075 1458 4122 ettamen
1482 4070 1592 4140 signum
1618 4089 1680 4124 csse
1705 4070 1848 4142 intelleg't

195 4193 249 4228 nee
274 4175 334 4246 ipse
358 4175 496 4245 premitur
519 4174 668 4228 servitute.
714 4172 818 4227 Melius
842 4180 1006 4228 astantem
1030 4172 1076 4226 vel
1099 4174 1189 4243 premi
1220 4174 1380 4242 incognitis,
1411 4176 1462 4228 aed
1492 4175 1607 4230 utilibus
1637 4177 1734 4246 aiginis,
1765 4196 1847 4249 quam

196 4282 336 4336 inutiliter
359 4301 394 4336 ea
418 4281 630 4353 interpretando
653 4299 670 4335 a
694 4280 759 4351 iugo
782 4280 927 4334 servitutis
952 4281 1083 4335 eductam
1107 4279 1246 4334 cervicem
1270 4279 1380 4351 laqircis
1404 4283 1505 4336 (erroris
1529 4283 1666 4338 inserere.

149 4433 176 4473 ss
304 4414 355 4478 I)c
379 4414 467 4479 cultn
491 4412 611 4494 debito,
643 4434 740 4499 quem
766 4410 865 4475 Greci
895 4410 1022 4476 latriam
1053 4410 1176 4492 dicunt,
1206 4412 1261 4476 vel
1292 4412 1447 4498 religione
1479 4414 1643 4502 cultuque,
1675 4440 1759 4504 quae
1783 4441 1847 4482 uno

194 4521 355 4586 vocabulo
380 4521 479 4586 (treci
503 4520 699 4585 thresciam⁴
724 4530 853 4600 vocant,
883 4517 937 4581 vel
960 4517 1048 4604 quod
1077 4521 1208 4583 nonsit
1235 4520 1457 4584 manufactum
1481 4521 1653 4586 colendum
1686 4547 1747 4588 nee
1771 4525 1847 4588 ado·

193 4628 342 4693 randum.

299 4751 425 4816 LXIII.
459 4751 662 4837 Augustinus
692 4753 727 4815 in
754 4749 837 4815 libro
861 4749 988 4815 decimo
1012 4749 1052 4814 de
1077 4752 1209 4815 civitate
1234 4751 1315 4815 Dei:
1348 4757 1424 4816 Ηίοὖ
1447 4772 1492 4817 eat
1521 4765 1595 4818 enim
1625 4766 1766 4820 divinitati
1790 4767 1846 4834 vel,

193 4871 216 4924 si
238 4870 398 4941 expressius
415 4869 565 4924 dicendum
590 4877 643 4936 cst,
669 4869 771 4924 deitati
795 4868 910 4923 debitus
930 4867 1034 4934 cultus,
1057 4873 1176 4939 propter
1191 4886 1275 4938 quem
1292 4887 1348 4922 uno
1364 4870 1451 4923 verbo
1467 4869 1692 4941 significandum,
1717 4874 1847 4944 quoniam

147 4985 176 5024 ⁴⁰
193 4977 258 5031 mihi
283 4977 352 5030 satis
375 4977 507 5030 idoneum
531 4993 585 5030 non
608 4976 730 5030 occurrit
753 4975 897 5042 Latinum,
929 4973 1050 5040 Graeco,
1080 4974 1129 5028 nbi
1159 4992 1278 5030 neccsse
1310 4982 1365 5042 est,
1398 4977 1505 5030 insinuo
1537 4979 1604 5048 quid
1633 4978 1715 5034 velim
1740 4981 1847 5035 dicere.

193 5085 309 5139 Latrian
335 5084 440 5154 ‹quippc
464 5083 564 5148 nostri,
594 5083 763 5154 ubicumque
795 5090 955 5137 sanctarum
986 5082 1187 5152 seripturarum
1211 5082 1333 5153 pesitum
1362 5091 1417 5150 est,
1450 5084 1631 5155 interpretati
1663 5094 1728 5138 aurit
1759 5087 1846 5139 servi-

303 5311 387 5360 Lllll.
417 5311 432 5358 5
452 5309 506 5358 b'ed
527 5310 573 5373 qui
595 5312 678 5374 .luy.,·
705 5311 782 5373 sequi
803 5307 834 5358 P.

301 5403 334 5450 35
354 5395 406 5462 Dc]
426 5399 515 5464 Capsu
534 5399 598 5448 XII.
615 5398 782 5463 praemittunt
800 5397 856 5448 edd.

300 5488 402 5538 LXIII.
432 5491 466 5537 3⁸
485 5483 549 5551 Hie]
570 5489 638 5552 Aug.
657 5487 685 5536 in
703 5505 782 5552 nscry.
803 5486 833 5536 P.

146 5694 175 5734 ⁴⁵
303 5687 332 5757 l)
350 5687 529 5762 Asigratinas,
546 5685 593 5742 De
608 5686 739 5742 (bettino
757 5685 922 5744 Christiana
940 5685 1060 5744 1110.7
1082 5681 1157 5761 §11
1165 5707 1175 5754 ,·
1201 5687 1274 5761 opp.
1295 5686 1349 5756 III,
1370 5691 1393 5755 1,
1411 5691 1462 5746 48.
1533 5688 1563 5756 2)
1580 5687 1655 5745 [bid.
1674 5709 1697 5746 c.
1715 5681 1847 5767 8§12;

193 5797 211 5851 l.
229 5796 247 5851 1.
265 5793 322 5862 III,
342 5797 367 5863 l,
384 5797 435 5852 48.
528 5793 559 5862 3)
584 5793 658 5849 Ibid.
677 5813 700 5851 c.
719 5785 847 5870 9§14,·
871 5794 889 5848 1.
907 5794 924 5848 l.
944 5791 999 5860 HI,
1019 5796 1044 5860 l,
1061 5796 1156 5868 Idsq.
1243 5795 1273 5860 4)
1292 5814 1331 5840 =
1350 5792 1531 5871 deponetur.
1617 5795 1648 5866 5)
1666 5796 1846 5873 Aequanum,

192 5901 239 5958 Ile
262 5900 372 5958 cicitute
396 5899 452 5955 Dei
474 5899 508 5956 Χ
527 5921 550 5955 r.
569 5903 584 5958 1
608 5893 632 5976 §
647 5907 684 5968 2;
717 5899 790 5974 Opp
814 5899 878 5968 VII,
895 5901 958 5958 237
969 5919 1011 5974 aq.
