4884 6717
704 486 762 545 ot.
798 487 1016 545 CONCILIUM
1040 485 1321 545 cameracense
1345 487 1382 543 A.
1404 485 1479 543 838.
1853 477 1918 541 -l'll

265 679 355 743 moad
374 701 424 741 mc
442 673 553 741 'noem
570 691 676 764 pater,
706 691 811 764 stepo
833 680 1057 764 oiuopropter
1081 691 1229 764 patrem:
1256 690 1285 740 at
1313 677 1373 761 qui
1399 675 1570 740 manducat
1599 699 1657 756 ma,
1687 688 1716 739 at
1744 677 1813 760 inae
1842 676 1922 740 uiuit
1941 698 2059 750 ronam.

262 798 394 872 propter
416 808 473 848 mc.
521 782 622 849 Pamin
645 785 728 850 enum
752 783 820 849 Dei
839 799 892 864 eat,
916 786 976 869 qui
996 783 1157 848 dmcendit
1178 783 1218 848 dc
1240 783 1327 847 caelo
1357 797 1387 847 et
1408 783 1465 848 dat
1486 781 1583 847 m'tam
1606 780 1733 860 mundo,
1764 784 1920 868 etpumia,
1939 779 2042 885 lssjffi·

266 915 357 977 quem
380 915 434 978 epo
458 890 551 971 dabo,
574 914 649 955 caro
672 915 742 956 maa
764 904 810 956 eat
826 914 891 979 pro
913 890 1029 955 mundi
1050 893 1124 954 υἱέα.
1160 888 1250 953 Ecce
1274 911 1372 953 sanos
1396 909 1561 952 sermones
1585 883 1708 952 domini
1728 885 1830 952 nostri
1845 886 1921 951 Iesu

267 994 399 1078 Christi,
424 1017 502 1061 ecce
527 996 708 1061 doctrinam
730 997 871 1083 pietatis,
896 1017 974 1060 eece
998 994 1101 1060 verba
1116 997 1202 1060 vitae
1228 1005 1392 1078 aeternae,
1417 993 1459 1059 de
1482 991 1601 1081 quibus
1623 994 1695 1081 ipse
1719 994 1781 1059 ait:
1809 994 1921 1073 Verba,
1939 1018 2038 1068 ruem.

235 1128 347 1191 aquae
371 1105 490 1169 lessam
512 1128 582 1168 aumv
605 1105 703 1184 vebia
726 1106 861 1191 spt'ritus
884 1117 913 1169 at
933 1106 1000 1168 vius
1022 1117 1103 1181 aaut,
1128 1112 1161 1167 et
1174 1103 1294 1167 Petrus
1316 1101 1359 1166 ad
1381 1099 1491 1166 illum:
1515 1102 1662 1182 Domine,
1686 1101 1802 1188 inquit,
1826 1101 1921 1166 uerba
1938 1124 2038 1176 nemu

267 1214 350 1276 vitae
372 1226 516 1275 aeternae
539 1211 643 1276 babes.
689 1208 872 1273 Audiamus
896 1230 974 1295 ergo
997 1207 1101 1273 verba
1124 1209 1212 1273 vitae
1237 1231 1281 1273 ex
1304 1230 1360 1273 ore
1384 1209 1482 1273 vitae.
1518 1206 1659 1272 Carnem
1682 1227 1774 1272 suam
1799 1207 1921 1272 dicite

266 1315 417 1380 fidelihus
440 1315 631 1381 manducari
655 1325 688 1380 et
711 1316 902 1401 sangninem
927 1339 1021 1381 suum
1043 1317 1167 1402 potari;
1198 1337 1276 1380 vere
1306 1314 1397 1379 illum
1427 1312 1538 1379 cibum
1566 1336 1698 1379 carnem
1721 1335 1813 1378 suam
1838 1333 1919 1394 esse,

266 1445 344 1488 vere
368 1422 458 1488 illum
482 1434 594 1510 potum
617 1423 810 1508 sanguinem
833 1445 927 1487 suum
951 1423 1092 1487 existere
1117 1422 1304 1505 confirmat3
1329 1444 1365 1486 se
1380 1423 1488 1509 ipsum
1511 1422 1628 1486 asserit
1644 1443 1664 1485 a
1678 1419 1831 1486 fidelihus
1854 1421 1921 1485 suis

268 1528 395 1594 comedi
419 1539 452 1594 et
475 1530 544 1593 sine
568 1528 630 1595 hoc
654 1527 728 1594 cibo
751 1527 915 1594 neminem
939 1551 1016 1594 vere
1040 1551 1100 1616 per
1122 1528 1209 1594 hunc
1232 1527 1388 1594 mundum
1412 1531 1526 1593 vivere
1554 1539 1707 1608 testatum
1738 1527 1825 1591 hune
1849 1549 1920 1591 esse

223 1665 249 1704 ιο
267 1658 386 1723 panem
410 1636 450 1700 de
474 1636 566 1700 caela
590 1634 855 1717 descendentem,
878 1634 986 1700 idest
1009 1657 1151 1717 carnem,
1176 1657 1275 1722 quam
1297 1636 1368 1721 ipse
1392 1634 1492 1699 tradit
1514 1657 1573 1721 pra
1597 1633 1709 1698 mundi
1732 1635 1810 1698 vita.
1856 1632 1921 1696 Hic

267 1744 361 1829 panis
392 1741 551 1826 caelestis,
587 1743 665 1830 quis
695 1741 847 1825 caeleste,
882 1743 980 1808 immo
1011 1764 1110 1829 super
1139 1741 1281 1807 caeleste
1311 1744 1448 1823 verbum,
1482 1742 1585 1805 nostri
1615 1739 1746 1828 quidem
1781 1740 2058 1826 generis,10s.1‚1r.

268 1849 325 1913 sed
358 1848 506 1913 caelestis
536 1850 687 1935 originis,
723 1874 798 1915 caro
825 1851 953 1938 factum
990 1864 1034 1914 est
1066 1865 1096 1914 et
1128 1851 1284 1915 habitauit
1316 1852 1351 1914 iu
1385 1851 1492 1929 nobit,
1527 1869 1633 1935 neque
1669 1868 1799 1911 carnem
1832 1845 1921 1910 illam

267 1955 334 2020 Dei
363 1955 506 2042 genitrix
537 1978 579 2020 ex
610 1955 778 2021 voluntate
809 1956 882 2038 viri,
913 1954 972 2020 sed
1002 1977 1045 2020 ex
1076 1966 1275 2042 superventu
1306 1953 1446 2042 Spiritus
1476 1955 1581 2020 sancti
1612 1964 1645 2018 et
1674 1951 1921 2018 obumbratione

268 2063 420 2149 concepit
449 2064 577 2127 rimatis
607 2061 767 2127 altissimi.
819 2062 899 2127 Ideo
931 2073 963 2128 et
994 2061 1033 2127 de
1064 2062 1126 2127 hoc
1155 2084 1241 2149 pane
1273 2060 1348 2126 olim
1383 2061 1491 2126 fuerat
1524 2060 1768 2147 prophetatum:
1804 2060 1923 2125 Panem
1941 2081 2102 2132 saumas.

224 2197 251 2236 rs
268 2170 354 2235 caeli
389 2170 478 2236 dedit
511 2173 575 2251 eis,
607 2195 726 2257 panem
764 2171 947 2257 nupciarum
985 2171 1190 2235 manducauit
1227 2171 1325 2234 bomo.
1384 2166 1531 2232 Verbum
1566 2168 1653 2231 enim
1687 2166 1752 2231 Dei
1786 2188 1923 2231 manens

267 2277 302 2340 in
336 2275 532 2341 caelestibus
569 2278 719 2363 supernis
756 2277 851 2363 panis
890 2276 1079 2363 angelorum
1118 2298 1194 2340 caro
1232 2276 1354 2339 factum
1393 2285 1459 2356 est,
1501 2283 1536 2339 ut
1574 2295 1693 2360 panem
1734 2271 1924 2360 angelorum

268 2381 483 2448 manducaret
511 2382 618 2448 home.
666 2383 838 2464 Quomodo
868 2384 968 2470 igitur
997 2385 1058 2448 iste
1081 2383 1238 2469 profanae
1262 2381 1415 2447 novitatis
1438 2393 1666 2468 praesumptor
1696 2390 1737 2463 et,
1768 2391 1924 2467 quantum

268 2490 303 2553 in
333 2512 368 2554 se
400 2501 459 2572 est,
494 2501 604 2555 tantae
633 2489 765 2578 pietatis
795 2489 943 2571 violator,
974 2512 1034 2577 per
1064 2512 1162 2577 quam
1192 2490 1227 2553 in
1251 2487 1380 2553 Christo
1410 2486 1524 2552 fideles
1555 2498 1588 2552 et
1618 2488 1742 2552 insuia
1772 2485 1924 2551 fidelibus

269 2595 418 2662 Christus
447 2618 582 2662 manens
613 2610 713 2683 caput
740 2598 886 2684 corporis
909 2597 1069 2662 ecclesiae
1094 2597 1214 2674 existit,
1246 2593 1418 2682 quomodo,
1450 2596 1593 2681 inquam,
1625 2617 1726 2660 unum
1750 2593 1925 2659 caelestem

223 2731 251 2771 aa
268 2725 387 2790 panem
422 2705 457 2767 in
491 2705 555 2769 tria
588 2702 720 2786 dividit,
756 2703 845 2769 aliud
878 2702 944 2769 illic
979 2725 1129 2768 asserens
1164 2723 1236 2767 esse
1272 2701 1454 2784 Christum,
1492 2700 1582 2766 aliud
1615 2702 1765 2766 viventes
1799 2699 1923 2782 fideles,

268 2808 357 2875 aliud
387 2812 452 2874 iarn
482 2810 652 2876 defunctos
683 2823 717 2877 et
739 2809 904 2877 Christum
936 2810 1068 2896 quidem
1099 2808 1210 2875 calicis
1241 2808 1403 2896 particula
1434 2810 1603 2890 contineri,
1635 2809 1784 2873 viventes
1811 2808 1844 2872 in
1868 2829 1924 2894 pa-

269 2928 364 2982 tenae
394 2917 596 3003 fragmentis,
632 2916 803 2982 defunctos
833 2928 942 2982 autem
972 2917 1006 2981 in
1037 2918 1134 2982 tertia
1164 2916 1306 3003 quadam
1342 2915 1453 2980 altaris
1482 2914 1645 3002 particula
1675 2914 1827 2979 censeri?
1873 2913 1925 2979 Ita

270 3045 379 3089 errore
403 3023 563 3110 sacrilego
586 3024 781 3111 implicatus,
811 3022 868 3088 ubi
893 3023 1043 3089 dominus
1066 3024 1159 3089 Iesus
1183 3021 1332 3089 Christus
1356 3025 1472 3088 asserit
1496 3024 1705 3110 semetipsum
1730 3044 1750 3086 a
1772 3020 1925 3087 fidelibus
1944 3031 2064 3136 01641ῗὲζῇ

269 3129 460 3196 manducari
484 3141 517 3196 et
539 3153 617 3196 vere
642 3153 773 3197 carnem
797 3153 889 3195 suam
913 3153 985 3196 essc
1009 3129 1129 3213 cibum,
1159 3151 1238 3195 vere
1269 3132 1460 3217 sanguinem
1484 3153 1578 3194 suum
1601 3139 1723 3216 potum,
1756 3131 1816 3194 iste
1847 3151 1923 3194 can·

224 3263 251 3304 ss
269 3236 374 3302 tendit
396 3238 490 3302 vivos
514 3236 642 3302 comedi
666 3248 699 3302 et
722 3237 901 3303 defunctos.
937 3237 1057 3323 Arguit
1079 3238 1151 3324 ipso
1174 3239 1209 3301 in
1233 3259 1267 3301 se
1292 3237 1444 3323 loquente
1468 3236 1633 3323 apostolus
1658 3235 1743 3300 hunc
1764 3258 1922 3301 errorem:

274 3345 379 3426 Galsa,
403 3345 564 3432 inquiens,
597 3346 832 3426 benedictionis,
862 3348 918 3410 cui
944 3345 1166 3426 benedicionis,
1196 3369 1296 3410 nonae
1327 3346 1567 3410 communicatio
1599 3346 1766 3431 aauyuiuia
1793 3343 1923 3425 Christi,
1943 3368 2102 3419 naturum.

270 3466 299 3516 et
312 3454 425 3539 pamm,
448 3476 537 3539 quem
555 3453 757 3540 franpimua,
780 3476 880 3517 monna
903 3454 1143 3517 communicatio
1166 3454 1311 3539 corporis
1326 3451 1464 3516 Domini
1478 3452 1546 3516 eat?
1583 3450 1649 3514 Iste
1673 3460 1782 3515 autem
1806 3472 1824 3514 e
1848 3472 1923 3515 con·

269 3558 368 3621 traria
392 3558 426 3621 in
448 3556 715 3644 presbyterorum
738 3558 876 3623 concilio
892 3557 1004 3622 docet:
1029 3558 1181 3643 ‘Sanguis
1198 3557 1252 3622 ille
1268 3557 1378 3621 anima
1393 3555 1513 3621 Christi
1531 3556 1599 3620 est’.
1637 3555 1725 3637 Quid
1749 3556 1809 3622 hac
1833 3558 1923 3622 novi·

269 3673 336 3728 tate
360 3664 554 3751 profanius?
599 3664 776 3752 Apostolus
808 3666 894 3731 omni
926 3663 1095 3730 divisionis
1126 3663 1312 3751 suspicione
1342 3661 1471 3728 sublata
1501 3661 1622 3727 clamat
1648 3662 1795 3728 assidue:
1826 3665 1928 3730 Mrdti
1942 3689 2075 3741 aonias.

225 3797 252 3838 to
270 3796 365 3835 unum
389 3796 503 3858 corpus
525 3797 633 3836 eumue
656 3775 689 3837 in
710 3772 846 3853 Christo,
870 3782 902 3836 et
926 3773 1060 3837 iterum:
1092 3771 1237 3838 Solliciti
1256 3796 1384 3836 seruarc
1406 3774 1555 3836 unitatem
1573 3771 1716 3857 Spiritus
1740 3774 1775 3835 im
1799 3773 1923 3837 viuculo
1942 3795 2104 3847 spumeas

266 3881 370 3964 paors,
402 3903 496 3942 uuum
520 3902 634 3966 corpus
657 3894 686 3944 et
707 3905 788 3944 unus
811 3878 964 3967 spirtum,
987 3883 1070 3945 sicut
1098 3881 1203 3944 uocati
1224 3881 1297 3944 eob's
1320 3882 1354 3943 in
1377 3903 1442 3944 aaa
1464 3903 1519 3965 apa
1542 3880 1715 3944 vocationis
1738 3893 1867 3958 cosmae,
1892 3889 1924 3942 et

269 4006 380 4048 rursus
411 3996 509 4070 caput
538 3995 570 4049 et
601 4007 720 4071 corpus
744 3984 909 4050 Christum
942 3994 976 4050 et
1005 3984 1177 4050 ecclesiam
1204 4008 1305 4049 uuum
1330 3983 1495 4049 Christum
1519 4007 1590 4048 esse
1615 3994 1801 4049 contestans
1825 3983 1922 4050 dicit:

271 4089 362 4156 Sicut
383 4094 465 4156 enim
489 4115 604 4179 corpus
627 4118 722 4157 uuum
746 4107 791 4158 aet
812 4107 841 4158 et
861 4094 1000 4158 membra
1024 4093 1115 4157 labet
1136 4093 1246 4172 malta,
1270 4094 1377 4157 ommia
1400 4106 1501 4157 autem
1525 4093 1665 4156 membra
1688 4095 1831 4179 corporis
1854 4117 1922 4156 cum
1942 4115 2102 4167 acosma.

269 4199 334 4263 aiat
355 4199 464 4277 multa,
488 4223 583 4263 unum
607 4222 721 4286 corpus
742 4214 824 4278 aunt,
848 4202 893 4263 ita
917 4213 946 4264 ct
971 4198 1123 4264 Clrt'atua
1168 4197 1264 4263 Unde
1288 4208 1322 4262 et
1337 4195 1522 4262 Corinthios
1543 4196 1627 4262 male
1652 4197 1774 4262 divisos
1798 4210 1832 4262 et
1853 4207 1923 4262 tex·

224 4329 252 4371 ss
269 4313 376 4368 turam
393 4302 546 4369 dominici
563 4306 709 4392 corporis
725 4303 931 4371 scismatibus
948 4302 1186 4391 disrumpentes
1203 4303 1380 4390 obiurgans
1396 4302 1531 4369 clamat:
1550 4305 1686 4370 Divina
1700 4320 1747 4370 ast
1759 4304 1924 4370 Cistena?
1943 4332 2044 4383 n.1,1s.

269 4410 367 4475 Hanc
384 4432 513 4497 quoque
530 4412 687 4477 unitatem
708 4413 743 4475 in
758 4411 920 4477 sacrificio
936 4425 1143 4476 sacrosancto
1160 4412 1315 4497 mysterio
1332 4432 1481 4475 asserens
1497 4411 1678 4498 designari:
1709 4412 1796 4477 Una
1812 4414 1923 4498 pamm,
1942 4437 2057 4488 n.1o,rr.

270 4517 385 4604 inquit,
415 4544 510 4583 unam
540 4543 654 4606 corpus
687 4520 783 4585 multi
808 4545 925 4600 mmai,
956 4543 1071 4600 omnes,
1101 4522 1160 4605 qui
1188 4519 1227 4584 de
1256 4543 1318 4583 uuo
1341 4543 1430 4606 pauo
1449 4522 1692 4606 participamus.
1746 4518 1796 4582 Ita
1826 4519 1925 4604 igitur

271 4645 393 4705 omnes,
424 4633 491 4688 tam
516 4625 641 4712 antiqui
672 4647 769 4712 quam
798 4624 956 4707 moderni,
986 4636 1052 4689 tarn
1075 4626 1225 4688 viventes
1256 4646 1353 4711 quam
1384 4624 1592 4707 dormientes,
1623 4626 1657 4689 in
1681 4624 1810 4691 Christo
1840 4648 1923 4689 unus

270 4731 365 4816 panis
389 4753 509 4814 sumus,
534 4730 664 4797 Christo
687 4733 886 4820 incorporati
909 4743 942 4797 et
965 4734 1057 4814 uniti,
1088 4742 1255 4796 attamen
1279 4753 1391 4797 omnes
1415 4731 1568 4796 advitae
1593 4743 1626 4796 et
1648 4731 1761 4796 salutis
1785 4733 1923 4818 gratiam

224 4863 254 4904 eo
272 4836 466 4923 capiendam
483 4836 523 4902 de
538 4861 603 4903 uno
618 4839 862 4926 participemur,
886 4838 941 4903 illc
957 4839 1121 4921 videlicet,
1146 4842 1205 4925 qui
1226 4839 1386 4904 descendit
1408 4839 1447 4904 de
1470 4841 1556 4904 caelo
1572 4855 1601 4904 et
1615 4840 1671 4904 dat
1685 4843 1781 4904 uitam
1797 4839 1922 4904 mundo.
1943 4863 2060 4914 ronam.

272 4941 328 5008 Sic
352 4966 464 5008 omnes
488 4945 591 5010 sancti
615 4944 841 5032 suntlapides
864 4947 943 5028 vivi,
974 4944 1033 5010 sed
1062 4967 1123 5031 per
1152 4967 1227 5010 cum
1256 4943 1425 5026 vivificati,
1456 4943 1497 5009 de
1528 4967 1593 5031 quo
1622 4944 1686 5009 illis
1709 4968 1769 5031 per
1790 4947 1924 5010 Petrum

271 5049 454 5137 apostolum
484 5050 621 5116 dicitur:
652 5053 709 5118 Ad
737 5078 826 5140 quem
854 5053 1033 5118 accedentes
1063 5054 1204 5140 lapidem
1234 5055 1340 5118 viuum
1370 5069 1399 5118 et
1427 5056 1496 5140 spei
1523 5068 1682 5139 tamquam
1710 5054 1835 5140 lapidea
1858 5056 1928 5118 oiri
1944 5065 2063 5159 114’0322.

271 5158 595 5246 superaedificamini.
631 5158 687 5224 Sic
704 5180 815 5223 omnes
832 5158 1017 5225 efficiuntur
1032 5157 1099 5242 lux,
1124 5159 1252 5223 dicente
1271 5158 1431 5223 Domino:
1464 5160 1524 5224 Vos
1546 5162 1620 5225 ath
1643 5161 1700 5223 lun
1721 5159 1843 5238 muudi,
1867 5156 1926 5223 sed
1945 5151 2092 5242 nunna,

272 5285 316 5328 ex
331 5263 386 5328 illo
403 5264 584 5348 illuminati,
601 5264 642 5331 de
660 5288 723 5352 quo
740 5265 942 5352 evangelista
958 5267 1020 5331 ait:
1045 5265 1128 5332 Ecce
1153 5267 1209 5330 lua
1231 5291 1316 5349 vua,
1340 5291 1421 5352 quae
1444 5267 1606 5332 illuminat
1628 5291 1746 5331 omnem
1771 5267 1925 5330 bmniuem
1944 5296 2049 5346 nunu,

225 5396 254 5437 es
272 5374 442 5437 uenientem
465 5375 500 5437 in
523 5373 604 5438 luae
627 5373 788 5438 mundum.
836 5372 891 5438 Sic
915 5393 993 5458 ergo
1018 5383 1051 5437 et
1073 5393 1158 5437 unus
1181 5373 1275 5460 panis
1299 5374 1454 5455 existunt,
1485 5371 1543 5437 scd
1567 5370 1652 5436 illius
1675 5371 1925 5458 participatione

272 5476 404 5542 vitalem
428 5475 642 5544 substantiam
666 5480 841 5561 trahentes,
866 5481 922 5565 qui
946 5478 1043 5544 dicit:
1074 5479 1146 5569 Epo
1168 5505 1237 5545 sum
1256 5484 1355 5567 panis
1378 5484 1479 5561 uiuus,
1509 5482 1569 5567 qui
1596 5480 1634 5546 de
1658 5480 1744 5545 caelo
1768 5479 1925 5545 descendi.
1946 5510 2048 5562 nen,

379 5745 490 5818 livere]
509 5755 603 5804 rivere
623 5752 654 5804 P.
728 5754 761 5803 1⁵
781 5752 844 5803 dedi
865 5751 895 5802 P.
968 5753 1000 5802 21
1021 5757 1120 5819 patena
1140 5751 1171 5803 P.
1245 5754 1278 5803 28
1297 5750 1450 5816 implicatur
1469 5753 1505 5804 M.
1573 5753 1607 5803 at
1626 5746 1748 5816 Domini]
1769 5750 1871 5802 Christi
1889 5751 1927 5803 M.

272 5842 307 5892 33
326 5841 409 5892 habet
426 5841 492 5893 deest
510 5840 548 5892 M.
621 5843 654 5894 at
674 5837 844 5908 omnesqui]
865 5856 1012 5907 omnesque
1032 5840 1063 5892 P.
1083 5841 1120 5892 M.
1193 5840 1389 5907 participamur
1407 5839 1437 5890 P.

1661 5960 1713 6019 at*
