4884 6717
558 510 624 574 482
1024 515 1077 571 tt.
1113 513 1334 571 conclamat
1357 514 1584 570 PARISIENSE
1608 516 1643 570 A.
1666 514 1741 570 825.

557 714 685 790 gantur.
731 701 798 768 Sed
820 701 897 766 licet
919 702 954 766 in
976 702 1058 788 ipsis
1086 699 1326 766 obiectionibus
1357 700 1533 787 aliquando
1564 699 1698 783 absona,
1729 701 1905 789 aliquando
1937 704 2217 788 inconvenientia,

556 808 732 896 aliquando
756 810 853 874 etiam
876 807 1131 895 reprehensione
1155 806 1258 893 digna
1279 807 1464 871 testimonia
1496 806 1696 872 defensionis
1726 809 1833 893 gratia
1862 810 2011 896 proferre
2040 812 2131 875 uisus
2163 813 2218 894 sit,

557 917 590 980 in
613 915 677 980 fine
701 924 809 981 tamen
833 914 979 979 eiusdem
1002 913 1175 1001 apologiae
1200 915 1249 978 sic
1272 935 1307 977 se
1331 915 1452 977 sentire
1476 924 1510 977 et
1531 924 1643 977 tenere
1667 926 1700 978 et
1727 914 1920 1001 praedicare
1951 938 1991 980 ac
2022 920 2218 1004 praecipere

556 1021 596 1088 de
620 1022 681 1104 his,
712 1044 796 1109 quae
828 1019 1022 1108 agebantur,
1052 1021 1221 1108 professus
1253 1030 1313 1101 cst,
1344 1021 1429 1085 sicut
1451 1042 1471 1083 a
1493 1019 1590 1084 beato
1621 1043 1709 1108 papa
1737 1020 1898 1107 Gregorio
1929 1024 2111 1088 institutum
2143 1047 2218 1089 esse

556 1126 727 1193 constabat
737 1133 757 1193 ¹.
817 1127 946 1210 Quibus
980 1125 1093 1192 verbis
1127 1126 1254 1213 liquido
1290 1125 1463 1213 colligitur,
1498 1125 1586 1214 quod
1620 1149 1685 1191 non
1719 1139 1846 1192 tantum
1880 1130 2024 1193 scienter
2057 1143 2252 1217 quantums

556 1236 745 1321 ignoranter
767 1236 801 1298 in
825 1233 942 1300 eodem
964 1233 1052 1299 facto
1076 1256 1098 1298 a
1119 1244 1210 1298 recto
1235 1234 1363 1297 tramite
1388 1233 1578 1298 deviaverit
1614 1233 1686 1297 Nisi
1710 1235 1795 1298 enim
1820 1235 1855 1298 iu
1879 1234 2089 1301 conclusione
2106 1236 2217 1302 obiec-

556 1342 681 1406 tionum
704 1364 836 1406 suarum
860 1340 1050 1405 retinaculis
1073 1340 1234 1422 veritatis,
1257 1337 1347 1403 beati
1370 1339 1496 1404 scilicet
1520 1338 1673 1426 Gregorii
1696 1342 1861 1422 institutis,
1893 1344 2046 1406 astrictus
2075 1344 2137 1408 iter
2161 1344 2217 1409 de·

554 1449 644 1512 vium
668 1449 900 1534 praecavisset,
924 1449 958 1511 iu
981 1446 1221 1534 superstitionis
1245 1447 1473 1533 praecipitium
1497 1448 1628 1511 omnino
1651 1445 1718 1511 labi
1740 1449 1911 1534 potuisset.

661 1554 724 1618 His
754 1555 854 1640 igitur
883 1576 942 1641 pro
974 1565 1074 1641 captu
1104 1553 1228 1640 ingenii
1259 1552 1496 1618 animadversis
1520 1564 1553 1617 et
1574 1551 1757 1634 intellectis,
1786 1566 1822 1618 ut
1845 1554 1973 1641 plenius
1998 1556 2096 1619 etiam
2119 1555 2217 1621 nobis

555 1671 675 1726 cuncta
697 1672 915 1748 patescerent,
939 1660 1078 1725 fecimus
1102 1658 1273 1747 epistolam
1296 1658 1391 1724 nobis
1414 1659 1526 1745 relegi,
1551 1682 1649 1746 quam
1665 1658 1760 1723 vobis
1784 1658 1884 1746 legati
1901 1659 2104 1726 Graecorum
2129 1686 2217 1729 anno
2237 1690 2266 1729 m

554 1769 731 1855 praeterito
747 1766 937 1835 detulerunt
947 1773 967 1830 ².
1004 1765 1212 1831 Venerabilis
1228 1788 1368 1852 namque
1385 1765 1555 1831 Freculfus
1572 1767 1768 1853 episcopus³
1783 1765 1945 1831 subtiliter
1959 1767 2216 1857 prudenterque,

557 1874 698 1961 qualiter
727 1876 798 1961 ipse
830 1885 863 1938 et
885 1873 1072 1960 Adegarius
1082 1879 1105 1954 ⁴,
1137 1874 1246 1937 socius
1275 1872 1371 1954 illius,
1402 1871 1529 1936 dehac
1557 1895 1593 1936 re
1622 1895 1696 1936 cum
1726 1872 1845 1937 domno
1876 1873 2056 1960 apostolico
2084 1886 2216 1942 etcum

556 1980 754 2046 venerandis
778 1982 942 2068 episcopis
966 1992 999 2044 et
1020 1980 1177 2044 ministris
1207 1978 1294 2043 illius
1325 1981 1478 2065 egissent,
1509 1979 1588 2043 viva
1616 2001 1698 2043 voce
1728 1981 1883 2065 parvitati
1909 1993 2040 2045 nostrae
2063 1983 2215 2051 innotuit.

557 2087 625 2152 Sed
657 2111 731 2152 curu
754 2088 909 2175 prudenti
932 2087 1036 2152 relatu
1060 2086 1146 2150 illius
1171 2097 1289 2150 cuncta
1318 2086 1594 2171 cognovissemus,
1625 2084 1764 2171 qualiter
1793 2087 1914 2173 partim
1943 2089 2093 2151 veritatis
2124 2090 2215 2175 iguo

557 2196 674 2277 rantia,
696 2196 816 2282 partim
840 2196 1002 2282 pessimae
1026 2192 1272 2258 consuetudinis
1295 2215 1357 2256 usu
1380 2191 1475 2256 buius
1506 2192 1744 2278 superstitionis
1774 2193 1877 2279 pestis
1907 2192 1971 2257 illis
2001 2194 2036 2257 in
2066 2194 2215 2281 partibus
2235 2221 2264 2261 rs

556 2300 756 2382 inolevisset,
780 2313 813 2365 et
835 2302 946 2387 priora
970 2310 1002 2363 et
1017 2301 1199 2386 posteriora
1214 2297 1451 2363 studiosissime
1468 2297 1775 2380 considerassemus,
1800 2298 2032 2382 intelleximus,
2057 2314 2214 2388 quantum

558 2407 653 2473 uobis
676 2432 729 2472 res
751 2409 866 2494 patuit,
895 2430 959 2493 quo
983 2405 1053 2472 uelo
1077 2406 1120 2470 ad
1143 2406 1227 2471 haec
1251 2405 1490 2470 consideranda
1512 2417 1623 2469 vestra
1646 2417 1759 2470 sancta
1782 2405 1914 2472 devotio
1938 2408 2083 2472 excitata
2106 2409 2214 2473 fuerit.

557 2517 632 2580 lion
663 2517 749 2578 enim
780 2515 968 2600 ignoramus
999 2514 1143 2577 animum
1173 2523 1318 2577 vestrum
1348 2534 1466 2597 magno
1498 2511 1607 2576 taedio
1630 2535 1726 2598 posse
1757 2513 1856 2596 affici,
1887 2536 1962 2577 cum
1986 2513 2058 2578 illos
2082 2537 2101 2578 a
2124 2527 2215 2580 recto

558 2623 686 2687 tramite
722 2620 950 2708 quoquomodo
986 2620 1173 2707 conspicitis
1208 2618 1352 2700 deviare,
1388 2620 1443 2704 qui
1479 2641 1605 2683 summa
1639 2621 1830 2685 auctoritate
1866 2620 2007 2707 praediti
2042 2621 2214 2686 deviantes

558 2749 705 2816 quosque
735 2726 918 2792 debuerant
948 2727 1123 2812 corrigere.
1170 2725 1230 2789 lllo
1260 2747 1378 2811 nempe
1409 2724 1480 2789 zelo
1511 2727 1641 2789 accensi
1671 2727 1759 2808 estis,
1790 2725 1831 2791 de
1863 2749 1927 2814 quo
1950 2725 2068 2791 beatus
2091 2727 2265 2794 Paulusne

379 2860 540 2908 scomma.
559 2834 724 2922 apostolus
749 2833 844 2899 dicit:
872 2835 952 2912 Quas
974 2834 1217 2913 scandalizatur,
1242 2847 1271 2897 et
1293 2857 1347 2920 eqo
1370 2858 1433 2896 non
1457 2834 1555 2896 uror?
1589 2831 1672 2895 Cum
1696 2832 1782 2896 enim
1806 2832 1886 2897 duos
1910 2834 1944 2896 in
1968 2834 2114 2920 periculo
2138 2857 2215 2898 con-

558 2943 686 3006 stitutos
710 2941 927 3028 conspexistis
952 2950 985 3004 et
1007 2962 1027 3004 a
1049 2940 1105 3003 via
1126 2940 1219 3024 regia
1242 2937 1456 3020 declinantes,
1480 2961 1581 3002 unum
1602 2937 1727 3003 scilicet
1749 2939 1792 3004 ad
1808 2940 1971 3004 sinistram
1987 2941 2021 3004 in
2038 2939 2215 3028 abruptum

559 3047 868 3133 confringendarum
898 3046 1078 3132 imaginum
1107 3045 1307 3133 prolapsum,
1338 3045 1475 3110 alterum
1506 3067 1586 3108 vero
1616 3044 1659 3110 ad
1690 3045 1859 3110 dexteram
1889 3048 1924 3110 in
1955 3049 2214 3135 superstitiosam

557 3154 712 3219 videlicet
746 3154 923 3218 earundem
958 3154 1136 3239 imaginum
1171 3152 1396 3216 adorationem
1430 3151 1619 3238 proclivem,
1654 3151 1802 3216 voluistis
1836 3175 1896 3218 vos
1926 3154 2046 3218 affectu
2081 3156 2214 3241 pietatis

558 3261 701 3326 medium
726 3282 890 3347 opponere
915 3270 947 3323 et
970 3261 1138 3345 utriusque
1162 3260 1266 3346 partis
1289 3257 1402 3323 morbo
1427 3258 1626 3322 salutiferam
1649 3257 1845 3323 medicinam
1870 3260 2029 3324 conferre.
2233 3287 2263 3327 as

666 3366 734 3433 Sed
765 3368 919 3454 quoniam
949 3367 1126 3431 maximum
1158 3365 1252 3430 vobis
1283 3367 1317 3430 in
1347 3387 1386 3429 eo
1418 3363 1621 3429 obstaculum
1651 3375 1731 3447 erat,
1763 3388 1802 3430 eo
1826 3366 1915 3453 quod
1937 3390 2014 3453 pars
2037 3367 2103 3450 illa,
2127 3392 2213 3455 quae

559 3473 702 3540 debebat
732 3485 841 3538 errata
871 3474 1035 3559 corrigere
1066 3495 1189 3560 suaque
1220 3473 1413 3537 auctoritate
1444 3470 1579 3535 huiusce
1603 3473 1841 3558 superstitionis
1865 3475 1967 3538 errori
1997 3472 2110 3557 obniti,
2141 3477 2215 3562 ipsa

557 3604 690 3669 prorsus
715 3579 821 3645 eidem
846 3580 1066 3667 superstitioni
1090 3602 1156 3644 uon
1179 3579 1285 3644 solum
1308 3581 1469 3658 resistere,
1493 3601 1606 3642 verum
1624 3580 1722 3642 etiam
1738 3580 1871 3644 incauta
1886 3578 2076 3646 defensione
2100 3593 2216 3647 contm

558 3689 785 3753 auctoritatem
817 3686 962 3751 divinam
992 3696 1025 3750 et
1054 3696 1241 3750 sanctorum
1269 3697 1399 3774 patrum
1430 3684 1519 3749 dicta
1549 3683 1714 3749 nitebatur
1745 3686 1927 3772 suffragari,
1960 3689 2088 3774 aperuit
2118 3688 2214 3754 vobis

556 3796 719 3861 Dominus
744 3796 862 3858 ostium
892 3795 984 3858 iuxta
1014 3804 1161 3879 optatum
1190 3792 1285 3858 vobis
1309 3791 1518 3872 desiderium,
1549 3802 1585 3855 ut
1607 3790 1741 3856 licentia
1768 3791 1861 3857 vobis
1885 3792 1928 3858 ab
1952 3794 2068 3859 eadem
2091 3795 2214 3861 tribue-
2234 3820 2265 3861 ao

558 3915 648 3967 retur
670 3902 862 3967 auctoritate
886 3911 997 3965 tantae
1020 3900 1068 3964 rei
1092 3923 1167 3965 cum
1191 3901 1309 3964 vestris
1334 3898 1514 3985 quaerendi
1544 3898 1748 3962 familiariter
1769 3902 1951 3982 veritatem,
1982 3913 2028 3982 ut,
2059 3904 2214 3989 quoniam

558 4011 662 4074 inerat
697 4007 790 4073 vobis
824 4006 975 4072 voluntas
1014 4006 1206 4071 considendi
1240 4018 1274 4070 et
1311 4005 1424 4070 deerat
1461 4006 1638 4069 auctoritas
1677 4006 1871 4091 quaerendi,
1910 4009 1981 4072 eius
2020 4011 2214 4074 auctoritate

559 4117 759 4203 quaereretis
790 4116 970 4196 veritatem,
1003 4116 1095 4178 cuius
1124 4114 1302 4178 auctoritas
1333 4112 1466 4176 deviare
1490 4110 1665 4176 videbatur
1694 4110 1736 4175 ab
1765 4113 1838 4198 ipsa
1859 4116 2008 4196 veritate,
2040 4127 2212 4201 quatenus,

557 4237 670 4289 sancto
694 4236 802 4287 vestro
827 4221 990 4286 desiderio
1014 4245 1052 4286 ac
1077 4221 1227 4308 vigilanti
1251 4219 1358 4284 studio
1382 4220 1504 4283 veritas
1528 4219 1704 4305 patefacta,
1729 4216 1806 4282 dum
1830 4243 1865 4283 se
1889 4221 1922 4282 in
1945 4219 2090 4285 medinm
2105 4234 2211 4287 osten-

556 4331 659 4410 deret,
694 4331 792 4394 ctiam
827 4330 899 4416 ipsa
933 4331 1110 4394 auctoritas
1144 4328 1257 4392 volens
1292 4326 1471 4412 nolensque
1506 4326 1636 4389 veritati
1672 4325 1802 4391 cederet
1837 4339 1935 4414 atque
1971 4327 2210 4395 succumberet.
2231 4354 2260 4394 ss

557 4438 680 4502 Verum
704 4437 857 4524 quoniam
882 4437 1018 4500 fratrum
1042 4435 1129 4499 salus
1151 4457 1218 4499 non
1243 4445 1292 4498 est
1314 4431 1520 4518 neglegenda
1544 4443 1577 4495 et
1600 4432 1745 4496 eminens
1769 4435 1945 4498 auctoritas
1967 4456 2033 4498 nou
2049 4445 2099 4499 est
2113 4435 2210 4501 facile

556 4543 837 4631 reprehendenda,
868 4544 973 4607 visum
1004 4557 1053 4606 est
1084 4542 1282 4607 extremitati
1312 4551 1453 4620 nostrae,
1483 4551 1520 4602 ut
1549 4539 1654 4603 omnis
1677 4550 1805 4603 vestrae
1830 4541 2014 4604 serenitatis
2039 4564 2143 4607 sermo
2167 4543 2211 4607 ad

554 4651 627 4716 illos
651 4649 836 4737 specialiter
859 4672 902 4713 ex
925 4649 1174 4736 apostolicarum
1199 4648 1391 4712 auctoritate
1408 4646 1589 4710 litterarum
1605 4645 1775 4731 dirigatur,
1800 4669 1935 4732 quorum
1953 4648 2094 4734 primum
2111 4671 2211 4713 causa

554 4758 598 4823 ad
621 4758 703 4823 haec
727 4756 916 4844 quaerenda
935 4758 1012 4820 estis
1029 4755 1173 4836 excitati,
1198 4766 1232 4818 ct
1248 4753 1405 4841 quicquid
1421 4752 1672 4839 reprehensione
1696 4753 1731 4816 in
1748 4754 1892 4840 utrisque
1909 4753 2058 4840 partibus
2074 4754 2210 4840 dignum

555 4866 764 4952 cognoscitur
798 4863 841 4928 ad
876 4862 1001 4927 illorum
1036 4885 1208 4949 personam
1245 4862 1352 4947 potius
1387 4860 1558 4942 referatur,
1594 4861 1650 4946 qui
1680 4858 1782 4924 libere
1813 4860 1980 4926 admoneri
2011 4874 2148 4948 possunt
2177 4871 2210 4925 et
2229 4887 2259 4926 so

554 4995 692 5059 quorum
717 4970 917 5050 scandalum,
942 4971 968 5034 si
993 4992 1052 5056 pro
1075 4970 1212 5032 veritate
1238 4979 1343 5031 ortum
1367 4967 1475 5048 fuerit,
1498 4966 1627 5031 facilius
1651 4965 1783 5031 tolerari
1806 4977 1921 5053 potest.

662 5077 834 5143 Credimus
859 5078 978 5163 itaque,
1010 5074 1098 5162 quod
1126 5073 1198 5139 illos
1230 5074 1499 5160 reprehendendo
1523 5072 1652 5158 illisque
1683 5073 1911 5159 conpatiendo,
1941 5076 2020 5139 istos
2044 5097 2123 5140 vero
2154 5073 2209 5139 de·

555 5184 738 5264 mulcendo,
769 5182 933 5248 laudando
957 5195 989 5247 et
1012 5180 1228 5269 praeferendo
1260 5203 1436 5267 corumque
1467 5180 1694 5245 auctoritatem
1717 5181 1844 5265 magnis
1867 5179 2000 5245 laudum
2024 5183 2209 5268 praeconiis

555 5292 720 5356 efferendo
745 5304 776 5355 et
800 5305 932 5354 sarrctae
956 5290 1102 5353 Romane
1126 5287 1286 5353 ccclesiae
1311 5286 1506 5372 condignam
1530 5285 1660 5351 laudem
1686 5285 1873 5368 deferendo,
1904 5288 2074 5352 veritatem
2099 5301 2209 5353 tamen

662 5549 696 5596 34
716 5548 816 5596 veritas
836 5547 972 5610 patefacta
989 5545 1083 5594 nontin.
1101 5533 1178 5594 daol.
2228 5555 2258 5593 ὥ

667 5763 694 5828 1)
720 5761 769 5835 Cf.
796 5761 869 5820 Mu,
896 5761 974 5838 Epp.
997 5761 1028 5830 V,
1044 5763 1094 5820 56,
1176 5759 1207 5826 2)
1239 5758 1270 5815 V.
1293 5778 1384 5835 supro
1402 5760 1584 5834 p.475sqq.
1670 5757 1701 5827 3)
1727 5756 1909 5815 Loeoviertsis
1932 5752 1973 5832 (c.
1996 5758 2211 5837 aaa-850).

555 5871 586 5940 l)
611 5869 658 5928 De
681 5869 825 5945 :irnperio
848 5869 889 5940 rs.
914 5871 1035 5936 Sirrmm,
1059 5869 1077 5924 l.
1103 5868 1121 5923 l.
1146 5865 1171 5937 I,
1195 5868 1257 5926 247
1280 5885 1349 5922 ann.
1367 5868 1414 5925 10.
