4884 6717
543 435 605 498 ⁷86
752 479 755 484 -
964 442 1020 499 59.
1055 442 1274 502 conclusit
1298 442 1617 502 eunounNNlcUrt
1639 444 1677 501 A.
1698 442 1773 500 840.

541 639 646 694 torum
670 640 879 716 peccatorum
903 631 1033 695 veniam
1057 630 1204 717 pontifex
1228 640 1338 695 noster
1359 629 1513 696 Aldricus
1537 631 1695 717 consequi
1717 640 1899 714 mereatum
1928 643 1962 697 et
1983 653 2040 696 eos
2063 654 2196 719 easque,

541 758 622 822 quos
639 747 672 800 et
687 758 768 823 quas
785 738 814 801 ei
831 760 911 802 cura
933 737 1101 823 regiminis
1125 738 1320 802 consociasti
1344 760 1384 803 ac
1408 737 1628 802 familiaritate
1646 748 1679 802 et
1695 738 1978 824 consanguinitate
1994 740 2141 820 iunxisti,
2164 749 2198 803 et

541 865 670 907 omnem
692 843 848 930 populum
871 841 1091 908 Christianum
1116 842 1306 928 angelornm
1329 844 1537 929 omniumque
1561 855 1748 908 sanctorum
1771 852 1900 909 tuorum
1915 854 2008 909 tuere
2023 845 2197 932 praesidiis

542 959 575 1012 et
597 951 721 1013 animas
745 949 938 1014 famulorum
961 948 1219 1036 famularumque
1243 961 1370 1014 tuarum
1395 951 1539 1014 omnium
1561 948 1625 1014 sibi
1641 951 1885 1015 commissorum
1903 961 1935 1015 et
1951 952 2197 1016 commissarum

541 1066 639 1142 atque
663 1067 854 1121 cunctorum
880 1067 1134 1142 cunctarumque
1157 1057 1192 1119 in
1216 1053 1346 1120 Christo
1376 1057 1625 1142 quiescentium,
1656 1067 1693 1122 nt
1721 1058 1755 1121 in
1779 1058 1870 1143 pacis
1894 1079 1933 1122 ac
1956 1056 2039 1122 lucis
2063 1059 2228 1144 regiones

542 1163 730 1244 constituas,
755 1161 979 1249 deprecamur.
1026 1162 1092 1227 Per
1115 1161 1279 1227 Christum
1303 1162 1470 1226 dominnm
1493 1173 1649 1228 nostrum.

543 1312 545 1315 -
649 1270 748 1358 Infra
772 1274 933 1335 actionem.
981 1269 1078 1334 Hanc
1101 1269 1202 1355 igitur
1225 1267 1434 1350 oblationem,
1462 1292 1561 1356 qnam
1584 1269 1645 1334 tibi
1669 1292 1727 1356 pro
1750 1270 1905 1356 pontifice
1927 1281 2038 1336 nostro
2061 1270 2196 1336 Aldrico

541 1387 639 1461 atque
663 1398 762 1462 grege
787 1374 850 1440 sibi
873 1376 1045 1441 commisso
1070 1387 1102 1440 et
1124 1376 1368 1462 propinquitate
1391 1398 1431 1441 ac
1454 1375 1675 1441 familiaritate
1700 1377 1819 1441 iunctis
1836 1378 1867 1441 ei
1886 1388 1985 1464 atque
2008 1400 2068 1464 pro
2092 1376 2195 1442 salute

542 1484 651 1547 cuncti
674 1482 787 1569 populi
806 1481 983 1547 Christiani
1006 1482 1196 1570 suppliciter
1218 1481 1432 1563 immolamus,
1457 1505 1664 1569 quaesumus,
1688 1483 1842 1567 Domine,
1866 1495 1903 1549 ut
1926 1483 2087 1570 benignus
2111 1485 2195 1550 acci·

541 1590 614 1676 pias
638 1601 670 1653 et
693 1601 750 1653 tua
772 1591 893 1675 pietate
918 1589 1090 1672 concedas,
1121 1600 1157 1653 ut
1186 1599 1218 1654 et
1245 1588 1308 1653 illis
1332 1589 1482 1674 proficiat
1503 1588 1546 1654 ad
1570 1588 1707 1655 salutem
1730 1589 1826 1655 huius
1849 1573 1981 1677 pietatis
2003 1591 2140 1656 affectus
2163 1603 2196 1656 et
2215 1615 2242 1655 ιι

542 1694 712 1759 animabus
736 1694 929 1761 famulorum
953 1695 1212 1783 famularumque
1236 1707 1365 1761 tuarum
1389 1697 1531 1760 omniurn
1556 1695 1619 1760 sibi
1642 1698 1887 1761 commissorum
1904 1709 1937 1763 et
1952 1699 2197 1763 commissarum

543 1813 639 1887 atrpue
664 1812 854 1865 cunctorum
878 1813 1133 1887 cunctarumque
1156 1803 1191 1866 in
1215 1800 1344 1867 Christo
1375 1803 1612 1888 quiescentium
1643 1804 1794 1889 impetret
1815 1802 2050 1868 beatitudinem
2079 1805 2196 1891 sempi-

543 1920 685 1990 ternam3
711 1908 845 1996 diesque
869 1919 1007 1973 nostros.

650 2017 706 2079 ald
728 2019 981 2080 coarmrrnionenr.
1029 2014 1136 2079 Amen
1159 2013 1234 2079 dico
1257 2014 1362 2080 vobis.

651 2123 708 2186 Aul
729 2123 954 2209 complendam.
1001 2120 1167 2195 Purificet‚
1199 2144 1405 2207 quaesumus,
1437 2122 1581 2187 salvator
1610 2121 1734 2205 mundi,
1764 2122 1950 2209 pontificem
1973 2134 2118 2188 nostrum
2142 2122 2197 2188 Al-
2217 2148 2242 2187 ιι

544 2227 669 2292 drieum
702 2228 805 2292 divini
835 2228 1031 2292 sacramenti
1060 2226 1172 2292 libatio
1197 2239 1230 2292 et
1252 2227 1395 2314 gloriosa
1418 2240 1550 2293 sanctae
1575 2229 1640 2293 Dei
1670 2230 1838 2316 genitricis
1860 2229 1986 2295 Mariae
2010 2241 2107 2317 atque
2131 2253 2197 2295 orn·

543 2336 632 2406 nium
657 2345 842 2398 sanctorum
867 2336 971 2399 oratio
996 2345 1029 2398 et
1051 2336 1145 2421 gregi
1168 2332 1232 2399 sibi
1252 2337 1424 2399 commisso
1441 2359 1480 2400 ac
1496 2335 1716 2401 familiaritate
1732 2348 1765 2401 et
1780 2338 2063 2422 consanguinitate
2078 2338 2197 2402 iunctis

545 2442 575 2505 ei
599 2451 631 2506 et
655 2443 741 2505 omni
766 2440 885 2527 popnlo
902 2439 1088 2505 Christiano
1112 2441 1369 2505 misericordiam
1393 2453 1481 2506 tuam
1504 2441 1627 2529 ubique
1650 2443 1828 2529 praetende
1852 2455 1885 2508 et
1908 2441 2079 2508 animabus
2094 2444 2197 2508 famu·

542 2548 647 2612 lorum
670 2548 929 2634 famularumque
960 2560 1087 2612 tuarum
1119 2548 1262 2612 omnium
1293 2546 1356 2611 sibi
1384 2549 1629 2614 commissorum
1653 2561 1686 2613 et
1709 2551 1954 2614 commissarum
1977 2561 2075 2636 atque
2099 2573 2196 2615 cunc·

544 2666 649 2718 torum
673 2665 929 2740 cunctarumque
953 2656 986 2717 in
1011 2653 1139 2718 Christo
1165 2655 1401 2741 quiescentium
1425 2656 1650 2720 remissionem
1679 2657 1822 2720 omnium
1851 2654 1958 2720 tribue
1988 2667 2196 2743 peccatorum
2214 2681 2242 2721 ιι

544 2771 577 2824 et
599 2762 699 2825 vitam
723 2760 844 2824 habere
869 2760 1013 2825 concede
1037 2761 1278 2846 sempiternam.
1324 2761 1397 2825 Per.

650 2870 738 2932 Alia.
787 2868 1001 2953 Omnipotens
1032 2869 1228 2954 sempiterne
1259 2868 1352 2932 Deus
1384 2879 1516 2933 sanctae
1547 2868 1613 2933 Dei
1643 2870 1811 2954 genitricis
1841 2868 1966 2932 Mariae
1998 2879 2031 2933 et
2054 2872 2195 2934 omniurn

544 2986 729 3039 sanatorum
759 2985 887 3038 tuorum
917 2975 972 3060 pia
1002 2985 1035 3038 et
1064 2974 1196 3038 assidua
1225 2976 1459 3039 intercessione
1490 2975 1676 3062 pontificem
1707 2987 1853 3040 nostrum
1875 2974 2046 3040 aldricum
2074 2975 2195 3064 ubique

543 3081 797 3146 misericorditer
824 3091 959 3168 protege
991 3091 1024 3144 et
1054 3079 1096 3144 ab
1127 3080 1278 3145 omnibns
1309 3081 1564 3146 adversitatibus
1595 3083 1741 3168 corporis
1765 3093 1798 3146 et
1820 3083 1948 3147 animae
1972 3092 2029 3146 tua
2050 3084 2196 3168 potentia

544 3186 682 3252 defende
707 3188 978 3272 commissumque
1003 3185 1066 3250 sibi
1089 3209 1221 3273 gregem
1247 3200 1400 3253 cunctum
1424 3188 1467 3252 ad
1490 3188 1669 3274 regendum
1693 3189 1820 3254 custodi
1845 3198 1878 3252 et
1896 3211 2025 3253 onmem
2042 3189 2196 3276 populum
2215 3213 2242 3255 ιι

543 3292 763 3358 Christianum
795 3315 953 3358 conserva
983 3305 1080 3379 atque
1112 3293 1158 3357 illi
1189 3305 1221 3358 et
1253 3293 1402 3359 omnibus
1434 3297 1466 3358 in
1492 3293 1620 3359 Christo
1652 3294 1895 3381 quiescentibus
1919 3296 2066 3382 requiem
2089 3294 2195 3361 tribue

543 3402 783 3486 sempiternam.
829 3401 904 3464 Per.

542 3635 657 3699 Item
694 3632 791 3697 alia
824 3634 989 3712 missa,
1026 3653 1155 3717 quam
1190 3642 1346 3695 mutuo
1381 3632 1630 3718 praedicti
1665 3633 1950 3698 sacerdotes
1985 3634 2195 3697 interae

1160 3748 1358 3803 cantare
1394 3736 1580 3803 debent.

649 3864 752 3944 Deus,
784 3865 840 3950 qui
870 3863 1020 3927 karitatis
1051 3862 1137 3927 dona
1166 3885 1226 3948 per
1255 3863 1393 3948 gratiam
1417 3865 1522 3927 sancti
1546 3863 1685 3950 Spiritus
1716 3874 1845 3928 tuorum
1873 3862 2026 3928 cordibus
2050 3861 2194 3928 fidelium
2213 3887 2240 3927 ιο

543 3971 699 4052 infudisti,
732 3969 774 4034 da
803 3969 932 4034 famulis
961 3979 993 4034 et
1022 3967 1204 4033 famulabus
1235 3970 1298 4033 tuis
1322 3969 1523 4034 diversorum
1549 3968 1760 4034 cenobiorum
1784 3979 1816 4034 et
1839 3968 2004 4035 titulorum
2029 3982 2126 4056 atque
2150 3969 2194 4034 lo·

543 4101 653 4142 corum
690 4089 756 4140 tam
787 4076 991 4140 sacerdotum
1023 4086 1055 4139 et
1085 4075 1257 4140 levitarum
1289 4098 1385 4162 quam
1417 4087 1449 4140 et
1479 4076 1677 4163 reliquorum
1707 4075 1851 4140 fidelium
1884 4087 2022 4157 tuorum,
2058 4099 2193 4163 quornm

543 4207 744 4272 quarumque
768 4184 957 4247 memoriam
981 4183 1107 4268 agimus
1131 4192 1164 4246 et
1186 4204 1324 4268 quorum
1348 4205 1549 4269 quarumque
1573 4182 1623 4247 his
1647 4184 1680 4247 in
1704 4182 1805 4247 titulis
1836 4184 1958 4269 scripta
1989 4183 2195 4247 continentur

542 4290 712 4370 vocabula,
737 4289 891 4354 fratribus
915 4313 954 4353 ac
979 4287 1144 4353 sororibus
1168 4301 1201 4352 et
1224 4287 1438 4354 familiaribus
1461 4290 1591 4370 nostris,
1616 4289 1753 4353 salutem
1776 4290 1893 4353 mentis
1917 4300 1949 4353 et
1973 4290 2128 4376 corporis,
2159 4299 2195 4353 ιιι

542 4410 572 4462 te
597 4409 663 4463 tota
686 4398 806 4461 virtute
831 4396 968 4482 diligant
991 4407 1024 4460 et
1047 4419 1131 4482 quae
1156 4394 1215 4459 tibi
1239 4395 1360 4482 placita
1382 4406 1456 4460 sunt
1479 4405 1548 4460 tota
1572 4396 1745 4460 dilectione
1768 4395 1948 4483 perficiant.
1995 4396 2070 4459 Per.
2213 4424 2240 4464 ιι

399 4503 522 4553 “mur
649 4506 756 4570 Lectio
780 4505 942 4568 Hieremia
959 4503 1152 4590 prophetae:
1177 4502 1217 4567 Si
1238 4505 1421 4588 iniquitates
1445 4517 1567 4567 nostrae
1591 4503 1803 4568 contenderint
1825 4518 1933 4568 contra
1956 4527 2024 4584 nos,
2047 4502 2194 4584 Domine,

430 4557 490 4596 ι-ι.

542 4616 643 4677 libera
669 4637 733 4692 nos,
758 4636 962 4697 prenestrinus,
977 4612 1043 4698 fac
1059 4624 1194 4696 propter
1217 4633 1327 4673 nomen
1351 4623 1446 4690 taam,
1470 4612 1619 4696 quoniam
1642 4611 1758 4674 nraltae
1780 4625 1852 4674 sarit
1866 4612 2045 4674 aversiones
2060 4624 2191 4675 noemae.

538 4720 623 4808 vTibi
636 4722 849 4805 peccavimus,
880 4719 1050 4803 expectatio
1074 4716 1217 4795 Hisruel,
1241 4716 1381 4779 salrator
1404 4732 1506 4780 noster
1530 4720 1564 4781 in
1587 4731 1722 4803 tempore
1746 4717 1969 4781 tribulationis.
2022 4716 2052 4778 T
2049 4742 2070 4779 a
2092 4730 2192 4780 ιιιιιιιιι

543 4830 574 4891 in
598 4828 688 4890 *nobes
711 4851 753 4898 es,
780 4824 923 4902 Domine,
955 4839 982 4886 et
1011 4848 1120 4886 rronzen
1147 4837 1288 4886 sanctmn
1312 4837 1396 4885 turem
1420 4847 1516 4910 saper
1540 4849 1594 4887 nos
1620 4827 1795 4887 invocatum
1819 4838 1870 4888 cst.
1918 4823 1967 4887 Ne
1992 4824 2194 4918 dereiinquas

541 4959 606 5013 nos,
631 4934 756 4996 ‹lonrine
780 4932 867 4995 fleas
890 4946 1000 4994 noster.
2210 4955 2241 4995 ιι

413 5034 520 5128 ’ξ’-’ᾖξ’
648 5038 826 5103 Secundum
850 5038 1039 5101 llatlaearn.
1086 5036 1126 5100 In
1156 5034 1210 5099 illo
1242 5047 1387 5122 tempore
1411 5036 1495 5101 dixit
1517 5035 1631 5099 ihesus
1656 5036 1824 5123 discipulis
1849 5037 1932 5101 suis:
1964 5036 2061 5101 Petite
2085 5051 2113 5101 et
2134 5036 2191 5101 da·

540 5148 624 5210 ln'tar
650 5148 745 5224 coins,
770 5147 888 5229 qaeerite
912 5159 939 5207 et
962 5146 1137 5222 inuenietis,
1155 5144 1282 5228 parlante
1306 5158 1335 5208 et
1356 5146 1517 5229 aperietur
1539 5145 1635 5208 vobis.
1687 5143 1797 5207 Orrrnis
1820 5148 1914 5224 eninr,
1944 5147 2003 5230 qui
2018 5146 2109 5229 petit,
2139 5168 2189 5207 ac·

539 5256 627 5339 cipit,
659 5268 686 5317 et
716 5255 775 5337 qui
802 5254 905 5336 querit
936 5252 1053 5315 incenit
1082 5265 1110 5314 et
1126 5251 1278 5336 pulsanti
1297 5252 1465 5337 aperietur.
1513 5250 1580 5313 Aut
1602 5253 1674 5336 quia
1697 5266 1742 5316 est
1763 5275 1802 5315 ea
1825 5253 1911 5315 roba
1934 5251 2034 5328 dorne,
2064 5252 2131 5335 qui,
2159 5252 2193 5314 si

536 5362 663 5446 petierit
677 5361 773 5445 ,tilitas
787 5384 862 5421 serus
883 5383 1008 5443 panem,
1034 5358 1188 5442 rarrmqriid
1202 5357 1342 5444 lapidem
1356 5361 1500 5444 porriget
1514 5360 1547 5422 ei
1558 5372 1622 5436 oret,
1644 5361 1678 5422 si
1691 5361 1824 5445 piscem,
1848 5357 2005 5443 reamquid
2016 5371 2188 5443 serpentem

535 5469 698 5553 porrigit?
733 5465 774 5530 Si
792 5491 864 5551 erpo
891 5489 952 5532 ros.
976 5490 1044 5526 crim
1067 5466 1139 5527 sitis
1161 5465 1251 5543 mali,
1277 5467 1372 5528 nostris
1395 5466 1475 5529 dona
1500 5465 1575 5529 data
1599 5465 1676 5528 dare
1692 5466 1780 5551 filiis
1805 5467 1924 5543 vestris,
1948 5477 2063 5549 quiante
2087 5466 2188 5550 magis
2206 5489 2235 5529 ιι

535 5588 627 5658 pater
652 5588 748 5636 cester
771 5573 860 5635 <iabit
882 5573 961 5634 bona
980 5572 1219 5655 parentibusue.

647 5811 677 5860 li
697 5826 781 5874 grege
803 5811 829 5858 ι’.
903 5809 945 5857 21.
966 5809 1009 5858 ut.
1029 5809 1062 5856 35
1082 5800 1144 5869 Per]
1163 5823 1185 5855 a.
1205 5806 1221 5855 l.
1240 5810 1264 5854 6.
1338 5808 1372 5855 39
1392 5801 1431 5870 es]
1452 5811 1493 5856 est
1511 5804 1549 5856 ed.
