4884 6717
472 539 684 595 APPENDIX.
734 537 784 595 10.
815 536 1033 596 conclarum
1057 538 1329 596 FLORIACENSE
1353 541 1527 599 SPURIUM
1549 544 1587 599 Α.
1607 542 1682 599 839.
1830 537 1894 600 855

240 749 317 790 suos
340 725 425 790 illius
449 748 578 811 semper
601 726 835 790 examinationi
859 727 1025 811 expositos
1049 726 1197 808 credens,
1229 726 1315 792 hunc
1346 727 1474 810 ducem,
1504 731 1685 817 principem
1716 754 1755 794 ac
1783 753 1893 816 regem

241 832 381 897 assiduis
405 830 606 896 orationibus
630 830 693 895 sibi
717 833 891 914 asciscens,
915 832 1001 897 hunc
1025 845 1213 898 exactorem
1238 857 1373 921 operum
1390 846 1422 898 ct
1438 834 1575 900 ultorem
1592 836 1751 901 malornm
1767 837 1894 901 indubi-

240 950 347 1003 tanter
376 951 550 1003 venturum
581 961 792 1024 cognoscens,
824 938 931 1003 cordis
962 938 1171 1023 domicilium,
1203 953 1239 1005 ut
1268 942 1348 1024 eins,
1380 964 1478 1028 quam
1509 944 1665 1029 promisit,
1697 943 1894 1008 cohabitatio

241 1045 286 1109 ibi
320 1046 479 1110 inoffensa
513 1055 714 1131 permaneat,
751 1044 904 1109 odoribus
938 1067 1016 1110 vere
1052 1048 1196 1111 caritatis
1231 1048 1365 1134 repleat.
1420 1048 1486 1113 Sed
1521 1049 1633 1113 divina
1667 1052 1893 1136 praescientia,

208 1152 393 1217 sduritiam
419 1151 527 1217 cordis
550 1154 653 1215 nostri
676 1175 741 1215 non
766 1152 869 1216 solum
892 1151 1013 1234 verbis,
1038 1152 1096 1217 sed
1121 1155 1217 1218 etiarn
1242 1153 1435 1219 verberibus
1452 1155 1664 1220 inflexibilem
1682 1180 1894 1242 cognoscens,

240 1259 377 1324 multum
401 1258 495 1323 nobis
520 1260 618 1322 etiam
641 1260 674 1322 in
698 1258 759 1323 hac
783 1269 875 1346 parte
892 1259 1075 1340 consulens,
1100 1258 1250 1324 submisit
1266 1272 1407 1326 rectores
1423 1274 1456 1326 et
1471 1264 1674 1349 praepositos
1690 1287 1747 1327 sue
1765 1264 1894 1346 eclesie,

241 1368 298 1452 qui
321 1366 535 1452 fungerentur
558 1365 643 1429 illius
666 1368 750 1447 vice,
781 1367 827 1430 nd
857 1367 1027 1430 uindictam
1051 1365 1177 1430 scilicet
1201 1369 1453 1456 nralefortorum,
1482 1371 1605 1434 lotidem
1638 1395 1710 1434 uero
1734 1373 2072 1452 horrorum,r.r>en.2.1s.

241 1496 378 1560 quorum
409 1474 523 1537 timore
555 1472 597 1537 ad
621 1471 742 1536 bonnm
766 1483 959 1556 cogerentur
982 1472 1038 1554 illi,
1070 1474 1126 1559 qui
1155 1495 1216 1537 nec
1240 1497 1351 1538 aurore
1375 1497 1436 1539 nec
1460 1476 1574 1540 timore
1600 1476 1732 1540 Domini
1757 1500 1778 1541 a
1800 1478 1894 1542 malis

241 1579 498 1644 detraherentur.
534 1579 621 1643 Hinc
645 1581 679 1642 in
702 1579 823 1643 eclesia
841 1601 913 1642 esse
929 1602 1023 1665 reges
1047 1589 1080 1644 ct
1103 1579 1239 1662 iudices,
1263 1582 1334 1645 iura
1358 1592 1391 1645 et
1413 1581 1513 1667 leges,
1538 1582 1758 1670 adstipulante
1783 1583 1894 1648 divino

196 1709 223 1749 ro
240 1686 354 1767 Paulo,
379 1687 616 1772 cognoscimus,
641 1686 697 1772 qui
722 1687 784 1750 ait:
808 1686 978 1772 Principes
1001 1712 1061 1751 nou
1084 1702 1157 1752 sunt
1179 1690 1290 1753 timori
1310 1692 1387 1753 honi
1408 1693 1524 1776 operes,
1547 1692 1604 1756 sed
1626 1694 1714 1756 tiroli.
1918 1718 2054 1766 nomiae.

348 1810 402 1874 Ex
426 1808 543 1896 quibus
566 1811 685 1874 nostris
709 1807 909 1895 temporibus
932 1809 1022 1873 velut
1045 1809 1162 1875 lucifer
1177 1813 1263 1875 inter
1278 1823 1366 1876 astra
1381 1814 1513 1877 emersit
1528 1837 1587 1877 rex
1604 1814 1802 1896 Lndovicns,
1828 1817 1894 1901 qni,

240 1928 397 2004 quantum
421 1918 567 2003 potentia
589 1916 720 1981 videtur
742 1915 953 2003 praecellere,
981 1925 1104 1980 tantum
1128 1940 1203 1981 suos
1228 1919 1315 1982 omni
1339 1917 1483 1983 bonitate
1508 1921 1620 1984 nititur
1642 1923 1787 2006 praeire3
1819 1946 1894 1986 narn

241 2023 401 2088 catholica
423 2024 581 2110 religione
606 2023 852 2110 diligentissime
876 2022 1028 2102 imbutus,
1057 2025 1176 2089 virtute
1200 2026 1407 2111 conspicuus,
1439 2027 1574 2092 caritme
1598 2027 1799 2113 splendidus,
1828 2031 1894 2115 pie·

240 2132 298 2195 tati
330 2130 469 2210 deditus,
500 2132 592 2216 pacis
623 2142 656 2195 et
685 2131 832 2195 veritatis
863 2141 998 2212 amator,
1030 2133 1110 2195 recti
1141 2144 1306 2212 executor,
1338 2131 1442 2217 gloria
1474 2133 1683 2215 eclesiarum,
1717 2136 1895 2201 consolatio

87 2231 97 2252 '
196 2259 222 2299 u
240 2237 495 2323 profligatorum,
526 2236 596 2300 lans
626 2236 795 2318 bonorum,
826 2238 989 2323 pernicies
1019 2237 1188 2318 malorum,
1220 2238 1316 2303 factis
1347 2239 1488 2325 complet
1517 2239 1596 2304 illud
1621 2240 1804 2306 Salomonis
1828 2243 1894 2307 dic·

239 2355 362 2408 torum:
393 2345 473 2424 Ber,
503 2347 562 2430 qui
588 2345 673 2408 sedet
695 2347 729 2408 in
751 2346 832 2408 solio
858 2345 985 2424 iudicii,
1016 2348 1130 2410 c'rrtm'tu
1159 2370 1215 2408 suo
1247 2346 1386 2433 dissipat
1408 2371 1496 2411 omrre
1518 2350 1647 2412 multem.
1695 2348 1782 2412 Hinc
1807 2372 1894 2434 crgo,
1914 2373 2054 2424 Proreus,

240 2452 410 2530 carissimi,
434 2451 509 2514 hinc
533 2473 592 2514 nos
617 2462 744 2536 oportet
766 2450 921 2536 gaudere,
946 2450 1023 2515 hinc
1046 2473 1171 2516 summo
1195 2453 1266 2537 regi
1289 2475 1402 2537 regum
1421 2453 1549 2518 Christo
1567 2453 1680 2518 sedulo
1704 2455 1894 2541 tripudiare,

240 2558 297 2643 qui
320 2567 444 2621 tantum
468 2556 584 2621 ducem
610 2556 746 2621 contulit
769 2570 878 2621 nostre
909 2558 1023 2643 patrie,
1055 2558 1147 2622 cuius
1178 2558 1316 2644 provida
1346 2560 1568 2625 moderatione
1593 2559 1779 2625 Christiana
1802 2561 1894 2648 plebs

239 2663 366 2727 fructur
388 2662 541 2728 diuturna
564 2686 657 2748 pace,
688 2665 780 2727 cuius
804 2664 942 2744 animus,
974 2686 1047 2728 cum
1078 2687 1137 2750 per
1167 2688 1262 2729 omne
1293 2665 1412 2730 bonnm
1438 2667 1587 2748 excellat,
1617 2667 1679 2731 hoc
1698 2691 1777 2732 vero
1801 2672 1894 2755 qnasi

193 2793 221 2832 so
240 2769 404 2855 singulare
420 2783 518 2852 amat,
542 2771 667 2835 scilicet
683 2772 880 2835 monasteria
895 2781 1094 2852 construere,
1113 2783 1298 2837 constructa
1313 2775 1458 2856 visitare,
1474 2773 1666 2858 religionem
1683 2777 1894 2840 monasticam

239 2876 423 2963 approbare
458 2889 491 2942 et
525 2877 706 2963 privilegiis
740 2899 819 2941 snae
854 2879 1055 2942 auctoritatis
1090 2878 1257 2945 decorare.
1311 2879 1443 2945 ltlultisl
1479 2903 1557 2944 sane
1591 2883 1797 2946 monasteriis
1832 2882 1895 2947 hoc

239 2985 391 3049 affectum
408 3007 465 3049 sue
482 2983 665 3048 dilectionis
683 2983 840 3064 exhibuit,
864 2985 1043 3070 impensius
1066 2995 1175 3048 tamen
1191 2984 1409 3050 Maseiacensi
1426 2986 1596 3066 ccclesiae,
1620 3010 1705 3074 quae
1730 2989 1894 3074 quondam

239 3114 260 3156 a
283 3089 400 3156 Carolo
425 3091 546 3177 Magno
576 3092 610 3155 in
640 3092 802 3155 territorio
827 3091 975 3176 lliturige
999 3090 1089 3156 urbis
1119 3092 1255 3156 hrndata
1287 3103 1319 3156 et
1342 3117 1361 3156 a
1385 3093 1503 3157 ancis
1533 3093 1618 3158 hanc
1646 3095 1814 3180 regionem
1838 3096 1893 3160 de-

238 3197 442 3262 vastantibus
459 3198 502 3262 ad
518 3197 623 3262 solum
638 3197 783 3278 redacta,
805 3209 919 3283 postea
935 3221 1013 3262 vero
1030 3221 1050 3262 a
1065 3198 1190 3284 Egone,
1208 3198 1387 3264 clarissimo
1404 3199 1487 3264 duce
1504 3200 1754 3286 Aquitanorum,
1772 3204 1893 3290 optime

193 3325 221 3366 ss
239 3315 419 3369 restaurata
449 3317 482 3369 et
511 3305 544 3369 in
569 3304 689 3368 honore
714 3305 818 3368 sancti
842 3304 974 3368 Martini
999 3317 1189 3370 consecrate
1219 3306 1451 3393 immensisque
1482 3307 1625 3393 praediis
1653 3307 1695 3372 ab
1720 3332 1758 3372 ee
1783 3309 1894 3373 dotata

239 3423 282 3494 et,
311 3434 353 3476 ne
384 3411 502 3499 aliquis
532 3411 716 3476 mortalium
747 3434 789 3476 ex
819 3413 886 3476 suis
917 3410 981 3475 sibi
1004 3411 1129 3498 aliquid
1151 3424 1333 3500 usurparet,
1365 3415 1454 3499 regie
1478 3415 1607 3478 tuitioni
1632 3413 1673 3478 ab
1698 3415 1813 3480 codem
1837 3416 1892 3480 ad·

238 3518 327 3584 dicta
349 3567 491 3584 .....
537 3519 634 3583 Hanc
663 3541 742 3582 uero
773 3518 913 3605 quadam
938 3520 1148 3605 prerogativa
1171 3521 1307 3584 caritate
1331 3519 1486 3602 excoluit,
1518 3521 1593 3585 huic
1624 3521 1775 3586 affectum
1800 3545 1892 3587 suum

238 3625 322 3690 adeo
346 3625 489 3706 indulsit,
519 3637 642 3691 utnon
667 3626 770 3690 solum
793 3625 1011 3712 privilegium,
1041 3636 1077 3691 ut
1099 3627 1349 3713 predecessores
1373 3628 1443 3692 eius
1466 3627 1623 3710 fecerant,
1656 3651 1713 3715 pro
1745 3628 1892 3694 nobilita·

239 3733 325 3797 tione
357 3743 390 3797 et
419 3731 568 3797 libertate
598 3732 684 3797 illius
715 3731 854 3797 eclesiae
884 3732 954 3796 fieri
986 3731 1122 3814 iuberet,
1154 3732 1213 3797 sed
1244 3734 1342 3798 etiam
1373 3733 1452 3798 illud
1482 3733 1689 3821 privilegium
1714 3735 1892 3821 apostolice

193 3857 222 3899 so
239 3838 430 3904 sublimitati
460 3862 520 3926 per
548 3861 611 3920 me,
655 3840 712 3926 qui
742 3851 810 3904 tum
840 3838 923 3903 forte
954 3840 1090 3903 Romam
1120 3839 1309 3926 pergebam,
1344 3842 1501 3923 mitteret,
1537 3864 1601 3927 qno
1632 3851 1665 3905 et
1695 3842 1893 3927 apostolicus

239 3946 391 4011 allectum
423 3947 579 4033 principis
611 3947 699 4010 circa
729 3947 835 4031 ipsum
865 3945 972 4010 locum
1004 3957 1216 4031 cognosceret
1250 3959 1292 4028 et,
1328 3970 1421 4013 suam
1451 3949 1677 4012 auctoritatem
1708 3950 1892 4013 auctoritati

238 4054 349 4138 rogiae
374 4053 554 4135 conferens,
586 4054 691 4138 ipsum
722 4052 827 4117 locum
851 4055 956 4138 magis
980 4075 1019 4117 ac
1042 4054 1147 4139 magis
1170 4052 1366 4118 nobilitaret.
1413 4054 1552 4140 Accepit
1575 4056 1674 4140 igitur
1702 4078 1722 4118 a
1746 4077 1797 4119 me
1822 4055 1892 4120 Ste-

238 4159 365 4245 phanus
388 4183 475 4247 papa
497 4160 687 4225 mandatum
710 4161 797 4246 regis
822 4171 864 4242 et,
894 4159 1074 4244 gratulatus
1098 4159 1272 4224 admodum
1297 4161 1366 4224 eins
1390 4159 1527 4226 bonitati
1551 4173 1584 4225 et
1607 4160 1694 4244 fidei,
1726 4162 1893 4248 rescripsit

238 4267 268 4330 ei
293 4267 327 4330 in
350 4266 400 4331 his
423 4266 550 4331 verbis:

192 4551 220 4591 tt
345 4533 529 4603 2ssciscens]
549 4541 680 4590 assistens
700 4537 730 4589 P.
790 4534 1176 4604 3promisit1scil.(Ilrristsu.
1231 4533 1399 4601 territatio]
1418 4538 1516 4588 charit·
1537 4539 1679 4604 Paruum.
1735 4539 1841 4605 replens
1861 4539 1890 4589 P.

237 4624 406 4693 lisubrnisit]
430 4629 570 4679 substituit
584 4628 694 4693 fortune
711 4628 884 4692 commendans
903 4635 945 4677 est.
1037 4629 1192 4694 propositos
1213 4627 1243 4677 Ρ.
1335 4623 1494 4693 liquorum]
1513 4629 1564 4678 scil.
1584 4637 1705 4677 rectorum
1724 4637 1747 4678 ct
1762 4629 1890 4693 prroeposi·

236 4724 326 4768 mna.
388 4712 529 4781 ildirino]
548 4718 658 4768 domino
679 4717 709 4776 P,
727 4717 770 4766 sed
787 4717 822 4781 ef.
840 4733 919 4781 supro
935 4721 1027 4781 psat
1047 4717 1120 4767 ΗΧ.
1184 4719 1216 4766 10
1236 4717 1341 4766 timoris
1362 4716 1391 4766 P.
1454 4719 1484 4766 15
1504 4717 1641 4782 complens
1663 4717 1691 4766 P.
1756 4719 1786 4768 l'l
1807 4719 1890 4768 caris·

236 4801 308 4869 simi]
327 4806 440 4857 char-iss·
461 4806 487 4856 P
502 4822 604 4872 scarpo.
676 4812 803 4872 opportet
822 4805 853 4855 P.
927 4807 959 4855 19
978 4805 1113 4856 imeretur
1132 4804 1162 4854 Ρ.
1236 4821 1284 4871 per
1301 4805 1368 4855 deest
1387 4805 1418 4856 P.
1488 4807 1519 4856 21
1540 4801 1720 4869 auctoritatis]
1740 4806 1848 4856 author·
1869 4806 1894 4857 1'

235 4911 338 4960 semper.
394 4897 427 4946 22
447 4896 627 4946 Maciacensis
647 4895 677 4945 Ρ.
733 4897 767 4945 23
787 4896 867 4944 Turis
887 4894 917 4944 P.
973 4895 1007 4944 26
1026 4890 1210 4957 addicta...]
1230 4894 1341 4944 abdicta
1355 4894 1385 4956 P,
1404 4895 1440 4944 ito
1457 4893 1837 4960 utsortosseestaupplcndum
1850 4896 1889 4945 sit.

191 4995 219 5035 ιο
237 4985 271 5034 32
290 4984 411 5050 Accepto
432 4984 462 5034 P.
536 4987 569 5034 33
590 4985 661 5050 regia
681 4979 717 5048 et]
737 4985 809 5049 regis
833 4983 860 5034 P.
933 4987 966 5032 34
986 4983 1038 5032 hiis
1054 4983 1083 5033 P.

346 5237 375 5306 1)
409 5234 456 5309 Cf.
485 5238 606 5294 urmales
630 5236 840 5294 diasciocmses
869 5237 911 5293 ad
931 5256 959 5293 α.
984 5240 1071 5295 732.;
1102 5236 1222 5291 Karolus
1254 5230 1360 5311 (idest
1384 5236 1510 5292 Karalus
1535 5235 1695 5304 Murtellus,
1726 5256 1805 5311 quern
1830 5256 1889 5292 ciera

236 5352 335 5419 remote
352 5344 463 5402 Karolo
481 5343 591 5421 Magno
614 5343 746 5416 rorrfurdt
761 5338 921 5418 falsarius)
946 5351 1044 5399 contra
1059 5343 1228 5399 Sarracenos
1244 5344 1380 5416 pugnavit
1400 5344 1538 5412 Pictoris,
1563 5345 1606 5400 ud
1618 5364 1647 5400 u.
1666 5345 1685 5401 7
1686 5346 1754 5402 38:
1779 5344 1889 5399 initiam

236 5452 398 5508 monasterii
414 5452 623 5518 Masciacensis,
647 5452 684 5507 ab
703 5452 801 5523 Egone
827 5451 945 5520 comite,
974 5451 1017 5507 ad
1036 5471 1064 5507 u.
1081 5453 1169 5509 sla:
1193 5451 1340 5505 Adventus
1363 5450 1558 5506 monachorum
1583 5452 1611 5506 in
1636 5451 1776 5505 Masciaco
1800 5445 1889 5524 (ΜΟ.

237 5556 291 5614 SS.
315 5552 473 5633 111,169).
519 5556 554 5614 Io
577 5557 636 5614 vito
659 5556 825 5614 Hludowici
847 5555 895 5613 Pii
922 5566 1104 5614 coarteretur
1137 5556 1333 5613 Musciaceose
1363 5556 1560 5612 irrouoateriuur
1592 5557 1665 5614 iuter
1694 5557 1743 5613 illa
1774 5556 1810 5614 ab
1840 5557 1891 5612 doc

189 5678 217 5719 ss
237 5662 408 5739 inmoeaton
430 5675 571 5737 reparata,
603 5666 685 5719 immo
708 5683 725 5720 a
747 5664 939 5720 fundamentis
963 5664 1115 5720 aedificata
1138 5658 1249 5738 (c.19,·
1279 5663 1314 5719 ib.
1339 5662 1378 5732 II,
1396 5658 1478 5736 616).
1526 5663 1707 5739 Priuilepium
1739 5663 1802 5720 haic
1825 5683 1889 5720 cou-

236 5789 340 5827 ccssum
369 5769 406 5828 od
429 5771 606 5841 Hludowiro,
637 5771 734 5846 quoad
758 5769 891 5840 uidemus,
921 5789 978 5827 nou
1009 5778 1117 5840 exstat,
1152 5770 1193 5842 cf.
1218 5789 1291 5845 queue
1320 5769 1497 5844 exposuimus
1521 5769 1624 5826 ‘Neues
1647 5770 1765 5827 Arrhiu’
1791 5769 1889 5840 XXX,

237 5879 350 5952 395sq.
