4884 6717
740 565 792 621 50.
829 565 1047 622 CONCILIUM
1071 565 1299 624 PARISIENSE
1323 568 1361 624 A.
1382 566 1456 623 829.
1862 564 1925 626 667

269 760 444 819 inluuiem-um
471 781 594 830 suoruru,
625 761 667 817 od
695 781 779 837 qnam
810 762 916 837 captiui
944 761 1020 818 ducti
1049 770 1122 831 sunt,
1151 770 1178 817 et
1200 762 1347 819 aaudiat
1369 771 1394 819 te
1417 771 1517 819 contra
1540 763 1614 820 viam
1639 772 1713 820 terre
1735 783 1813 834 suae,
1842 783 1926 840 quam

269 867 370 924 dedisti
386 867 519 943 patribus
542 887 646 937 coruos,
671 876 698 925 et
720 868 848 936 ciuitatis,
872 888 956 943 quam
982 868 1094 944 slsps'sti,
1119 876 1145 924 st
1167 868 1271 943 templi,
1302 871 1378 945 quod
1399 869 1465 926 aedi
1487 869 1551 926 cari
1572 869 1680 926 noruini
1705 879 1760 940 tuo,
1792 871 1927 928 enamlics

268 974 298 1030 in
321 975 408 1042 coelo,
439 974 469 1031 ia
491 974 676 1051 firmamento
702 974 767 1032 solii
794 975 835 1031 tui
856 974 1010 1032 motionem
1039 993 1133 1031 eorum
1165 984 1191 1031 et
1214 993 1318 1050 preces
1348 984 1374 1033 et
1396 975 1496 1047 facies
1524 976 1654 1033 indicium
1686 996 1789 1034 eorunm
1835 980 1873 1033 Et
1896 979 1926 1033 in

267 1082 340 1137 libro
364 1082 526 1137 Danihelis:
560 1079 647 1144 Quod
674 1100 734 1137 cum
759 1081 888 1138 Danihel
909 1082 1095 1156 comperisset,
1124 1081 1156 1138 id
1184 1089 1225 1138 cst
1253 1081 1428 1139 constitutam
1459 1084 1554 1158 legem,
1586 1083 1730 1159 inpransus
1753 1092 1794 1140 est
1815 1085 1925 1141 domum
1945 1102 2074 1152 canuno.

232 1204 347 1244 aarum
372 1196 398 1243 et
414 1187 555 1259 fenestris
584 1187 692 1262 apertis
722 1188 751 1243 ia
780 1189 932 1244 cassiaculo
961 1207 1011 1244 suo
1035 1196 1134 1244 contra
1157 1187 1339 1244 Hierusalem
1362 1188 1450 1245 tribus
1479 1189 1647 1264 tcnsporibsu
1676 1189 1705 1246 in
1733 1190 1778 1246 die
1794 1190 1927 1266 flectebat

266 1313 360 1370 penno
382 1314 436 1350 sua
460 1302 487 1351 st
507 1294 650 1350 adorabat
672 1294 909 1372 confitebant-qne
932 1313 1027 1350 coram
1045 1293 1108 1350 Deo
1123 1314 1182 1363 suo,
1206 1293 1278 1350 sicut
1293 1302 1319 1350 ct
1332 1302 1399 1351 anm
1415 1297 1523 1367 facere
1539 1305 1730 1353 concreverat.
1767 1298 1922 1368 Apostolus

269 1419 380 1472 quoque
405 1402 459 1456 ait:
484 1401 551 1457 Volo
574 1401 659 1477 igituir
682 1401 758 1458 uiros
780 1420 867 1457 orare
889 1400 917 1456 in
942 1400 1018 1456 onsni
1039 1401 1108 1469 loco,
1127 1419 1222 1475 puras
1245 1401 1369 1458 levantes
1392 1421 1502 1470 manus,
1519 1401 1580 1459 siue
1602 1401 1649 1469 irc
1674 1411 1699 1459 et
1714 1403 1922 1478 disceptatione.
1943 1422 2085 1473 isumus.

269 1508 449 1562 Hieronimus
471 1510 508 1563 ad
531 1508 729 1563 Eustochium:
755 1503 967 1579 Egredientes¹
990 1507 1142 1579 hospitium
1165 1514 1255 1562 armet
1279 1509 1379 1576 oratio,
1404 1509 1631 1581 regredientibus
1655 1511 1691 1564 de
1716 1510 1814 1581 platea
1833 1512 1923 1586 oratio

269 1622 397 1669 occurrat
427 1622 495 1670 ante
520 1633 603 1686 quam
627 1616 725 1681 sessio,
756 1634 793 1670 nc
822 1615 900 1685 prius
930 1614 1123 1685 corpusculum
1147 1614 1319 1685 requiescat,
1352 1632 1436 1686 quam
1464 1617 1556 1670 anima
1579 1616 1667 1671 verbo
1692 1617 1747 1672 Dei
1772 1626 1922 1689 pascatnr3

225 1739 251 1776 ro
269 1722 305 1774 ud
329 1739 439 1776 omnem
462 1729 564 1787 actum,
589 1722 625 1776 ad
649 1738 759 1777 omnem
783 1722 922 1776 incessum
945 1738 1043 1775 manus
1067 1721 1165 1792 pingat
1189 1739 1310 1776 enicem.

332 1837 556 1923 Explicit
591 1835 719 1901 liber
754 1836 1015 1916 secundus3
1050 1836 1234 1921 incipit
1265 1836 1483 1922 epistola
1518 1838 1866 1924 episcoporum.

376 1978 526 2043 Dominis
549 1979 836 2065 praestantissimis
860 1989 893 2042 et
915 1979 1045 2064 pietatis
1070 1979 1175 2063 gratia
1198 1977 1334 2064 preditis
1350 1977 1545 2044 Hludowico
1571 1990 1602 2043 ct
1622 1979 1793 2045 Hlotbario
1817 1980 1923 2045 ortho-

377 2191 466 2255 Noas
488 2191 601 2256 famuli
631 2192 731 2255 vestri
763 2193 912 2277 quamvis
943 2191 1079 2277 indigni,
1111 2202 1220 2255 tamen
1245 2192 1401 2278 episcopi,
1433 2192 1507 2256 Deo
1531 2192 1697 2256 humiliter
1719 2205 1828 2279 grates
1851 2216 1923 2280 per·

228 2326 251 2365 rs
271 2297 426 2362 solvimus
450 2299 585 2385 eiusque
609 2300 789 2361 inmensam
813 2299 969 2383 pietatem
993 2309 1025 2362 et
1048 2296 1283 2383 benignitatem
1308 2297 1541 2363 conlaudamus
1566 2311 1598 2362 et
1621 2298 1839 2386 predicamus,
1868 2301 1924 2386 qui

269 2427 328 2468 vos
352 2404 434 2468 adeo
465 2406 498 2467 in
531 2406 580 2468 sui
604 2427 747 2468 amorem
778 2404 1004 2469 devotissimos
1035 2403 1173 2468 famulos
1197 2427 1273 2468 suos
1296 2404 1436 2490 flagrare
1459 2404 1547 2488 facit,
1578 2417 1613 2469 ut
1644 2406 1685 2470 de
1716 2407 1863 2491 profectu
1891 2419 1924 2470 et

270 2510 468 2575 exaltatione
499 2523 633 2575 sanctae
664 2533 742 2574 suae
767 2510 927 2575 ecclesiae
951 2510 1174 2575 indesinenter
1198 2512 1347 2596 cogitetis
1372 2534 1510 2598 eamque
1533 2523 1645 2598 utpote
1668 2525 1804 2578 matrem
1829 2514 1923 2599 spiri-

270 2617 365 2681 talem
400 2619 483 2682 sicut
513 2617 625 2682 fideles
657 2629 689 2681 et
719 2617 828 2682 dilecti
860 2616 1022 2704 spiritales
1052 2617 1111 2681 filii
1142 2616 1184 2681 ad
1214 2617 1350 2682 meliora
1381 2629 1413 2683 et
1440 2619 1567 2704 potiora
1590 2641 1719 2706 semper
1742 2619 1923 2706 provehere

270 2724 436 2788 studeatis.
483 2724 567 2789 Nam
592 2748 665 2790 cum
689 2747 801 2788 mucro
825 2724 955 2789 divinus
983 2725 1154 2811 imperium
1178 2722 1272 2789 vobis
1297 2724 1452 2789 divinitus
1476 2727 1685 2790 commissum
1708 2728 1842 2791 interius
1866 2749 1922 2790 ex·

224 2833 434 2918 asteriusque
458 2833 573 2895 merito
597 2843 726 2896 nostrae
751 2832 931 2918 iniquitatis
955 2830 1139 2896 multifariis
1163 2831 1326 2896 adtereret
1342 2830 1501 2914 cladibus,
1525 2833 1703 2919 prudenter
1719 2834 1923 2898 animadver-

271 2950 384 3018 tentes,
409 2937 497 3025 quod
520 2938 602 3002 baec
626 2939 755 3003 nonnisi
779 2939 862 3002 iusto
886 2938 1006 3003 iudicio
1023 2938 1088 3002 Dei
1108 2939 1288 3018 evenirent,
1312 2938 1387 3002 ilico
1411 2940 1563 3025 seriptis³
1586 2941 1768 3004 serenitatis
1792 2952 1922 3004 vestrae

271 3067 355 3108 anno
380 3047 555 3131 praeterito
580 3057 713 3110 cunctos
738 3044 951 3109 ecclesiarum
975 3056 1122 3132 pastores
1145 3043 1370 3126 admonuistis,
1401 3055 1446 3128 ut,
1475 3047 1553 3132 quia
1577 3044 1748 3110 constabat
1771 3069 1827 3110 eos
1851 3069 1922 3133 spe·

272 3151 430 3216 eulatores
454 3151 587 3216 Domini
612 3153 752 3216 existere
777 3163 810 3216 et
832 3151 978 3237 gladium
1002 3151 1148 3216 divinum
1173 3174 1272 3237 super
1301 3162 1431 3233 terram,
1462 3151 1497 3216 id
1527 3164 1577 3216 est
1606 3175 1704 3240 super
1733 3165 1922 3240 peccatores
1941 3155 2063 3260 083,ξῖιί

271 3259 403 3322 Domini
429 3261 578 3340 crassari,
602 3259 808 3323 meminerint
831 3257 1062 3345 speculationis
1086 3281 1163 3322 suae
1188 3269 1221 3322 et
1245 3259 1365 3323 ieiunio
1388 3257 1540 3323 triduano
1564 3258 1606 3323 ab
1623 3259 1772 3324 omnibus
1788 3283 1923 3347 genera-

225 3394 252 3433 ss
271 3365 344 3429 liter
367 3377 498 3452 peracto
523 3367 745 3452 unusquisque
769 3366 802 3429 in
827 3364 973 3451 quolibet
996 3365 1109 3430 ordine
1133 3366 1258 3451 positus
1282 3364 1455 3450 diligenter
1478 3367 1712 3430 conscientiam
1736 3389 1827 3431 suam
1848 3389 1922 3431 con·

271 3473 397 3536 veniret
420 3482 462 3553 et,
488 3470 543 3537 ubi
560 3495 594 3536 se
611 3472 719 3536 Deum
737 3471 910 3536 offendisse
928 3470 1157 3558 cognoscebat,
1181 3482 1341 3537 maturato
1358 3494 1417 3559 per
1432 3473 1651 3557 paenitentiae
1668 3473 1923 3539 satisfactionem

271 3581 435 3664 corrigere
465 3603 530 3644 non
555 3579 708 3644 differret.
755 3579 794 3642 In
818 3578 936 3665 quibus
960 3580 1057 3642 etiam
1082 3576 1231 3664 apicibus
1255 3580 1399 3642 inserere
1423 3576 1518 3643 vobis
1541 3578 1673 3665 placuit,
1704 3591 1749 3662 ut,
1779 3581 1805 3644 si
1830 3581 1923 3645 Deus

271 3708 386 3772 pacem
409 3686 554 3772 undique
578 3697 611 3750 et
633 3687 733 3750 otium
757 3683 850 3749 vobis
874 3684 1041 3767 tribueret,
1065 3686 1099 3749 in
1123 3684 1184 3749 hoc
1208 3684 1363 3771 placitum
1387 3699 1530 3750 vestrum
1554 3686 1707 3772 generale
1731 3709 1923 3752 consumere

271 3793 465 3873 voluissetis,
491 3803 525 3856 ut
548 3793 687 3878 primum
713 3790 867 3878 quicquid
893 3793 925 3856 in
950 3790 1054 3873 vobis,
1079 3791 1112 3855 id
1136 3793 1242 3856 estin
1266 3815 1406 3878 persona
1429 3803 1462 3856 et
1485 3794 1663 3858 ministerio
1680 3805 1800 3874 vestro,
1825 3795 1923 3859 corri-

226 3929 254 3967 so
271 3899 413 3985 gendum
444 3900 644 3963 inveniretur
667 3898 809 3962 Domino
840 3897 1019 3962 auxiliante
1050 3899 1267 3983 corrigeretis,
1303 3898 1421 3963 deinde
1455 3921 1679 3986 quaecumque
1710 3901 1743 3964 in
1774 3899 1924 3965 omnibus

272 4004 440 4070 ordinibus
463 4006 591 4092 imperii
614 4006 715 4069 vestri
731 4005 803 4069 Deo
821 4004 1032 4092 displicerent
1047 4005 1254 4091 inquireretis
1275 4017 1307 4070 et
1330 4004 1509 4070 secundum
1533 4007 1602 4070 eius
1625 4006 1825 4072 voluntatem
1849 4031 1922 4073 cum

273 4135 432 4177 consensu
455 4111 601 4176 fidelium
625 4121 806 4176 vestrorum
830 4111 872 4175 ad
896 4113 1058 4176 tramitem
1074 4111 1277 4176 rectitudinis
1294 4114 1504 4193 revocaretis,
1528 4112 1652 4177 scilicet
1673 4123 1708 4177 ut
1732 4135 1806 4178 eum
1829 4112 1924 4178 vobis

272 4218 457 4305 populoque
480 4218 574 4282 vobis
599 4219 770 4283 commisso
794 4219 970 4304 propitium
994 4217 1155 4283 faceretis.
1192 4217 1260 4283 Sed
1282 4219 1360 4304 quia
1383 4230 1510 4304 tempus
1527 4229 1682 4305 optatum,
1708 4218 1924 4285 exterioribus

272 4324 513 4389 incursionibus
543 4323 841 4411 praepedientibus,
873 4323 1051 4388 secundum
1084 4323 1283 4389 desiderium
1314 4335 1459 4389 vestrum
1489 4326 1576 4390 nacti
1609 4348 1674 4389 non
1707 4328 1794 4408 estis,
1830 4327 1926 4393 libuit

228 4460 256 4500 as
273 4433 439 4496 serenitati
469 4442 598 4496 vestrae
629 4454 704 4497 cum
735 4430 939 4516 quibusdam,
961 4428 1112 4495 fidelibus
1136 4431 1253 4494 vestris
1284 4431 1461 4516 praeterita
1490 4430 1595 4495 hieme
1624 4432 1778 4518 placitum
1803 4432 1924 4498 habere

273 4539 369 4603 etde
393 4539 454 4622 his,
485 4561 570 4625 quae
593 4539 773 4625 praemissa
801 4548 885 4619 sunt,
917 4536 1091 4622 diligenter
1113 4548 1254 4601 tractare
1278 4536 1409 4623 Deique
1433 4536 1631 4602 voluntatem
1655 4562 1792 4626 querere
1816 4553 1848 4603 et
1872 4562 1924 4604 ec·

273 4645 392 4710 clesiae
417 4645 511 4711 vobis
536 4647 707 4711 commisse
730 4644 901 4709 utilitatem
926 4643 1110 4731 providere.
1148 4643 1355 4730 Quapropter
1379 4642 1419 4707 de
1444 4642 1603 4726 omnibus,
1628 4667 1713 4730 quae
1736 4646 1777 4710 ad
1797 4657 1925 4732 tempus

273 4753 500 4818 emendatione
532 4752 630 4838 digna
661 4754 732 4816 visa
762 4763 846 4832 sunt,
878 4774 1023 4837 congrua
1053 4749 1194 4837 capitula
1225 4753 1382 4816 serenitas
1411 4764 1522 4818 vestra
1551 4753 1707 4840 digessit⁴
1734 4754 1925 4840 legatosque

273 4870 421 4924 strenuos
445 4858 640 4945 delegavit⁵,
671 4871 707 4924 ut
737 4881 796 4944 per
819 4858 934 4922 eadem
958 4856 1102 4944 capitula
1132 4867 1165 4921 et
1193 4856 1318 4944 flagitia
1347 4859 1504 4924 malorum
1528 4859 1693 4925 hominum
1717 4861 1869 4946 punirent
1892 4871 1926 4924 et

227 5073 255 5110 so
380 5060 457 5110 xm.
486 5060 679 5110 ‘tuenditicavi
700 5058 729 5109 P.
804 5061 952 5126 3praeces
972 5058 999 5107 V.
1072 5061 1242 5126 despiciunt
1263 5062 1292 5112 P.
1367 5061 1533 5125 romagnat
1553 5061 1582 5110 P.

383 5151 415 5200 1⁸2
441 5149 552 5214 pietatis
572 5148 599 5201 l'.
690 5149 821 5198 Lotbario
844 5145 872 5198 P.
901 5225 903 5230 Α
964 5149 998 5197 26
1024 5149 1190 5213 penitentiae
1211 5147 1237 5197 l7.
1258 5147 1288 5198 Ρ.
1380 5150 1414 5198 28
1441 5166 1628 5200 consummare
1648 5150 1676 5199 l'.
1696 5150 1727 5200 P.
1817 5153 1848 5200 31
1870 5151 1926 5200 dis-

274 5236 388 5304 pliceret
409 5238 434 5287 Γ.

384 5402 412 5470 l)
449 5399 540 5457 Verba
570 5402 762 5473 Egredientes
784 5429 827 5440 -
848 5420 959 5456 enicem
993 5394 1026 5472 (l.
1053 5395 1102 5474 10)
1137 5399 1318 5457 inveniuntur
1352 5402 1433 5476 apud
1465 5401 1684 5474 Hieronymum,
1722 5402 1852 5478 Epistola
1887 5405 1930 5461 ad

277 5507 456 5565 Eustochium
464 5528 474 5576 ,·
506 5505 579 5582 Opp.
605 5505 629 5576 I,
650 5511 717 5566 119.
817 5506 847 5570 2)
873 5505 921 5579 Os.
947 5507 1046 5562 rslatio
1070 5505 1263 5581 episcoporum
1287 5511 1349 5567 829
1367 5509 1482 5582 praef,
1513 5529 1571 5584 qrto
1594 5518 1723 5566 auctores
1745 5511 1928 5585 alloquuntur

227 5641 257 5680 ω
275 5613 474 5672 ΗΙιιιΙοιι·ἰαιηι
498 5615 603 5680 soluru,·
629 5611 701 5671 MG.
729 5613 821 5688 Capit.
847 5613 890 5682 Il,
915 5616 958 5672 27
968 5633 1010 5689 sq.
1104 5611 1135 5680 3)
1161 5611 1245 5675 Quae
1267 5632 1324 5670 non
1348 5613 1403 5670 iani
1428 5623 1557 5684 exstant5
1584 5615 1636 5672 sed
1657 5615 1698 5687 cf.
1723 5616 1928 5674 constitrdiones

274 5720 434 5795 imperiales
463 5720 535 5777 anni
557 5724 648 5790 8284
679 5740 768 5796 supra
795 5740 827 5795 p.
852 5724 914 5778 596
931 5740 993 5796 sqq.
1097 5719 1127 5786 4)
1153 5717 1202 5790 Cf.
1228 5719 1395 5776 illudowici
1423 5720 1548 5796 capitula
1573 5723 1607 5778 ds
1636 5721 1727 5779 missis
1757 5722 1928 5780 instruendis

274 5830 337 5887 829
356 5827 394 5883 in.
426 5835 452 5883 et
481 5827 600 5885 eiusdem
632 5827 790 5901 capitulare
824 5827 968 5882 ›tiissmam
1000 5825 1139 5894 8292'12.;
1177 5824 1249 5882 MG.
1283 5824 1376 5901 Capit.
1401 5826 1445 5896 ll,
1471 5830 1565 5903 7sqq.
1596 5832 1674 5903 9sq.
1706 5825 1928 5902 (illtilllrucler²

275 5955 303 5990 n.
324 5938 395 5994 862.
421 5928 506 6008 863).
599 5934 629 5990 δ’)
652 5934 684 5991 V.
708 5953 798 6009 supra
816 5953 849 6008 p.
870 5936 932 5991 597
950 5934 968 5988 l.
987 5936 1026 5991 16
1036 5952 1097 6008 sqq.

1661 6048 1713 6106 st*
