4884 6717
682 539 734 596 56.
771 539 988 597 conatuum
1013 539 1343 605 AQIISGRANENSE
1367 540 1404 596 A.
1425 540 1501 596 836.
1855 535 1916 598 737

262 726 361 792 Iacob
385 725 580 790 moelodiam
606 725 735 791 Christo
760 727 869 790 eanit¹
900 738 932 790 et
963 749 983 790 a
1006 725 1158 791 fidelibus
1189 725 1371 791 oblationes
1402 738 1434 791 et
1463 735 1541 792 vota
1564 738 1597 791 et
1626 729 1840 814 pretiosarum
1871 727 1917 792 di·

262 856 495 919 vernarumque
520 856 628 898 remm
652 833 695 898 ad
718 833 870 898 decorem
901 844 934 897 et
964 833 1119 898 honorem
1150 832 1254 897 divini
1285 832 1401 915 cultus,
1433 832 1639 900 sacerdotum
1671 845 1917 921 ceterorumque

261 942 480 1005 ministrorum
505 939 626 1005 Christi
650 964 725 1005 usus
749 962 993 1027 pauperumque
1017 942 1240 1027 receptionem
1270 963 1309 1004 ac
1340 942 1576 1005 recreationem
1609 941 1745 1028 suscipit
1772 940 1917 1006 donaria.

263 1049 327 1129 Qui
351 1059 458 1112 autem
484 1047 709 1113 huiuscemodi
733 1046 869 1112 donaria
892 1047 934 1111 ad
958 1048 1109 1111 iniuriam
1126 1047 1190 1112 Dei
1208 1047 1439 1133 omnipotentis
1455 1045 1715 1134 templorumque
1731 1059 1916 1113 sanctorum

230 1178 392 1224 asnorum
424 1154 712 1218 dehonorationem
742 1165 775 1218 et
805 1154 1060 1219 humiliationem
1092 1154 1364 1239 sacerdotumque
1388 1152 1453 1217 Dei
1483 1155 1756 1240 vituperationem
1789 1155 1917 1219 auferre

260 1262 427 1349 presumit,
459 1262 552 1325 cuius
576 1262 617 1324 sit
640 1260 837 1324 discriminis
861 1271 893 1324 et
916 1260 1167 1347 dampnationis,
1198 1273 1234 1325 ut
1258 1259 1450 1347 perpendat,
1483 1258 1658 1324 salubriter
1681 1282 1916 1343 ammonemus,

262 1370 425 1455 quoniam,
457 1369 542 1432 sieut
571 1365 681 1431 verbis
712 1365 858 1431 eiusdem
890 1366 1096 1453 patriarchae
1127 1366 1227 1431 Iacob
1261 1378 1374 1453 aperte
1410 1365 1659 1447 demonstratur,
1696 1381 1813 1432 cuneta
1842 1367 1916 1432 Deo

261 1476 370 1541 dicata
393 1474 514 1562 templa
545 1485 577 1538 et
608 1459 765 1539 terribilia
790 1484 864 1538 sunt
887 1486 918 1537 ct
942 1473 1006 1538 Dei
1040 1472 1227 1537 habitacula
1258 1484 1291 1538 et
1312 1495 1391 1537 vere
1416 1472 1531 1538 domus
1554 1473 1620 1537 Dei
1644 1485 1719 1537 sunt
1749 1485 1781 1538 et
1803 1485 1916 1561 portae

261 1582 353 1647 caeli,
389 1583 515 1646 Paveat
539 1603 616 1666 ergo
640 1580 682 1644 ad
706 1582 808 1644 instar
823 1579 923 1644 Iacob
947 1580 1090 1644 humana
1113 1581 1324 1666 presumptIo,
1348 1602 1390 1643 ne
1415 1579 1643 1666 quoquomodo
1668 1578 1708 1644 de
1734 1593 1799 1645 tam
1824 1582 1915 1645 terri·
1935 1579 2031 1685 ⁰332?

218 1688 380 1757 rabilibus
405 1700 437 1752 et
461 1689 599 1752 sacratis
622 1687 702 1751 lo'cis
726 1687 888 1751 violandis
912 1685 975 1751 sibi
998 1688 1169 1772 proveniat
1193 1686 1393 1773 dampnatio.

366 1793 521 1859 Liberato
552 1816 680 1880 quoque
711 1792 830 1880 populo
861 1792 1065 1857 Israhelitico
1096 1792 1138 1857 de
1161 1793 1328 1879 Aegyptia
1358 1792 1524 1872 servitute,
1556 1792 1635 1878 quid
1665 1792 1826 1859 Dominus
1856 1817 1916 1881 per

260 1902 415 1967 famulum
440 1924 533 1966 suum
557 1900 705 1986 Moysen,
736 1902 820 1964 sieut
843 1901 876 1963 in
899 1897 982 1964 libro
1005 1900 1115 1964 Exodi
1138 1899 1267 1985 legitur,
1297 1900 1455 1986 precipat,
1483 1898 1664 1963 videamus.
1712 1901 1849 1966 Locutus
1872 1918 1917 1968 est
1935 1922 2097 1976 azoaram.

261 2011 418 2074 Dominus
441 2009 486 2072 ad
507 2008 648 2094 Moysen,
673 2009 799 2072 decens:
823 2007 995 2094 Sanetiflea
1019 2009 1103 2071 milri
1123 2032 1210 2071 omne
1230 2009 1487 2093 primoqcnitnrm
1511 2007 1598 2092 qaod
1611 2010 1716 2093 aperit
1731 2009 1857 2072 eulrrarn
1880 2013 1914 2074 in

254 2118 341 2203 filiis
365 2115 499 2193 israhel,
529 2130 592 2178 tarn
621 2115 659 2179 cle
689 2115 867 2178 bonrr’nibas
897 2138 991 2200 qnam
1023 2114 1061 2177 cle
1086 2116 1249 2194 inurentis;
1279 2138 1348 2177 maa
1378 2128 1449 2176 sum
1479 2116 1561 2177 enim
1585 2116 1702 2179 omnia.
1749 2113 1785 2179 Si
1809 2116 1916 2201 querit

219 2251 243 2290 a
262 2222 391 2308 aliquis,
417 2219 496 2306 quid
519 2222 561 2284 sit
584 2219 797 2298 sanctificare,
828 2230 862 2284 et
893 2242 935 2283 ex
966 2219 1027 2283 hoc
1055 2219 1126 2283 loco
1150 2232 1249 2282 etex
1272 2218 1344 2283 aliis
1368 2218 1552 2283 divinarum
1577 2219 1810 2305 scripturarum
1834 2220 1915 2286 loeis

262 2328 435 2414 diligenter
465 2326 711 2407 animadvertat,
748 2326 836 2412 quod
875 2348 992 2390 nomen
1023 2326 1289 2390 sanctificationis
1320 2325 1502 2390 dominicae
1538 2326 1580 2389 sit
1614 2325 1786 2391 oblationis
1817 2338 1915 2413 atque

261 2434 525 2499 consecrationis.
574 2432 729 2520 Sequitur
752 2434 785 2497 in
813 2431 927 2497 eodem
959 2431 1058 2497 libro:
1094 2433 1232 2519 Carasque
1262 2433 1476 2498 introduxerit
1502 2448 1529 2498 te
1554 2433 1711 2497 Dominus
1734 2437 1768 2499 in
1799 2448 1914 2500 tamara
1936 2457 2087 2511 aranas.

266 2544 459 2622 l'lrananaei,
482 2546 565 2607 sicat
587 2544 707 2606 iurarit
730 2542 791 2605 tibi
812 2556 839 2605 et
856 2542 1005 2627 patribus
1029 2543 1102 2620 tuis,
1126 2555 1154 2604 et
1176 2541 1300 2606 dederit
1321 2565 1389 2604 eam
1414 2541 1482 2617 tibi,
1510 2542 1676 2626 separabis
1699 2565 1798 2620 omae,
1829 2541 1916 2627 qaod

261 2652 367 2737 aperit
396 2651 533 2729 eulranr,
565 2648 702 2712 Domino
733 2662 761 2712 et
790 2647 876 2733 qaod
897 2649 1101 2733 primitivam
1134 2662 1178 2710 est
1211 2650 1244 2711 in
1267 2648 1440 2733 peceribus
1469 2648 1549 2716 tais:
1584 2647 1740 2732 quicquid
1768 2648 1917 2712 habueris

217 2787 244 2825 eo
262 2757 435 2820 nrasenlini
453 2781 555 2834 seras,
586 2756 783 2819 consecrabis
813 2754 960 2818 Domino.
1015 2751 1212 2832 Notandum,
1245 2753 1323 2837 quia
1346 2751 1434 2837 quod
1464 2774 1563 2838 supra
1594 2751 1680 2815 dixit
1711 2753 1916 2818 sanctificare

262 2862 403 2926 Domino
427 2862 479 2926 hic
504 2860 599 2926 modo
623 2860 702 2924 dicit
725 2881 918 2924 consecrare
942 2859 1096 2922 Domino.
1144 2856 1300 2944 Sequitur
1322 2859 1354 2923 in
1379 2858 1511 2923 eodem:

369 2986 479 3051 XXV.
520 2988 615 3050 Intra
637 3001 738 3050 autem
763 2985 921 3048 Dorninns
944 2983 990 3048 ad
1012 2984 1161 3070 Moysen:
1192 2983 1302 3048 Scribe
1334 2985 1390 3048 beo
1421 2986 1457 3048 ob
1483 2987 1702 3049 monimentum
1728 2988 1760 3049 in
1785 2987 1867 3050 libro
1890 3001 1918 3050 et
1935 3007 2052 3059 aroana,

262 3095 351 3158 trade
380 3097 512 3159 auribus
542 3093 651 3173 losum·
684 3092 790 3156 delebo
825 3093 906 3155 eninr
943 3093 1125 3154 arernoriarn
1154 3091 1305 3155 Amalech
1336 3092 1393 3154 aab
1423 3092 1520 3155 caelo.
1567 3091 1763 3178 Aerlistcaeit
1790 3092 1917 3180 Moyses
1950 3062 2036 3105 Μὰ

262 3203 363 3266 altare
386 3216 414 3265 et
439 3204 560 3265 coenrit
581 3224 690 3263 nioman
714 3201 782 3263 eins
806 3198 963 3262 Dominus
986 3198 1135 3261 eraltalio
1160 3223 1238 3277 ntea,
1268 3197 1394 3262 dicens:
1427 3197 1511 3275 Quia
1543 3223 1654 3262 marsus
1683 3200 1763 3263 solii
1783 3199 1920 3264 Domini

217 3334 244 3375 aa
263 3323 290 3373 et
319 3309 432 3372 bellurn
464 3307 530 3371 Dei
557 3309 618 3370 erit
647 3320 754 3369 eontm
784 3305 936 3369 almalecb
967 3331 986 3367 a
1015 3306 1214 3391 peremtione
1251 3307 1284 3368 in
1317 3307 1557 3390 perterritionem.
1611 3304 1794 3390 Perpende,
1830 3305 1916 3391 quod

263 3413 401 3478 famulus
418 3413 482 3476 Dei
499 3412 631 3498 Moyses
655 3410 697 3475 ob
721 3412 900 3496 gratiarum
924 3411 1085 3473 actionem
1110 3410 1225 3494 suique
1250 3432 1288 3474 ac
1313 3409 1423 3496 pepuli
1439 3405 1505 3474 Dei
1521 3408 1746 3484 liberationem
1762 3410 1915 3476 hostiurn·

266 3544 328 3608 que
353 3543 484 3584 suorum
508 3519 749 3582 internitionem
774 3517 1040 3581 alta1·cI)omino
1065 3517 1218 3580 erexerit.
1265 3516 1309 3579 Et
1333 3517 1360 3580 si
1383 3515 1515 3602 Illoyscs
1547 3529 1680 3603 propter
1708 3516 1800 3598 haec,
1832 3540 1916 3605 quae

265 3628 446 3714 praemissa
469 3636 552 3705 sunt,
577 3625 720 3689 Domino
745 3625 846 3687 altare
870 3624 984 3704 erexit,
1010 3621 1191 3687 cavendum
1217 3622 1279 3686 illis
1304 3633 1362 3703 est,
1387 3624 1442 3708 qui
1466 3622 1582 3688 altaria
1598 3623 1731 3688 Domini
1749 3623 1916 3689 obruendo

264 3734 465 3798 dehonorant
488 3743 520 3796 et
536 3729 767 3819 dehonorando
784 3728 933 3808 obruunt,
958 3752 1009 3810 ne,
1034 3729 1061 3791 si
1080 3728 1210 3814 quando
1228 3729 1385 3793 adversus
1401 3729 1510 3793 hostes
1527 3753 1603 3793 suos
1619 3753 1711 3794 arma
1728 3732 1916 3817 conipiunt,

219 3868 247 3908 so
265 3865 298 3904 se
323 3843 409 3926 ipsos
433 3838 556 3902 eisdem
580 3836 726 3901 hostibus
750 3837 817 3900 suis
841 3834 1037 3921 triumphum
1055 3834 1243 3899 exhibeant.
1280 3835 1435 3922 Sequitur
1451 3837 1484 3899 ia
1500 3836 1632 3900 codem:
1658 3838 1754 3903 Dicit
1772 3854 1916 3925 preterea
1937 3865 2090 3914 laromam

266 3948 422 4011 Ilominus
445 3947 490 4010 acl
504 3946 653 4032 ,lloysenr
677 3944 765 4008 Hace
789 3944 875 4008 dices
890 3944 977 4030 filiis
1001 3942 1144 4007 Israhel:
1168 3944 1280 4007 Altera
1304 3944 1342 4007 cla
1365 3958 1448 4007 terra
1466 3946 1604 4031 facietis
1627 3945 1710 4008 anili
1731 3959 1759 4008 et
1781 3949 1919 4033 offeretis

264 4081 359 4141 supter
384 4054 468 4118 illua
489 4054 668 4116 holocausta
692 4065 721 4115 et
737 4053 879 4138 pacifica
906 4064 1015 4128 restra,
1044 4075 1114 4112 cres
1140 4064 1257 4113 rastros
1280 4064 1308 4114 et
1330 4051 1421 4114 bores
1446 4053 1478 4114 in
1503 4053 1591 4114 οιιιιιί
1613 4051 1690 4130 loco,
1717 4054 1747 4116 in
1773 4078 1833 4137 qno
1857 4077 1917 4116 are·

265 4164 366 4225 enoria
384 4163 494 4248 faerit
516 4162 652 4223 riorninis
676 4161 746 4222 anei.
792 4158 919 4220 Venarni
940 4156 985 4220 ad
1007 4171 1033 4220 te
1058 4171 1086 4219 et
1108 4156 1289 4220 benedicant
1314 4159 1381 4220 tibi.
1418 4155 1513 4234 Nota,
1538 4155 1626 4241 quod
1649 4156 1751 4221 altare
1775 4158 1918 4221 Domia0

265 4265 465 4352 erigentibus
489 4277 521 4329 et
544 4264 732 4342 holocausta
756 4261 997 4327 immolantibus
1021 4259 1181 4325 adventus
1198 4260 1263 4325 Dei
1288 4274 1320 4324 et
1343 4259 1529 4326 benedictio
1554 4264 1768 4348 promittatur.
1807 4263 1919 4328 Potest

221 4401 248 4439 rs
266 4388 298 4436 et
321 4374 395 4437 huic
419 4371 491 4436 loco
515 4373 619 4458 aptari
644 4370 723 4436 illud
748 4368 983 4453 evangelicum,
1008 4391 1072 4454 quo
1097 4367 1233 4438 dicitur:
1259 4367 1300 4432 Si
1320 4357 1395 4454 qarsss'
1412 4369 1521 4456 ‹lilipit
1545 4394 1601 4448 me,
1624 4394 1795 4434 sermenem
1820 4396 1918 4434 nrenrn
1940 4399 2069 4448 aursei.

264 4483 411 4559 servabit,
435 4494 464 4544 ct
479 4494 574 4566 pater
599 4505 682 4543 trieris
705 4478 817 4564 diliqet
839 4501 919 4556 eum,
942 4490 970 4538 ct
985 4475 1030 4539 ael
1045 4501 1111 4538 erran
1132 4478 1288 4538 renicmns
1304 4490 1332 4538 et
1346 4477 1537 4539 marisiensem
1554 4476 1645 4561 apud
1659 4501 1727 4540 eam
1743 4478 1917 4564 sacientur.

268 4587 361 4651 Felix
385 4609 481 4672 porro
506 4595 538 4648 et
562 4584 657 4648 valde
682 4583 760 4647 felix
785 4581 840 4646 illa
864 4604 954 4645 mens
979 4593 1037 4660 est,
1070 4603 1153 4667 quae
1185 4592 1275 4644 tanto
1304 4579 1486 4644 habitatore
1517 4581 1664 4645 laetatur.
1712 4582 1921 4670 Quapropter

266 4694 417 4758 noverint
440 4693 500 4774 bis,
529 4713 612 4778 quae
637 4689 733 4776 paulo
757 4711 855 4775 supra
880 4699 1057 4752 memorata
1081 4697 1165 4768 sunt,
1197 4688 1361 4751 contraria
1383 4702 1518 4772 agentes
1543 4700 1575 4751 ct
1598 4688 1741 4752 adventu
1766 4702 1798 4752 et
1822 4688 1917 4752 bene·

373 4929 495 4978 XXIIII.
524 4930 539 4976 4
560 4921 623 4990 Qui]
644 4927 725 4988 Quod
744 4925 775 4976 L.
867 4925 999 4974 Sdomus
1019 4921 1082 4984 Dei]
1103 4924 1153 4972 Itci
1174 4923 1271 4973 domus
1291 4922 1328 4973 Μ.
1420 4933 1499 4989 porta
1518 4923 1544 4974 B
1553 4927 1577 4974 3.
1597 4923 1634 4973 Μ.
1725 4926 1795 4974 tad
1813 4925 1862 4976 dcl.
1882 4925 1919 4976 Μ.

219 5033 247 5071 ιο
268 5024 295 5069 11
319 5019 437 5084 Egyptia
456 5017 515 5076 Ba,
535 5017 642 5080 Bgiptia
663 5015 699 5065 Μ.
775 5017 805 5064 14
826 5014 964 5064 ominibus
982 5012 1043 5062 112.
1119 5015 1150 5061 15
1171 5006 1245 5076 loco]
1266 5011 1348 5077 loquo
1368 5012 1428 5062 132.
1502 5015 1534 5063 18
1555 5013 1694 5063 Chananei
1714 5012 1746 5063 J..
1765 5014 1824 5065 132.
1837 5019 1862 5065 3.
1882 5015 1919 5065 Μ.

267 5111 298 5160 19
318 5109 491 5174 promitivum
513 5107 539 5166 C,
560 5106 703 5170 primitium
723 5103 783 5154 Bc.
856 5105 887 5153 21
909 5118 1072 5152 consecrare
1092 5096 1222 5163 Domino]
1244 5117 1294 5150 uec
1314 5117 1476 5151 consecrare
1495 5102 1573 5151 iubet
1591 5102 1625 5151 al.
1645 5119 1713 5152 aran.
1731 5103 1791 5153 add.
1811 5104 1849 5153 Μ.

347 5213 454 5272 ιιι.
484 5214 518 5264 aa
543 5212 639 5262 nosen
666 5181 725 5260 aa.
816 5212 850 5260 aa
880 5210 980 5259 iosuae
1007 5208 1067 5258 aa.
1084 5213 1108 5258 a
1134 5207 1165 5257 a
1190 5204 1318 5272 (aspra).
1410 5205 1582 5268 sarracena
1611 5209 1695 5259 xxv,
1719 5210 1861 5274 prmum
1888 5209 1919 5270 a,

264 5302 365 5353 xxvi.
384 5303 598 5365 hedificaritque
618 5300 643 5350 B
654 5304 677 5349 2.
692 5305 716 5350 3.
736 5299 772 5349 11.
837 5299 929 5348 Moses
949 5297 974 5347 lt
984 5301 1001 5346 2
1018 5298 1117 5361 caepim
1135 5295 1220 5358 (cham
1240 5297 1268 5346 in
1286 5295 1382 5350 auibus
1399 5295 1522 5362 obliquis).
1587 5299 1620 5347 24
1640 5293 1760 5361 vocavit]
1780 5300 1920 5349 invocavit

266 5393 327 5443 112.
348 5397 373 5452 3,
399 5392 426 5442 in
445 5391 478 5441 Μ
502 5391 529 5440 ἰιι
556 5390 662 5440 delatam
687 5397 730 5438 est.
821 5390 855 5438 26
884 5385 1003 5438 famulus
1025 5411 1057 5420 -
1078 5381 1198 5450 Moyses]
1228 5386 1337 5450 Moyses
1366 5385 1484 5436 famulus
1511 5387 1563 5436 Dei
1589 5386 1625 5436 Μ.
1719 5389 1770 5438 Dei
1797 5388 1863 5438 (Μαι
1889 5387 1919 5438 1..

219 5493 247 5533 45
266 5483 298 5532 et
326 5482 411 5531 erexit
437 5482 464 5530 ζ’.
484 5479 520 5529 Μ.
612 5481 645 5529 28
673 5479 805 5544 promissa
833 5476 860 5526 C.
881 5476 940 5526 B3.
961 5475 998 5524 Il.
1098 5468 1226 5537 Domino]
1254 5491 1270 5523 a
1295 5473 1414 5524 Domino
1441 5474 1473 5524 l..
1573 5474 1627 5524 illis
1654 5470 1705 5539 est]
1735 5485 1777 5526 cst
1802 5477 1857 5526 illis
1884 5477 1920 5541 Μ,

266 5573 300 5621 30
319 5571 446 5621 exibeant
466 5566 502 5619 Μ.
576 5570 608 5618 35
629 5567 701 5631 quod
721 5565 832 5616 Bata

377 5787 406 5856 I)
431 5785 598 5842 ‘Ilelodiae’
623 5783 703 5840 teias
727 5791 830 5839 tentant
855 5802 910 5839 nen
935 5781 1044 5848 innmi;
1067 5782 1120 5836 sed
1140 5781 1182 5851 es.
1200 5769 1367 5850 Illabentis,
1394 5779 1544 5839 Corrnnent.
1562 5780 1590 5836 in
1609 5779 1741 5838 Gmesirn
1758 5782 1808 5838 111
1829 5803 1852 5839 c.
1869 5787 1921 5850 20,

269 5894 376 5971 bfiqne,
403 5894 511 5950 Patrol.
536 5895 585 5948 lat.
612 5890 705 5960 CVII,
723 5894 783 5949 610
793 5911 854 5966 sqq.

320 6010 365 6052 Li..
382 6009 482 6050 eoneun
495 6009 526 6048 ιι.
777 6047 794 6067 ,,
1674 6011 1708 6060 93
