4884 6717
747 517 799 573 46.
835 517 1053 575 conantum
1078 520 1278 577 ROMANUM
1302 520 1338 575 Α.
1360 518 1435 575 826.
1851 511 1916 578 553

262 704 532 792 Guelferbytanus
556 706 638 770 diem
664 713 718 772 12.
742 705 932 770 Nouembris
954 721 1034 771 certe
1050 708 1145 795 falso
1169 708 1292 771 exbibet
1302 712 1320 770 ¹.
1370 707 1420 771 Hi
1440 721 1542 771 uatem
1570 731 1703 770 curiones
1732 730 1815 770 onrro
1840 714 1915 773 853.

261 814 376 875 usensis
399 811 583 877 Decembris
606 813 658 877 die
683 825 713 876 s.
739 839 758 877 o
783 813 887 877 Leone
911 813 934 876 I
939 814 972 876 V.
994 838 1083 899 popo
1108 817 1236 895 (817-
1247 821 1326 894 855)
1352 816 1461 877 iterum
1484 813 1684 900 promulpoti
1703 828 1784 892 sunt,
1817 815 1860 876 ito
1885 826 1918 877 ut

259 919 436 1004 complures
459 918 544 992 (scil.
569 945 613 982 cc.
629 927 742 986 2-4.
769 929 799 985 9.
823 926 983 988 21-23.
1007 924 1172 1003 uer—38)
1196 920 1434 985 oddidomentir
1457 934 1593 1006 superet,
1613 920 1696 984 ulios
1715 944 1810 984 nouos
1829 920 1916 1001 (soil.

259 1048 302 1087 oc.
320 1029 485 1108 ,su—42)
510 1026 650 1090 adiceret
672 1027 803 1106 (diensi
821 1026 881 1090 XI
884 1028 918 1106 V,
935 1036 1024 1093 1009
1036 1052 1124 1113 sqq.;
1153 1029 1199 1114 cf.
1224 1026 1340 1091 ‘Neues
1363 1026 1496 1090 Arcleiu'
1520 1025 1649 1106 XXVI,
1675 1032 1829 1112 62089.)

226 1359 240 1397 s
317 1331 359 1397 Α.
402 1324 660 1402 CAPITULA
687 1325 1093 1405 ADMONITIONIS
1116 1328 1187 1401 AB
1213 1326 1460 1404 EUGENIO
1478 1327 1531 1402 II.
1559 1325 1863 1404 PROPOSII’A.

955 1490 1034 1552 826.
1059 1484 1139 1548 Nou.
1166 1492 1217 1551 14.

367 1633 529 1748 Capitale
554 1662 782 1727 admonitionis
805 1665 844 1727 ab
869 1663 1013 1749 Enpenr‘o
1034 1662 1081 1725 II.
1101 1665 1270 1749 proposito
1295 1664 1438 1750 lepontnr
1462 1664 1496 1726 in
1521 1669 1608 1726 unico
1632 1662 1739 1726 codice
1765 1661 1917 1749 Guelfer-

259 1772 371 1856 bptano
402 1772 483 1834 inter
505 1768 822 1855 Blandenlmrpermes
852 1771 959 1848 (anteo
991 1769 1139 1833 ecclesiae
1163 1770 1357 1834 cathedralis
1380 1769 1600 1856 Aepustanoe)
1624 1793 1705 1834 saec.
1722 1767 1763 1832 X.
1789 1769 1849 1848 (=
1868 1767 1916 1851 (i)

251 1878 319 1964 sol.
337 1879 550 1956 reo-1232
574 1878 688 1961 quibus
707 1879 924 1963 proemittitur
940 1878 1007 1964 fol.
1029 1879 1090 1943 71‘.
1112 1883 1156 1944 72
1179 1877 1316 1941 eiusdem
1343 1877 1424 1941 libri
1443 1875 1542 1940 indes
1559 1878 1697 1962 capitum
1717 1902 1737 1939 α
1756 1877 1846 1940 nobis
1865 1875 1918 1939 bic

214 2011 240 2049 10
259 1983 452 2069 repetendus.

368 2114 465 2172 Edu:
497 2112 570 2173 MG.
598 2115 661 2171 LL.
686 2114 774 2184 ΙῙ,2,
792 2119 841 2174 12.
891 2115 998 2192 Miyne,
1029 2109 1139 2172 Fatrol.
1164 2117 1214 2172 lot.
1239 2113 1364 2186 XCVII,
1383 2118 1455 2174 688.
1482 2145 1525 2153 -
1549 2114 1640 2190 Βαφι
1672 2112 1775 2171 ‘Neues
1799 2112 1915 2171 Arcttv’

259 2221 374 2291 XXIV,
390 2225 463 2281 186.

365 2355 391 2419 1.
427 2354 480 2419 De
504 2353 746 2441 praelocutione
769 2354 910 2441 Eugenii
934 2355 1115 2441 apostolici.

365 2461 408 2526 II.
444 2461 497 2525 De
521 2462 732 2547 responsione
757 2463 994 2548 episcoporum.

364 2568 425 2633 111.
461 2568 514 2632 De
539 2568 683 2632 secunda
706 2567 926 2633 admonitione
950 2568 1123 2655 pontificis.

365 2675 444 2741 IIII.
479 2676 532 2740 De
557 2674 703 2740 secunda
726 2676 937 2762 responsione
962 2677 1201 2762 episcoporum.

365 2783 405 2848 V.
442 2783 525 2847 Item
548 2782 724 2847 admonitio
749 2782 922 2868 pontificis.

366 2890 423 2954 vl.
459 2889 512 2953 De
537 2888 658 2954 honore
682 2888 875 2953 eclesiarum
900 2899 932 2953 ct
955 2888 996 2953 de
1021 2890 1268 2954 conversatione
1292 2888 1508 2954 sacerdotum.

365 2995 441 3060 VII.
477 2996 529 3061 De
553 2996 692 3060 indoctis
716 3007 749 3060 et
772 2995 956 3060 inlitteratis
980 2994 1204 3060 sacerdotibus
1230 3007 1262 3060 et
1284 2997 1440 3060 ministris
1465 2995 1616 3060 eclesiae.

364 3102 458 3168 VIII.
494 3103 547 3167 De
571 3104 655 3167 votis
679 3113 712 3167 et
734 3103 908 3189 propositis
934 3101 1165 3183 custodiendis,
1190 3125 1210 3166 a
1233 3102 1401 3167 monachis
1426 3113 1458 3167 et
1481 3101 1782 3167 sanctimonialibus
1806 3103 1912 3167 factis.

364 3209 475 3273 VIIII.
511 3211 563 3275 De
588 3210 720 3274 incestis
744 3210 866 3296 nuptiis
890 3220 923 3273 et
945 3208 1077 3273 inlicitis
1102 3208 1394 3274 coniunctionibus.

366 3317 407 3381 X.
444 3317 496 3380 De
521 3314 675 3402 operibus
699 3317 732 3379 in
757 3314 809 3379 die
834 3314 998 3380 dominico
1021 3338 1087 3379 non
1110 3315 1280 3380 iaciendis.

365 3535 480 3586 lemma:
491 3536 629 3601 Incipiunt
639 3532 761 3600 capitula
771 3533 967 3584 admonitionis
978 3534 1095 3598 Eugenii
1108 3552 1198 3601 papas
1209 3533 1330 3585 concilio
1341 3543 1368 3585 et
1381 3535 1584 3600 subscriptione
1598 3536 1789 3601 episcoporum
1798 3536 1873 3587 laets
1882 3535 1914 3586 0.

253 3735 482 3811 presbyterorum
514 3729 602 3809 (opp.
627 3735 670 3789 ed.
696 3733 834 3790 Sinrrond
854 3733 894 3803 ΙΙ,
913 3737 976 3793 768
987 3729 1073 3810 sqq),
1101 3742 1288 3809 posteaquam
1320 3727 1356 3806 (c.
1383 3729 1412 3810 1)
1443 3733 1498 3809 epit
1520 3734 1556 3790 de
1579 3733 1691 3790 Kurolo
1717 3733 1834 3810 Mopso,
1866 3733 1916 3810 qui

213 3863 239 3901 ss
253 3840 454 3917 perquisivisse
470 3840 572 3896 dicitnr
587 3842 624 3895 de
640 3841 817 3912 presbyteris
836 3859 871 3896 ox
887 3840 1048 3896 criminibus
1068 3841 1219 3895 diffamatis
1240 3881 1247 3895 .
1266 3880 1273 3896 .
1292 3882 1299 3894 .
1319 3849 1349 3896 et
1368 3842 1507 3912 repperit,
1531 3842 1604 3895 sicut
1625 3842 1653 3895 in
1672 3859 1741 3898 suae
1761 3841 1913 3914 imperialis

258 3949 432 4003 auctoritatis
456 3949 555 4004 edictis
580 3988 587 4002 .
614 3988 621 4002 .
647 3989 654 4002 .
678 3948 801 4019 posteris
824 3949 965 4002 servanda
987 3948 1102 4019 reliquit
1127 3966 1258 4019 quaeque
1283 3965 1372 4018 usque
1400 3948 1435 4002 ad
1465 3955 1562 4002 nostra
1592 3956 1722 4019 tempora
1752 3958 1854 4004 estisne
1885 3949 1913 4003 in

258 4055 452 4126 Transalpinis
468 4055 629 4126 regionibus
645 4061 758 4109 servata
773 4060 814 4122 ct,
839 4055 951 4125 quando
967 4055 1124 4110 necessitas
1140 4054 1305 4125 postulavit,
1330 4060 1451 4109 executa
1467 4055 1593 4109 luerunt.
1633 4048 1669 4127 (c.
1686 4051 1737 4118 2).-
1761 4055 1792 4109 ln
1812 4056 1915 4110 dicbus

259 4173 354 4217 autem
378 4162 472 4216 domni
497 4170 527 4217 et
549 4161 686 4232 genitoris
708 4162 794 4215 nostri
819 4161 883 4231 piae
907 4162 1057 4216 memoriae
1083 4161 1239 4215 Hludowiei
1263 4161 1449 4232 imperatoris,
1478 4180 1540 4216 cum
1564 4162 1626 4232 ipsa
1648 4162 1759 4233 tepesci
1785 4162 1914 4217 executio

259 4267 439 4340 aliquatenus
470 4268 575 4338 eoepit,
608 4268 685 4339 apud
716 4285 818 4338 papam
842 4268 999 4338 Eugenium
1027 4268 1092 4321 inde
1117 4268 1154 4322 ab
1179 4286 1213 4322 eo
1237 4268 1413 4322 commonitio
1444 4261 1508 4340 (sed
1528 4286 1554 4323 r.
1581 4267 1701 4336 Sirrsson,
1731 4266 1915 4324 Jolrrbitclrer

215 4395 242 4434 so
260 4375 308 4430 des
324 4372 518 4445 srdnlcisclscn
542 4372 646 4430 Reicies
669 4381 751 4429 auter
775 4373 897 4448 Ludo-ip
920 4373 981 4429 dem
1007 4361 1169 4430 Frormuen’
1194 4371 1295 4442 Ι,281
1319 4392 1390 4429 oon.
1407 4368 1439 4448 2)
1463 4374 1539 4429 faeta
1563 4383 1618 4440 est,
1643 4393 1699 4446 qua
1724 4375 1760 4430 de
1788 4393 1818 4428 re
1847 4393 1912 4445 syn·

259 4482 342 4536 odom
366 4482 455 4536 isdem
482 4481 649 4536 universalis
679 4498 755 4553 papa
784 4498 941 4536 convocans
971 4481 1047 4536 inter
1076 4480 1132 4535 alia
1161 4480 1308 4552 generalia
1337 4481 1454 4535 decreta
1484 4481 1664 4552 promulgare
1692 4482 1808 4546 curavit,
1840 4498 1913 4551 quae

262 4589 321 4644 Leo
336 4588 403 4642 1111.
429 4594 556 4659 tempore
581 4587 676 4642 fratris
700 4588 788 4641 nostri
813 4587 954 4642 Hlotharii
978 4594 1008 4641 et
1032 4587 1144 4658 nepotis
1167 4587 1255 4641 nostri
1280 4586 1436 4642 Hludowiei
1466 4589 1644 4643 observanda
1675 4588 1813 4654 decrevit,
1843 4587 1916 4641 sicut

261 4695 288 4748 in
311 4696 401 4766 gestis
423 4695 606 4767 synodalibus
631 4703 661 4748 et
684 4695 712 4749 in
736 4694 816 4749 huius
839 4701 952 4750 sanctae
978 4693 1120 4749 Romanae
1145 4693 1285 4749 ecelesiae
1310 4693 1422 4748 archivo
1452 4694 1551 4749 haberi
1581 4695 1719 4750 credimus
1751 4703 1779 4748 et
1802 4694 1838 4749 ab
1862 4693 1914 4748 hae

261 4810 359 4857 sancta
381 4803 450 4856 sede
474 4802 577 4857 nostris
601 4802 797 4856 decessoribus
821 4802 932 4856 directa
954 4801 1110 4856 venerabili
1134 4801 1278 4855 sanctione
1302 4799 1454 4868 habemus3
1487 4800 1527 4871 cs.
1553 4800 1634 4856 etium
1659 4820 1683 4856 c.
1702 4805 1761 4859 23.-
1784 4801 1915 4855 Tandem

215 4927 242 4966 au
261 4909 325 4962 hine
348 4915 466 4980 praeter
489 4909 621 4979 antiquas
644 4906 802 4978 regularum
825 4926 858 4963 ac
882 4908 976 4978 legum
1000 4907 1216 4963 constitutiones
1240 4907 1268 4961 in
1291 4916 1425 4978 promptu
1452 4908 1586 4963 habemus
1614 4908 1761 4979 synodalia
1790 4908 1915 4978 capitula

261 5016 476 5086 apostolicorum
500 5015 631 5087 Eugenii,
656 5032 730 5068 anno
753 5015 862 5085 imperii
882 5014 964 5068 Xlll.
988 5015 1081 5070 domni
1106 5021 1135 5070 et
1158 5014 1295 5085 genitoris
1319 5016 1405 5068 nostn'
1422 5014 1578 5068 Hludouiei
1603 5023 1633 5069 et
1656 5032 1729 5069 rinno
1746 5014 1783 5068 X.
1806 5015 1915 5086 imperii

262 5122 402 5176 Hlotharii
425 5121 521 5176 fratris
543 5120 630 5177 nostri
654 5139 752 5175 iriense
777 5121 958 5186 Novembris,
982 5129 1068 5191 atquc
1093 5121 1197 5175 Leonis
1215 5119 1293 5186 1111„
1318 5137 1391 5175 antro
1413 5120 1552 5175 Hlotharii
1573 5120 1725 5174 xxxvss.
1751 5131 1780 5175 et
1805 5121 1915 5176 Hludo-

262 5229 321 5282 wici
345 5228 459 5300 nepotis
483 5228 569 5282 nostri
595 5244 668 5282 anno
684 5227 721 5281 V.
745 5245 842 5282 menso
866 5227 1038 5282 Decembris
1062 5228 1190 5296 decreta,
1222 5227 1323 5298 qtribns
1347 5227 1534 5298 praecipiunt,
1558 5237 1589 5282 ut
1612 5229 1635 5281 si
1660 5228 1796 5298 quispiam
1820 5247 1915 5283 sacer-

262 5337 357 5390 dotum
380 5328 454 5408 (ete,
478 5335 620 5410 olleyotnr
642 5341 726 5388 totam
750 5332 900 5407 capitulum
917 5329 1025 5406 XVI),
1050 5331 1129 5388 item:
1153 5332 1292 5389 Sacerdos
1317 5328 1390 5406 (cte,
1415 5333 1551 5389 landatur·
1573 5333 1681 5410 intcper
1697 5353 1787 5390 conon
1805 5334 1855 5389 XI
1858 5328 1915 5411 V.).

217 5459 245 5498 eo
268 5441 301 5497 V.
313 5448 469 5516 praeterea
492 5439 612 5496 eiusdem
629 5438 783 5495 Hinmmri
804 5439 922 5496 libellum
942 5441 976 5496 de
994 5438 1168 5514 presbyteris
1184 5438 1341 5496 criminosis
1360 5435 1447 5514 (Opp.
1465 5438 1504 5508 ΙΙ,
1523 5442 1542 5499 7
1544 5443 1585 5498 83
1595 5460 1656 5515 sqq.
1659 5439 1683 5508 ),
1700 5440 1746 5496 ubi
1760 5441 1918 5497 laudantem

264 5567 327 5622 cop.
347 5549 391 5605 11.
408 5549 459 5605 27.
478 5551 518 5605 36
541 5564 664 5602 conones
688 5544 790 5620 intepri
814 5549 861 5604 16.
886 5549 934 5604 11.
958 5551 1009 5605 22.
1035 5549 1084 5604 19.
1108 5551 1150 5603 21)
1173 5564 1209 5601 en
1232 5544 1356 5600 conciliis
1378 5544 1517 5601 Romanis
1541 5545 1665 5622 Euporii
1687 5556 1713 5603 et
1736 5546 1848 5604 Leonis.
1873 5576 1918 5587 -

264 5652 310 5708 De
339 5653 455 5710 coricilio
485 5653 526 5724 es.
552 5652 666 5723 Hesele,
697 5650 1016 5728 ‘tbncilienpescleiclrte'
1045 5653 1088 5708 cd.
1113 5657 1143 5710 2.
1168 5650 1185 5706 Ι
1193 5651 1222 5720 l',
1240 5654 1282 5710 18
1293 5671 1354 5726 sqq.
1403 5651 1522 5721 Nicreson,
1551 5653 1569 5708 l.
1595 5653 1613 5708 l.
1638 5652 1795 5729 taatrsq.
1843 5653 1917 5710 llin-

263 5759 364 5830 sclrius,
390 5759 617 5815 ‘Kirclsenreclrt’
643 5756 699 5826 ΙΙΙ,
718 5759 785 5816 715.
904 5757 933 5827 l)
958 5757 1028 5815 Dies
1051 5761 1099 5818 11.
1124 5757 1226 5814 niensis
1249 5756 1414 5814 Nouembris
1438 5763 1502 5816 826
1525 5767 1589 5815 crat
1604 5759 1689 5829 scria
1712 5769 1827 5836 quarto,
1858 5760 1918 5816 dies

264 5869 312 5924 15.
330 5865 416 5937 seria
438 5865 547 5941 quinto,
571 5864 630 5921 dies
653 5868 701 5923 12.
726 5872 841 5921 econtra
858 5863 943 5935 seria
965 5865 1099 5921 acuendo.

317 5982 361 6024 tu.
378 5981 479 6022 Oandlts
491 5981 522 6021 11.
1670 5989 1704 6038 70
