4884 6717
1027 489 1158 553 698
1383 494 1487 551 55.
1560 494 1999 552 CONCILIUM
2042 494 2155 551 AD
2202 494 3009 553 THEODONIS-VILLAM
3057 491 3664 550 CONGREGATUM
3708 490 3786 547 A.
3829 489 3980 547 835.

1026 692 1277 769 patrem
1327 704 1516 746 snum
1562 680 1777 746 adbuc
1824 679 1909 745 ab
1955 681 2256 767 ingressu
2303 681 2622 746 ecclesiae
2670 690 3149 767 sequestratum
3194 678 3456 744 dimisit.
3551 676 3720 743 Cum
3782 699 3913 764 quo
3961 678 4131 741 inter
4176 676 4338 741 alios

1028 789 1225 853 etiam
1272 787 1540 875 quidam
1588 788 1901 875 episcopi,
1949 786 2236 853 fautores
2283 788 2488 874 ipsius
2532 788 2600 851 in
2647 786 3041 852 adversitate
3089 786 3292 873 patris
3324 785 3445 867 sui,
3493 784 3738 849 relictis
3772 785 3862 871 (p.
3895 787 4063 870 472)
4114 794 4340 848 contra

1028 916 1248 959 sacras
1294 894 1554 981 regulas
1616 892 1881 959 sedibus
1943 895 2098 977 suis,
2159 898 2653 980 perrexeruntl,
2715 894 2895 958 Iesse
2942 892 3253 958 videlicet
3296 890 3762 957 Ambianensis
3811 902 3877 956 et
3923 889 4337 955 Hereboldus

1027 999 1604 1083 Autisiodorensis,
1664 999 2057 1087 Agobardus
2102 999 2564 1086 Lugdunensis
2626 1011 2691 1065 et
2735 999 3232 1065 Bartholomeus
3280 998 3727 1064 Narbonensis
3789 998 4158 1085 episcopus.
4251 997 4341 1062 Et

1028 1105 1472 1172 abscedente2
1532 1106 1664 1189 illo,
1726 1108 1840 1193 qui
1899 1106 2228 1172 affuerunt
2286 1107 2580 1194 episcopi
2639 1108 3096 1194 imperatorem
3156 1106 3223 1169 in
3285 1105 3567 1171 ecclesia
3627 1106 3837 1170 sancti
3882 1104 4192 1191 Dyonisii
4239 1126 4337 1168 re·
4376 1124 4405 1167 s

1030 1212 1546 1279 conciliaverunt
1592 1224 1657 1278 et
1702 1212 2189 1278 ecclesiasticae
2238 1213 2676 1277 communioni
2724 1214 3164 1278 restituerunt.
3237 1210 3430 1293 Quod
3460 1211 3608 1276 Ebo
3641 1210 3914 1276 audiens
3947 1209 4340 1297 quibusdam

1030 1318 1459 1385 familiaribus
1506 1321 1640 1384 suis
1688 1319 2156 1407 plenitudinem
2205 1342 2470 1384 suorum
2518 1319 2847 1406 delegavit
2892 1305 3225 1384 hominum
3272 1329 3338 1384 et
3383 1328 3634 1383 certum
3667 1318 3769 1383 eis
3797 1317 4103 1403 placitum
4138 1316 4338 1399 dedit,

1028 1425 1144 1491 ubi
1193 1437 1258 1491 et
1304 1425 1563 1513 quando
1610 1427 1846 1491 iterum
1895 1427 1981 1491 ad
2025 1449 2173 1492 eum
2219 1426 2564 1491 venirent‘.
2648 1426 2952 1491 Adicitur
2996 1427 3191 1491 etiam
3213 1430 3270 1490 ³:
3323 1423 3584 1507 ‘Quod⁴
3630 1424 3777 1489 Ebo
3823 1423 4123 1511 plurima,
4172 1447 4339 1511 quae

1038 1533 1121 1598 de
1169 1531 1588 1598 facultatibus
1637 1532 2102 1598 ecclesiasticis
2147 1533 2318 1597 ferre
2366 1543 2522 1598 tunc
2569 1534 2636 1597 in
2683 1543 2952 1619 argento
3000 1544 3066 1598 et
3097 1554 3255 1597 auro
3286 1532 3498 1619 potuit
3527 1553 3753 1597 secum
3784 1553 4143 1614 assumens,
4192 1554 4341 1596 cum

1033 1638 1426 1726 quibusdam
1474 1639 1886 1721 Normannis,
1950 1639 2062 1726 qui
2123 1640 2247 1703 iter
2308 1650 2372 1704 et
2430 1650 2655 1726 portus
2702 1640 2900 1703 maris
2946 1661 3025 1704 ac
3084 1637 3421 1703 fluminum
3469 1660 3649 1703 mare
3697 1636 4105 1703 influentium
4151 1650 4339 1703 notos
4381 1659 4433 1699 10

1032 1744 1382 1828 habebant,
1432 1768 1579 1811 cum
1626 1746 1853 1832 paucis
1902 1767 2161 1832 quoque
2223 1744 2368 1809 aliis
2432 1745 2804 1810 domesticis
2851 1746 3005 1827 suis,
3065 1743 3243 1809 nullo
3303 1744 3658 1831 impetente
3718 1743 3827 1808 vel
3885 1755 4340 1831 persequente,

1031 1863 1230 1918 noctu
1275 1852 1497 1916 Remis
1552 1851 1807 1937 aufugit
1867 1862 1931 1916 et
1990 1873 2121 1916 non
2182 1850 2389 1916 solum
2434 1851 2847 1938 parrochiam
2893 1873 3076 1916 suam
3097 1856 3141 1932 ⁶,
3203 1873 3434 1916 verum
3495 1861 3562 1915 et
3606 1850 3943 1937 Belgicam
4006 1852 4341 1938 regionem

1035 1960 1323 2024 deseruit
1360 1969 1424 2022 et
1460 1959 1584 2023 iter
1629 1956 1714 2022 ad
1746 1957 2176 2040 Normannos,
2225 1955 2461 2044 quibus
2491 1980 2532 2022 a
2562 1957 2866 2022 Pascali⁶
2910 1980 3086 2045 papa
3129 1979 3385 2022 necnon
3433 1956 3516 2022 ab
3546 1958 3848 2044 Eugenio
3871 1962 3912 2041 ⁷,
3961 1979 4340 2023 successore

1033 2066 1259 2152 ipsius,
1309 2066 1478 2130 sicut
1525 2065 1816 2152 epistolis
1865 2064 2221 2129 eorundem
2266 2063 2600 2151 presulum
2647 2063 2734 2129 ad
2779 2066 2992 2151 ipsum
3039 2087 3156 2151 pro
3204 2064 3327 2129 hac
3360 2086 3431 2129 re
3464 2064 3634 2129 datis
3666 2063 4019 2129 edocemur
4036 2068 4081 2146 ⁸,
4129 2064 4342 2129 fuerat

1033 2171 1405 2259 predicator
1452 2171 1831 2252 destinatus,
1893 2171 2184 2258 arripuit.
2280 2169 2475 2251 Quod
2534 2169 3099 2236 manifestantibus
3161 2171 3275 2253 eis,
3339 2193 3487 2236 cum
3542 2170 3778 2257 quibus
3826 2170 3949 2235 hoc
3996 2169 4340 2235 consilium
4378 2191 4431 2231 ιε

1033 2279 1197 2361 iniit,
1245 2280 1704 2366 imperatorem
1751 2277 1955 2342 latere
2015 2299 2147 2341 non
2209 2278 2434 2364 potuit.
2534 2276 2950 2364 Quapropter
3007 2278 3362 2365 imperator
3421 2299 3538 2364 per
3585 2277 3927 2364 episcopos
3982 2299 4152 2359 eum,
4213 2276 4339 2342 Ro-

1033 2385 1301 2450 thadum
1349 2384 1599 2449 scilicet
1645 2383 2108 2450 Suessonicum
2155 2394 2221 2448 et
2264 2382 2761 2448 Erchenradum
2807 2383 3208 2449 Parisiorum
3255 2385 3654 2471 episcopum,
3715 2384 4013 2449 revocari
4072 2383 4230 2448 fecit
4275 2394 4342 2448 et

1032 2492 1098 2556 in
1148 2492 1539 2557 monasterio
1588 2491 1797 2555 sancti
1843 2491 2201 2555 Bonifatii⁹
2247 2490 2307 2555 ei
2356 2500 2421 2555 et
2467 2489 2723 2555 clericis
2784 2513 2864 2555 ac
2925 2490 3128 2572 laicis,
3192 2491 3304 2577 qui
3365 2513 3513 2555 cum
3561 2513 3637 2556 eo
3700 2502 3905 2573 erant,
3966 2490 4341 2556 necessaria

1032 2599 1384 2663 ministrari
1433 2609 1497 2662 et
1543 2596 1842 2662 sinodum
1891 2609 2243 2685 expectare
2291 2598 2607 2684 precepit.
2681 2596 2816 2663 Sed
2836 2601 2891 2641 ¹⁰
2937 2609 3001 2662 et
3031 2596 3508 2662 Hildemannus
3539 2597 3961 2663 Belvacensis
3993 2598 4339 2685 episcopus

1033 2704 1464 2787 insimulatuS‚
1527 2703 1701 2791 quod
1751 2705 1919 2769 sicut
1967 2703 2205 2791 prefati
2252 2704 2548 2791 episcopi
2593 2703 2816 2790 fugam
2864 2704 2950 2768 ad
2993 2704 3378 2769 Lotharium
3425 2704 3778 2787 moliretur,
3831 2705 3898 2768 in
3947 2706 4339 2770 monasterio
4376 2726 4431 2766 ιο

1033 2812 1243 2876 sancti
1274 2810 1547 2875 Vedasti
1590 2810 1912 2892 detentus,
1960 2809 2260 2875 sinodum
2294 2812 2670 2897 expectavit
2689 2814 2760 2874 ¹¹.
2830 2810 2942 2874 Ad
2959 2815 3013 2854 ¹²
3043 2834 3238 2897 quam
3270 2834 3441 2876 anno
3475 2811 3940 2876 incarnationis
3972 2810 4338 2877 dominicae

1033 2918 1570 3004 octingentesimo
1631 2917 1957 2981 tricesimo
2006 2917 2230 3003 quinto
2277 2916 2616 2980 venientes
2665 2939 2887 2981 omnes
2935 2917 3248 3004 episcopi,
3298 2919 3411 3005 qui
3457 2928 3916 3000 convenerant,
3966 2918 4341 3004 singillatim

1031 3022 1284 3089 libellos
1332 3022 1414 3088 de
1461 3023 1867 3088 restitutione
1913 3023 2325 3110 imperatoris
2373 3023 2699 3087 communi
2747 3022 3019 3089 consilio
3076 3034 3272 3111 atque
3321 3047 3644 3090 consensu
3691 3024 4038 3089 ediderunt
4083 3035 4148 3089 et
4192 3046 4340 3112 pro·

1034 3132 1194 3218 priis
1243 3129 1544 3196 manibus
1606 3128 2151 3217 subscripserunt.
2246 3127 2415 3194 Cum
2465 3127 2700 3215 quibus
2748 3140 2814 3194 et
2872 3128 3042 3214 Eho,
3104 3141 3176 3195 ut
3238 3154 3308 3196 re
3370 3154 3531 3196 vera
3589 3132 3657 3195 in
3718 3141 3889 3195 statu
3949 3154 4065 3196 suo
4125 3130 4339 3196 adhuc

1037 3259 1330 3318 manens,
1394 3234 1685 3301 libellum
1746 3257 1944 3300 manu
2005 3258 2125 3300 sua
2184 3258 2334 3300 cum
2382 3234 2825 3300 additamento
2875 3237 3354 3326 archiepiscopi
3401 3238 3715 3324 scriptum
3765 3236 3989 3302 edidit.
4084 3238 4161 3302 In
4210 3260 4338 3325 quo
4377 3258 4432 3298 π

1032 3342 1251 3408 libello
1301 3342 1630 3430 professus
1679 3353 1744 3406 et
1791 3341 2105 3429 quicquid
2150 3343 2219 3406 in
2254 3342 2463 3428 ipsius
2499 3342 2908 3429 imperatoris
2947 3343 3455 3410 dehonoratione
3494 3356 3749 3431 gestum
3782 3345 3998 3409 fuerat
4029 3345 4340 3409 iniustum

1032 3450 1277 3514 factum
1341 3449 1584 3514 fuisse'.
1676 3449 1845 3514 Item
1904 3459 2052 3535 post
2109 3470 2353 3534 pauca:
2424 3448 2533 3512 ‘Et
2551 3451 2605 3491 ¹³
2666 3459 2814 3535 post
2879 3449 3064 3515 datos
3120 3450 3375 3515 libellos
3435 3451 3775 3516 venientes
3838 3452 4130 3539 episcopi
4192 3474 4340 3516 cum

1031 3558 1424 3643 imperatore
1474 3566 1538 3620 et
1584 3578 1781 3642 quam
1826 3554 2119 3642 plurimis
2168 3555 2307 3619 eius
2353 3552 2655 3618 fidelibus
2717 3577 2794 3620 ac
2855 3557 3042 3642 regni
3089 3556 3483 3643 primoribus
3529 3559 3597 3622 in
3643 3556 3875 3622 urbem
3921 3558 4340 3622 Mettensium

1031 3664 1100 3727 in
1147 3660 1420 3727 basilica
1465 3660 1641 3727 beati
1690 3661 2007 3748 Stephani
2051 3658 2314 3748 publice
2363 3682 2403 3724 a
2448 3659 2762 3747 Drogone
2785 3667 2837 3706 ¹⁴
2884 3663 3192 3751 episcopo
3252 3663 3497 3729 relecta
3542 3676 3694 3729 sunt
3739 3687 3907 3751 quae
3956 3664 4037 3730 de
4085 3664 4341 3729 restitu-

1031 3770 1208 3835 tione
1254 3769 1664 3856 imperatoris
1712 3768 2000 3832 omnium
2047 3766 2473 3832 unanimitate
2520 3767 2788 3833 inventa
2845 3769 3047 3834 fuere.
3139 3770 3301 3835 Post
3361 3771 3529 3836 hanc
3591 3770 4148 3836 adnuntiationem
4191 3770 4338 3836 Ebo
4377 3792 4432 3832 so

1031 3876 1383 3941 Remorum
1431 3876 1797 3961 episcopus,
1846 3874 1959 3961 qui
1982 3877 2033 3917 ¹⁵
2079 3871 2371 3937 eiusdem
2419 3871 2722 3937 factionis
2770 3875 2948 3941 velut
2993 3877 3264 3963 signifer
3293 3877 3526 3961 fuerat,
3575 3877 4024 3942 conscendens
4057 3876 4339 3943 eundem

1254 4134 1311 4205 1)
1378 4133 1474 4208 ΟΧ.
1527 4134 1767 4204 Simon,
1829 4134 1867 4191 l.
1916 4134 1953 4190 l.
2017 4133 2098 4204 II,
2149 4136 2231 4193 89
2276 4153 2417 4190 ann.
2469 4136 2523 4192 3.
2575 4136 2693 4193 116
2737 4152 2876 4190 ann.
2921 4136 2979 4191 5.
3166 4133 3227 4203 2)
3274 4133 3458 4191 Verba
3503 4136 3855 4191 abscedente
3895 4165 3968 4173 —
4005 4133 4336 4191 reconcilia-

1033 4250 1242 4299 verunt
1280 4241 1582 4317 paulisper
1628 4248 1844 4298 niutata
1889 4248 2195 4298 occurrunt
2238 4239 2434 4296 iterum
2469 4239 2527 4295 in
2559 4238 2862 4296 annalibus
2890 4238 3246 4296 Bertinianis
3276 4240 3360 4297 ad
3385 4260 3442 4297 a.
3478 4243 3636 4311 8:34,-
3682 4242 3718 4297 l.
3753 4242 3792 4297 l.
3831 4261 3897 4316 p.
3933 4246 3992 4301 8.
4156 4240 4218 4310 3)
4268 4240 4336 4297 In

1032 4350 1226 4408 eadem
1288 4356 1435 4405 certe
1495 4348 1728 4423 epistola
1784 4346 2099 4422 deperdita,
2160 4346 2313 4403 cuius
2359 4346 2707 4422 sraymenta
2757 4345 3121 4403 Flodoardus
3179 4346 3342 4422 operi
3382 4367 3482 4404 suo
3527 4346 3779 4405 inseruit.
3964 4348 4027 4414 4)
4080 4347 4170 4405 De
4213 4348 4340 4426 fide

1030 4464 1290 4532 suspecta
1337 4455 1498 4512 liuius
1542 4454 1899 4511 narrationis
1946 4453 2028 4524 cs.
2081 4453 2322 4523 Simson,
2372 4453 2407 4508 l.
2446 4453 2483 4509 l.
2519 4452 2600 4523 H,
2635 4455 2748 4512 131
2796 4472 2934 4508 ann.
2968 4456 3027 4523 5,
3091 4454 3161 4509 de
3207 4453 3361 4510 cuius
3407 4454 3812 4529 explanatione
3856 4456 3940 4511 ad
3970 4475 4038 4530 p.
4075 4457 4335 4531 131sqq.
4373 4472 4429 4513 ω

1031 4563 1376 4620 remittimus.
1538 4562 1600 4629 5)
1651 4559 1725 4616 Id
1767 4567 1849 4616 est
1892 4559 2148 4616 diocesim
2194 4559 2543 4616 Remensem.
2702 4558 2762 4626 6)
2811 4558 2870 4614 V.
2920 4558 3206 4634 epistolam
3256 4559 3556 4617 Paschalis
3602 4559 3649 4616 I.
3688 4580 3907 4636 papae,
3955 4581 4070 4637 qua
4119 4560 4243 4618 Eho
4290 4569 4343 4617 et

1032 4669 1413 4745 Halitqarius‚
1462 4669 1546 4725 ad
1583 4674 1782 4742 partes
1818 4665 2111 4741 Aquilonis
2157 4664 2325 4734 missi,
2375 4673 2435 4721 ut
2465 4665 2644 4743 fidem
2689 4663 2900 4723 Christi
2934 4673 3355 4742 propayarent,
3404 4666 3654 4723 omnibus
3689 4665 4029 4725 Christianis
4068 4687 4338 4725 commen·

1031 4776 1265 4845 dantur,
1313 4776 1469 4831 circa
1515 4776 1661 4833 822.
1711 4765 1888 4847 (MG.
1927 4770 2083 4846 Epp.
2130 4771 2193 4840 V,
2230 4774 2346 4840 68,·
2391 4769 2598 4843 Jaffe'-
2617 4770 2693 4827 Ε.
2743 4792 2799 4828 n.
2833 4768 3046 4846 2553).
3232 4772 3292 4842 7)
3340 4773 3402 4829 V.
3458 4770 3604 4830 MG.
3658 4772 3814 4849 Epp.
3862 4774 3926 4843 V,
3963 4777 4044 4833 70
4089 4793 4227 4835 ann.
4261 4777 4337 4843 4,-

1031 4880 1315 4954 Jaffe'·E.
1355 4900 1414 4936 n.
1449 4883 1636 4940 2564.
1790 4878 1852 4947 8)
1900 4876 2082 4935 Verba
2115 4877 2254 4935 haec
2291 4877 2493 4947 Waitz,
2527 4878 2565 4933 l.
2600 4880 2636 4934 l.
2672 4877 2845 4948 XIII,
2879 4881 3007 4937 472
3050 4897 3190 4935 ann.
3224 4882 3265 4937 5
3301 4879 3632 4937 Flodoardo
3664 4879 3960 4936 tribuenda
3995 4880 4334 4957 susfflcatur,

1031 4988 1287 5064 quamvis
1340 4987 1540 5044 mirum
1583 4986 1673 5056 sit,
1721 4986 1875 5061 quod
1916 5004 1988 5041 ea:
2034 4983 2119 5041 Itis
2164 4983 2361 5041 litteris
2405 4984 2716 5059 papalibus
2774 4984 2911 5040 alibi
2962 4984 3106 5041 nihil
3149 4986 3348 5043 attulit.
3443 4985 3576 5043 Item
3627 5007 3694 5043 ea
3741 5007 3812 5044 ex
3859 4987 4093 5061 epistola
4138 4988 4336 5062 deper-
4372 5005 4430 5045 ιο

1032 5094 1152 5151 dita
1199 5095 1533 5169 deprompta
1579 5111 1695 5150 esse
1742 5089 1921 5167 maqis
1953 5092 2218 5162 fortasse
2256 5092 2467 5165 placet.
2629 5089 2693 5160 9)
2747 5090 3039 5148 Fuldensi.
3199 5092 3302 5162 10)
3351 5093 3551 5162 Waitz,
3601 5095 3636 5149 l.
3672 5094 3708 5148 l.
3745 5093 3917 5163 XIII,
3951 5096 4079 5153 472
4122 5114 4262 5152 ann.
4297 5098 4338 5153 5

1032 5209 1215 5257 monet
1271 5200 1383 5257 iam
1440 5199 1566 5275 ipsa
1614 5198 1880 5274 epistolae
1924 5196 2096 5255 verba
2145 5197 2538 5254 Flodoardum
2585 5196 2901 5255 exscribere
2959 5198 3158 5268 videri,
3221 5201 3374 5275 quod
3427 5219 3556 5256 num
3619 5208 3789 5256 antea
3837 5200 4071 5271 fecerit,
4135 5202 4338 5258 certius

1035 5311 1264 5379 ίῃῂιῐῂψ·
1312 5311 1556 5379 masam-u
1636 5307 1836 5359 *ΛΜΗ-ἕω
1876 5331 1944 5359 us·
1980 5307 2208 5375 νμ-’.ετὴὺε
2254 5303 2494 5379 repetita
2543 5322 2676 5373 esse,
2723 5303 3067 5379 interpositis
3114 5313 3298 5363 tamen
3344 5306 3525 5363 verbis
3554 5306 3700 5362 Item
3731 5315 3863 5378 post
3894 5326 4076 5379 pauca
4106 5302 4172 5381 (l.
4205 5302 4334 5383 27),

1035 5419 1172 5467 Ita-m
1228 5431 1348 5483 μι-,μτ
1404 5419 1688 5479 aliquantu
1741 5428 1820 5484 sss„
1864 5416 1980 5467 jem
2029 5419 2060 5463 f..
2104 5415 2125 5463 I
2216 5409 2570 5467 crediderim.
2720 5410 2823 5481 11)
2874 5408 2972 5482 C's.
3020 5411 3329 5470 Hincmari
3372 5412 3607 5488 epistola
3652 5414 3736 5469 ad
3775 5411 4073 5471 Nicolaum
4112 5434 4334 5491 papam

1035 5523 1204 5583 dmm
1260 5521 1400 5591 πψμ,
1448 5523 1516 5575 Η,
1556 5527 1683 5575 :ms
1864 5523 1931 5571 122²
2012 5519 2180 5571 Γηὼν
2236 5515 2322 5571 Ad
2370 5536 2540 5589 quam
2578 5546 2651 5555 —
2688 5517 2900 5573 factum
2945 5517 3121 5574 fuisse
3169 5528 3474 5576 ocem-runt
3507 5519 3810 5594 paulisper
3853 5528 4070 5577 mutata
4115 5520 4176 5578 in
4222 5521 4336 5597 epi·
4372 5537 4430 5578 ω

1031 5633 1172 5679 sfmfss
1224 5627 1436 5679 n'rmvs'a‘rsss
1508 5627 1804 5679 f'm'ffffffzvnnfws
1852 5631 1966 5679 *Uis*
1996 5651 2008 5680 .·
2072 5643 2248 5695 ΑἨΙΜὙΙ
2298 5643 2365 5698 p.
2402 5626 2526 5683 697
2570 5625 2608 5680 l.
2642 5626 2885 5683 8-14.
3074 5624 3176 5693 13)
3229 5622 3327 5696 Cf.
3375 5624 3505 5682 tbld.
3554 5626 3591 5682 l.
3627 5629 3706 5686 16
3726 5647 3849 5703 sqq.
4038 5621 4141 5704 14)
4192 5628 4335 5685 Mel·

1031 5739 1188 5787 fvsis-s]
1344 5737 1434 5787 lsi}
1484 5735 1656 5783 Γννιήπ
1692 5739 1780 5799 ιμιὶ
1940 5735 2297 5785 s··l'·.·t·w:⁴.tltm
2334 5729 2637 5805 paulisper
2682 5737 2898 5787 mutata
2946 5730 3109 5788 ctiam
3158 5731 3217 5788 in
3263 5731 3565 5790 απηαῖἰόυε
3595 5732 3952 5792 Bertimanoe
3987 5735 4154 5792 ada·
4189 5737 4333 5794 835.

1035 5843 1095 5895 Η,
1136 5843 1168 5895 θ’.
1216 5863 1272 5913 μ
1320 5847 1412 5895 Ηᾉ·
1472 5863 1636 5911 πέψω
1684 5864 1724 5911 J*
1784 5849 1904 5890 misr-1¹1·
1956 5843 1984 5888 ιθ,
2029 5843 2096 5895 ,ζ’-ἐ
2185 5830 2327 5912 ’,29)
2378 5835 2756 5894 inveniuntur.
