4884 6717
616 512 681 574 512
1085 514 1137 570 44.
1174 514 1393 571 concitabat
1416 515 1642 571 PARISIENSE
1667 515 1704 570 A.
1725 514 1799 570 825.

617 721 645 769 et
674 714 740 768 fecit
770 713 906 767 hominem
937 711 1048 784 imagini
1073 711 1137 765 Dei.
1183 711 1255 775 Quid
1287 711 1380 764 enirn?
1426 712 1499 782 Ergo
1530 711 1595 781 quia
1627 711 1717 781 imago
1751 719 1792 765 est
1815 711 1896 764 homo
1921 711 1985 774 Dei,
2015 711 2142 765 idolatria
2167 719 2219 776 est,
2249 711 2278 763 id

617 827 659 875 est
680 822 814 875 idolomin
838 820 945 873 cultura
969 825 1011 873 cst
1034 825 1062 872 et
1084 818 1234 889 impietas?
1271 818 1457 888 Nequaquam
1480 815 1537 870 fiat.
1577 816 1604 871 Si
1629 819 1701 872 enim
1724 818 1813 872 Adam
1837 819 1929 888 imago
1951 819 2125 878 daemonum,
2149 817 2279 871 abiectus

616 929 668 983 fuit
690 935 719 982 et
742 926 965 997 inacceptabilis3
994 927 1041 979 sed
1065 926 1131 995 quia
1154 924 1246 996 imago
1270 923 1324 977 Dei
1348 930 1399 992 est,
1422 924 1590 977 honorabilis
1614 931 1654 977 est
1678 930 1705 978 ct
1728 925 1916 994 acceptabilis.
1965 926 2060 980 thanis
2084 925 2157 978 errim
2181 925 2276 994 imago

616 1034 644 1089 in
672 1033 780 1088 nomine
804 1032 916 1087 Domini
947 1039 994 1086 ant
1024 1033 1185 1103 angelorum
1215 1037 1263 1084 ant
1293 1030 1486 1100 prophetamm
1518 1038 1564 1083 aut
1594 1032 1781 1100 apostolorum
1812 1039 1859 1084 aut
1889 1040 2039 1103 inartpnnun
2068 1041 2116 1086 aut
2140 1033 2275 1085 iustorrun

617 1147 710 1194 sancta
735 1147 791 1206 est3
815 1156 869 1193 non
893 1139 965 1192 enim
989 1139 1092 1209 lignum
1108 1138 1248 1202 adoratur,
1271 1138 1319 1190 sed
1342 1137 1374 1204 is,
1397 1138 1443 1207 qui
1461 1137 1487 1189 in
1504 1137 1578 1206 ligno
1595 1145 1822 1191 commemoratur
1837 1148 1864 1192 et
1879 1139 2091 1209 contemplatur,
2112 1139 2310 1192 honoratum

617 1247 719 1301 Omnes
742 1247 813 1300 enirn
837 1264 887 1299 nos
909 1245 1073 1298 honoramus
1097 1244 1200 1298 iudices
1224 1253 1251 1296 et
1274 1244 1435 1304 salutamus,
1465 1243 1571 1297 ehamsi
1600 1250 1761 1313 peccatores
1791 1245 1852 1298 sint.
1899 1245 1972 1310 Quid
1996 1245 2084 1317 ergo?
2130 1245 2273 1315 anquid

615 1372 670 1408 non
693 1354 825 1408 debemus
848 1353 965 1406 adorare
989 1359 1098 1405 sanctos
1113 1351 1167 1404 Dei
1184 1366 1277 1403 servos
1294 1357 1321 1402 et
1337 1358 1449 1419 proptor
1463 1350 1620 1404 memoriam
1641 1368 1733 1403 eonnn
1757 1352 1922 1405 constituere
1947 1361 1974 1404 et
1998 1352 2104 1422 erigere
2128 1351 2274 1422 imagines,

616 1462 691 1531 quod
714 1478 769 1513 non
792 1458 1009 1512 obliviscentis?
1044 1456 1099 1511 Sed
1122 1458 1206 1524 dices,
1230 1457 1295 1527 quia
1319 1457 1376 1526 ipse
1395 1456 1470 1510 l)ens
1493 1458 1636 1526 praecepit
1659 1466 1687 1510 et
1710 1474 1764 1511 non
1788 1458 1904 1513 adorare
1928 1477 1978 1511 nos
2001 1458 2182 1512 manufactos.
2218 1458 2272 1512 Dic

615 1568 720 1638 itaque,
743 1585 759 1619 0
783 1565 897 1630 Iudaeo,
920 1565 1005 1636 quale
1029 1569 1234 1633 superterram
1258 1581 1312 1616 non
1336 1573 1376 1616 est
1400 1563 1586 1617 manufactum
1610 1572 1671 1633 post
1694 1563 1828 1617 facmram
1851 1565 1928 1618 Dei?
1974 1565 2046 1629 Quid
2069 1570 2158 1635 ergo?
2196 1565 2272 1618 Arca

615 1673 680 1738 Dei,
703 1690 776 1743 quae
800 1689 835 1726 er
858 1671 940 1742 lignis
963 1670 1067 1724 Sethim
1091 1669 1228 1723 fabricata
1251 1678 1335 1739 atque
1359 1677 1513 1723 constructa
1537 1677 1588 1732 est,
1610 1688 1665 1723 non
1688 1670 1739 1723 fuit
1762 1671 1929 1736 manufacta,
1959 1679 1986 1724 ct
2010 1673 2098 1725 altare
2127 1677 2155 1724 et
2178 1673 2270 1741 propi·
2294 1681 2322 1721 to

616 1780 754 1833 tiatorium
784 1785 812 1832 et
834 1797 912 1846 urna,
942 1794 1015 1848 quae
1048 1775 1143 1830 babuit
1166 1794 1276 1838 manna,
1306 1786 1334 1828 et
1364 1793 1457 1830 mensa
1488 1783 1516 1829 et
1540 1777 1650 1830 lucerna
1679 1785 1707 1830 et
1729 1776 1938 1831 tabernaculum
1961 1779 2074 1832 interius
2097 1787 2124 1832 et
2149 1779 2271 1832 exterius

616 1904 671 1940 non
694 1887 803 1939 fuerumt
827 1903 860 1938 ex
884 1884 1011 1955 operibus
1034 1901 1162 1937 nrarnmm
1185 1883 1333 1942 hominnm,
1357 1899 1429 1952 quac
1453 1882 1583 1936 Salomon
1606 1882 1693 1936 fecit?
1728 1884 1764 1937 Et
1782 1901 1831 1937 cur
1845 1893 1941 1937 sancta
1957 1891 2112 1938 sanctorum
2128 1896 2271 1952 vocantur,

617 1992 775 2047 manufacta
799 1991 965 2046 existentia?
999 1991 1042 2044 lta
1061 1989 1210 2043 Cherubim
1230 1995 1258 2043 et
1281 2007 1407 2042 senarum
1430 1990 1536 2042 alanmr
1559 1990 1586 2042 in
1610 1990 1723 2042 circuitu
1745 1990 1927 2060 propitiatorii
1952 2009 2004 2044 non
2028 1991 2137 2045 filerunt
2161 2001 2270 2046 statuae

618 2107 646 2154 et
669 2099 802 2170 imagines
830 2097 1000 2168 angelorum,
1030 2114 1115 2165 opera
1144 2113 1273 2149 marinum
1302 2096 1461 2149 hominum?
1507 2096 1542 2149 Et
1570 2097 1707 2166 quomodo
1737 2115 1791 2150 non
1822 2097 1996 2151 abiciuntur?
2042 2096 2097 2151 Sed
2130 2099 2194 2168 quia
2220 2116 2271 2168 per

617 2211 794 2277 praeceptum
819 2205 872 2258 Dei
903 2203 1035 2274 imagines
1065 2203 1156 2256 factae
1180 2207 1243 2254 sunt
1265 2203 1435 2272 angelonnn,
1465 2209 1559 2254 sancta
1583 2211 1654 2266 sunt,
1685 2203 1748 2256 licet
1775 2211 1883 2257 stabiae
1906 2204 2015 2258 hierint.
2060 2205 2169 2258 Etenim
2194 2205 2270 2258 idola
2293 2217 2320 2260 ιι

617 2312 749 2385 gentina,
779 2311 845 2381 quia
874 2310 1006 2380 imagines
1036 2308 1146 2362 fuerunt
1176 2309 1349 2376 daemonrun,
1382 2308 1459 2361 Deus
1488 2308 1625 2378 prohibuit
1655 2317 1683 2361 et
1714 2310 1905 2363 condemnarit
1936 2328 1978 2363 ea.
2025 2312 2082 2364 Nos
2109 2319 2201 2364 autern
2233 2312 2269 2364 ad

618 2419 776 2472 memoriam
799 2423 954 2471 sanctorum
977 2416 1109 2486 imagines
1132 2415 1248 2468 facimus
1271 2414 1410 2478 Abrahae,
1434 2415 1523 2484 Moysi
1548 2423 1575 2468 et
1591 2415 1702 2482 Heliae,
1725 2416 1814 2470 Isaiae
1831 2425 1859 2470 et
1875 2417 2025 2471 Zachariae
2049 2425 2076 2472 ct
2099 2419 2268 2488 reliquorum

617 2526 821 2597 prophetarum,
844 2523 1030 2594 apostolorum
1054 2529 1081 2575 et
1103 2529 1252 2593 martyrum
1276 2529 1439 2586 sanctornm,
1463 2521 1509 2590 qui
1534 2529 1647 2590 propter
1662 2523 1753 2576 Deum
1773 2523 1929 2593 interempti
1953 2533 2025 2592 sunt,
2048 2532 2077 2577 ut
2101 2525 2196 2584 omnis,
2221 2526 2269 2595 qui

617 2634 693 2687 videt
716 2650 763 2687 eos
786 2632 813 2685 in
837 2630 966 2702 imagine,
995 2635 1161 2683 memoretur
1191 2645 1284 2682 eorum
1313 2636 1340 2681 et
1362 2626 1499 2698 glorificet
1522 2627 1623 2688 Deum,
1653 2629 1699 2697 qui
1722 2628 1886 2698 glorificavit
1910 2649 1966 2684 eos.
2012 2632 2101 2685 Decet
2124 2632 2195 2686 enirn
2220 2650 2269 2686 eos

616 2741 703 2794 honor
726 2748 753 2792 et
776 2738 900 2792 adoratio
924 2743 952 2791 et
975 2735 1175 2789 commendatio
1199 2735 1347 2788 secundum
1370 2734 1500 2786 iustitiam
1523 2751 1626 2794 eorum,
1649 2743 1678 2787 ut
1702 2753 1806 2800 onmes,
1830 2737 1876 2806 qni
1900 2737 1994 2791 rident
2013 2755 2070 2798 eos,
2093 2738 2223 2791 festinent
2240 2747 2270 2790 ct
2290 2754 2320 2793 ao

615 2847 667 2917 ipsi
690 2845 840 2899 imitatores
864 2842 937 2897 effici
961 2842 1098 2896 actionum
1121 2859 1225 2894 eorum.
1260 2840 1339 2904 Quae
1363 2839 1435 2893 enirn
1460 2849 1500 2892 cst
1524 2841 1646 2893 adoratio
1671 2842 1720 2894 nisi
1744 2842 1832 2896 honor
1854 2844 2052 2903 tantrmunodo,
2075 2843 2144 2897 sicut
2167 2853 2194 2896 et
2218 2863 2269 2898 nos

615 2959 776 3024 peccatores
798 2952 944 3004 adoramus
968 2956 995 3002 et
1018 2949 1168 3002 salutamus
1190 2965 1241 3000 nos
1264 2948 1424 3000 alterutrum
1446 2947 1594 3000 secuudum
1617 2948 1749 3002 honorem
1772 2960 1799 3002 et
1822 2949 2017 3004 dilectionem?
2051 2950 2159 3004 Etenim
2175 2951 2268 3004 Deum

615 3068 736 3113 nostmm
758 3077 813 3112 non
837 3057 918 3111 aliter
941 3057 1085 3109 adoramus
1108 3062 1137 3108 et
1158 3052 1345 3125 glorificamus
1368 3060 1396 3105 et
1419 3054 1657 3107 contremiscimus.
1705 3055 1799 3126 Imago
1823 3063 1864 3108 est
1887 3057 2034 3110 similitudo
2064 3058 2131 3122 eius,
2161 3058 2207 3127 qui
2239 3058 2268 3111 in

617 3184 651 3220 ea
679 3166 848 3235 conscriptus
880 3172 929 3218 est.
976 3162 1055 3232 lmpii
1085 3168 1187 3231 autem,
1221 3161 1268 3230 qui
1298 3161 1399 3213 bonum
1429 3179 1483 3213 non
1514 3169 1608 3230 agimt,
1637 3180 1729 3232 neque
1758 3171 1913 3217 sanctonmi
1940 3173 2183 3217 commemorantes
2212 3183 2269 3218 nou

615 3272 779 3343 prohibeant
810 3288 901 3341 neque
932 3269 1121 3323 scandalizent
1150 3285 1207 3338 eos,
1237 3269 1285 3337 qui
1315 3267 1491 3320 benefaciunt
1521 3274 1549 3320 et
1578 3267 1713 3322 honorant
1743 3277 1849 3323 sanctos
1879 3277 1907 3323 et
1936 3287 2029 3324 servos
2053 3272 2106 3324 Dei
2136 3281 2164 3324 et
2193 3289 2267 3324 com·
2288 3283 2317 3323 ιε

616 3385 801 3433 memorantur
824 3395 933 3444 eorum3
957 3376 1111 3428 mercedem
1135 3374 1205 3428 eninr
1229 3374 1320 3427 bonae
1343 3374 1510 3442 operationis
1533 3374 1676 3444 accipient.
1712 3376 1791 3444 hnpii
1814 3394 1879 3430 vero
1903 3378 2051 3430 secundum
2073 3378 2147 3447 qnod
2163 3379 2267 3448 cogita-

616 3494 715 3539 verunt
737 3484 878 3538 habebunt
904 3481 1081 3536 desolationis
1104 3480 1340 3534 inhonorationem
1364 3480 1433 3533 sicut
1456 3480 1491 3542 id,
1520 3481 1595 3550 quod
1626 3481 1724 3535 iustum
1755 3489 1823 3550 erat,
1852 3484 2026 3555 negligentes
2056 3493 2084 3537 et
2107 3502 2124 3537 a
2149 3485 2267 3538 Domino

617 3594 786 3645 recedentes.
820 3590 939 3660 Propter
961 3587 1120 3641 memoriam
1143 3604 1264 3657 namque
1287 3587 1314 3639 in
1338 3586 1500 3656 imaginibus
1515 3587 1721 3641 conscribuntur
1736 3595 1763 3642 et
1778 3589 1955 3654 honorantur,
1977 3591 2059 3644 immo
2074 3601 2102 3644 et
2118 3592 2269 3644 adorantur

617 3698 704 3752 sancti
727 3698 797 3751 sieut
820 3696 890 3749 servi
915 3696 979 3764 Dei,
1003 3702 1033 3747 ut
1055 3712 1104 3764 pro
1128 3693 1207 3747 nobis
1230 3693 1399 3746 divinitatem
1424 3693 1475 3745 sint
1500 3702 1644 3747 exorantes
1666 3702 1751 3765 atque
1776 3696 1967 3766 implorantes,
1995 3698 2105 3768 dignum
2131 3699 2200 3752 enim
2225 3707 2268 3751 est

617 3803 822 3858 commemorari
847 3803 987 3855 doctonun
1010 3807 1163 3854 nostrorum
1185 3807 1214 3853 et
1236 3799 1339 3870 gratias
1362 3799 1464 3852 referre
1489 3799 1558 3852 Deo.
2287 3816 2315 3856 ω

724 3918 807 3982 Item
831 3917 934 3980 sancti
959 3914 1112 4001 Dyonisii
1135 3913 1347 3998 Ariopagitae
1370 3912 1579 3977 Atheniensis
1604 3918 1749 4001 episcopi
1772 3918 1805 3980 in
1830 3917 1977 4003 epistola,
2008 3941 2105 4003 quam
2137 3919 2267 4004 scripsit

618 4026 661 4089 ad
685 4036 830 4088 sanctum
855 4022 1033 4086 Iohannem
1059 4019 1305 4105 evangelistam,
1329 4022 1414 4082 inter
1437 4031 1546 4083 cetera
1569 4021 1699 4106 inquid:
1724 4029 1817 4096 Quid¹
1840 4034 1974 4096 niimbile,
1997 4034 2018 4088 si
2035 4033 2158 4088 Christis
2173 4053 2267 4098 verax,

619 4151 647 4196 et
670 4142 817 4211 discipulos
840 4139 924 4210 iniqui
949 4140 983 4192 de
1007 4137 1162 4190 civitatibus
1186 4136 1296 4196 eiciunt,
1320 4136 1369 4205 ipsi
1393 4137 1476 4207 digne
1500 4137 1548 4189 sibi
1572 4138 1732 4198 iudicantes,
1757 4146 1784 4192 et
1807 4142 1841 4193 dc
1866 4159 1943 4194 sacro
1959 4142 2085 4194 scelerati
2102 4142 2267 4195 interdicunt

618 4257 646 4303 et
669 4249 850 4302 recedentes?
884 4246 916 4299 ln
939 4245 1055 4299 veritate
1079 4251 1106 4298 et
1129 4243 1274 4297 nranifeste
1305 4243 1438 4314 imagines
1460 4252 1521 4295 sunt
1551 4244 1672 4298 visibiles
1703 4245 1892 4308 invisibilium
1923 4265 1972 4301 nec
2004 4248 2075 4301 enirn
2098 4248 2127 4301 in
2149 4249 2268 4302 sacculis

618 4353 871 4426 supervenientibus
893 4351 1039 4422 culpabilis
1062 4351 1114 4405 erit
1137 4369 1170 4404 ex
1195 4350 1253 4404 eius
1276 4350 1377 4403 iustitia
1401 4359 1540 4419 respectus
1564 4351 1625 4404 Dei.
2006 4356 2013 4370 '
2287 4367 2314 4406 as

726 4469 808 4532 Item
833 4466 978 4531 eiusdem
1004 4464 1043 4529 de
1069 4465 1200 4529 caelesti
1225 4462 1340 4527 militia
1365 4475 1396 4526 et
1419 4464 1520 4527 infra:
1552 4471 1719 4528 Praedicta²
1742 4477 1813 4530 enim
1837 4478 1998 4547 incorporea
2021 4479 2131 4549 agmina
2154 4479 2269 4534 dirersis

618 4585 756 4641 coloribus
780 4583 968 4656 effigurantur,
991 4582 1224 4652 conpositionibus
1247 4580 1337 4646 variis,
1362 4580 1488 4650 quatinus
1512 4581 1549 4634 sic
1573 4582 1656 4636 tacite
1680 4585 1860 4653 nosmetipsos
1883 4602 1934 4654 per
1948 4586 2145 4638 sacratissimas
2160 4585 2269 4658 effigies

618 4695 655 4748 ad
682 4693 821 4763 simplices
855 4699 883 4744 et
912 4689 1099 4759 incorporales
1132 4689 1179 4758 pia
1208 4693 1299 4740 mente
1329 4693 1507 4740 transcamus.
1560 4689 1669 4742 Etenim
1704 4689 1871 4759 impossibile
1907 4699 1948 4744 est
1977 4698 2086 4746 nostrae
2118 4694 2201 4746 menti
2231 4695 2268 4746 ad

619 4802 780 4870 incorporea
799 4798 848 4852 illa
871 4797 1038 4868 pertingere,
1061 4795 1187 4849 caelestis
1205 4794 1319 4847 militiae
1339 4794 1515 4846 imitationem
1535 4795 1732 4865 visionemque,
1754 4797 1804 4849 nisi
1827 4815 1877 4866 per
1900 4800 2096 4852 elementorum
2119 4800 2270 4869 poterimus

618 4907 754 4960 visibilem
776 4907 903 4960 decorem
928 4905 963 4958 ad
987 4902 1151 4955 invisibilem
1175 4900 1441 4970 pulcherrimamque
1464 4901 1561 4973 attingi
1587 4900 1708 4973 effigiem
1731 4911 1759 4956 et
1774 4903 1894 4958 risibiles
1912 4905 2119 4976 odoriferasque
2136 4906 2270 4977 imagines
2288 4927 2317 4965 eo

617 5013 745 5067 rationali
769 5012 915 5066 traditione
939 5009 1089 5064 invisibiles
1112 5007 1259 5078 praefulgi,
1282 5009 1314 5061 et
1337 5009 1454 5061 cetera.

730 5249 940 5318 2dacrn0num]
958 5253 1010 5303 scil.
1031 5261 1110 5302 esset.
1202 5250 1437 5316 boontemplatus
1458 5251 1489 5301 Ρ.
1575 5253 1605 5301 11
1627 5253 1739 5303 inferius
1760 5251 1790 5303 P.
1881 5256 1913 5305 14
1932 5250 2075 5321 imagines]
2095 5258 2219 5321 magides
2239 5259 2271 5309 P.

620 5347 653 5395 16
673 5361 720 5394 eas
739 5342 769 5394 P.
844 5347 876 5394 19
897 5345 935 5393 eis
955 5343 985 5393 P.
1059 5344 1166 5392 2311011
1184 5340 1251 5389 deest
1269 5338 1299 5388 P.
1364 5340 1607 5393 crassescere.
1675 5344 1708 5392 30
1727 5343 1836 5392 referre
1857 5343 1887 5393 P.
1952 5346 1985 5394 33
2004 5340 2101 5409 iniqui]
2123 5346 2219 5411 inquid
2240 5345 2273 5398 P.

619 5436 653 5485 34
673 5429 715 5497 In]
735 5451 751 5484 a
769 5433 800 5483 P.
874 5437 907 5483 39
927 5427 989 5497 nisi]
1008 5431 1101 5481 nisisi
1122 5429 1155 5481 P.

730 5651 759 5718 1)
791 5649 945 5722 Dionysius
974 5648 1160 5725 Areopagites,
1194 5646 1287 5722 Epist.
1313 5650 1351 5706 10
1381 5649 1423 5703 ad
1452 5645 1604 5703 Iohannem
1636 5668 1753 5724 evanq.;
1789 5647 1863 5724 Opp.
1895 5651 1938 5707 ed.
1965 5649 2118 5709 Cerdonis
2147 5652 2173 5722 I,
2199 5659 2326 5716 621111

620 5757 669 5829 Os,
691 5755 842 5814 Hadriani
858 5753 947 5830 epist,
969 5754 1041 5813 MG.
1063 5755 1142 5831 Epp.
1161 5755 1193 5825 V,
1212 5757 1261 5814 32.
1354 5753 1384 5822 2)
1410 5753 1563 5826 Dionysius
1580 5755 1765 5831 Areopagites,
1785 5756 1831 5813 De
1850 5757 1962 5813 caelesti
1979 5757 2142 5815 dinarchus
2161 5760 2184 5817 Ι
2195 5754 2222 5839 ἕ
2239 5766 2261 5822 3
2269 5787 2279 5834 ,-

620 5864 695 5941 Opp.
712 5864 736 5935 I,
753 5867 783 5924 2.
820 5861 871 5936 Cf.
895 5862 1044 5920 Hadriani
1066 5861 1156 5938 epist,
1183 5858 1258 5918 ΜΟ.
1284 5860 1340 5936 Ep.
1361 5860 1392 5930 V,
1411 5862 1503 5936 32sq.

1944 6409 2426 6703 A
