4884 6717
527 516 592 579 524
996 522 1048 577 44.
1084 521 1304 578 contusum
1326 519 1554 577 PARISIENSE
1579 521 1615 576 Α.
1637 521 1711 577 825.

635 708 785 774 RATIO.
824 708 924 795 Apud
940 731 1052 772 omnes
1068 710 1168 793 igitur
1183 708 1279 773 huius
1303 719 1435 772 sanctae
1453 707 1675 774 Occidentalis
1695 707 1865 789 ecclesiae,
1890 730 1974 794 quae
1991 731 2025 772 se
2042 708 2180 771 auctori-

526 827 593 881 tate
623 814 792 880 beatomm
824 815 1043 901 apostolorum
1073 816 1162 879 Petri
1194 827 1227 878 et
1256 814 1360 895 Pauli,
1391 813 1550 899 largiente
1575 813 1727 895 Domino,
1759 813 1846 895 fidei,
1879 815 1949 900 spei
1979 827 2013 878 et
2036 813 2180 878 caritatis

528 923 704 1009 sumpsisse
736 921 907 986 exordium
938 921 1104 1007 gloriatur,
1135 923 1181 986 ita
1210 922 1367 986 hactenus
1398 943 1458 1008 per
1487 920 1620 984 eosdem
1648 920 1811 1006 apostolos
1842 934 2032 1007 protegente
2058 920 2182 1007 Spiritu

529 1041 641 1093 sancto
672 1041 704 1093 et
734 1029 814 1114 ipsis
845 1027 1123 1092 intercedentibus
1154 1050 1193 1091 ac
1225 1026 1471 1113 protegentibus
1502 1025 1543 1090 ab
1568 1028 1654 1091 omni
1678 1027 1786 1092 heresi
1810 1027 1946 1092 inlibata
1968 1048 2180 1112 nuncusque

529 1147 723 1200 conservata
746 1147 805 1216 est,
829 1146 865 1199 ut
888 1157 953 1198 non
978 1134 1080 1199 solum
1103 1136 1176 1220 ipsa
1199 1133 1242 1198 ad
1267 1132 1435 1221 quodlibet
1458 1135 1576 1198 erroris
1597 1134 1825 1198 diverticulum
1841 1136 1973 1199 minime
1991 1133 2181 1214 declinaret,
2200 1153 2213 1192 s

529 1243 589 1306 sed
612 1244 719 1328 potius
744 1265 855 1306 omnes
879 1265 899 1305 a
922 1253 1010 1306 recto
1027 1241 1104 1305 fidei
1121 1242 1249 1305 tramite
1268 1263 1397 1327 quoquo
1414 1239 1510 1304 modo
1527 1239 1696 1304 deiiantes
1713 1262 1772 1326 per
1788 1240 1987 1305 orthodoxos
2003 1239 2181 1305 eorundem

530 1371 735 1413 successores
766 1360 833 1412 toto
866 1347 944 1412 orbe
975 1359 1135 1412 terrarum
1165 1347 1208 1411 ad
1232 1347 1460 1412 rectitudinem
1484 1347 1591 1432 potius
1615 1358 1795 1411 revocaret.
1843 1348 1951 1411 Testis
1975 1349 2060 1412 enim
2085 1347 2181 1412 huius

528 1457 576 1519 rei
607 1479 672 1519 non
707 1454 844 1541 quilibet
879 1454 1033 1540 angulus,
1069 1455 1127 1519 sed
1163 1454 1251 1518 orbis
1285 1465 1446 1518 terrarum
1479 1454 1667 1535 universus,
1701 1455 1795 1539 quia,
1832 1455 1981 1539 quotiens
2011 1453 2092 1518 tales
2122 1476 2183 1540 per

529 1561 688 1626 mundum
712 1562 920 1647 quaestiones
943 1572 1051 1625 motae
1076 1571 1160 1642 sunt,
1192 1582 1278 1646 quae
1302 1558 1345 1624 ad
1367 1547 1548 1645 periculum
1571 1559 1650 1623 fidei
1673 1559 1868 1624 universalis
1892 1559 2053 1625 ecclesiae
2077 1562 2181 1625 immi·

528 1691 606 1732 nere
631 1666 838 1754 putabantur,
863 1666 905 1730 ob
929 1666 1160 1732 inveniendam
1183 1668 1415 1752 inventamque
1440 1664 1699 1731 conservandam
1723 1666 1901 1731 catholicae
1918 1666 1995 1731 fidei
2012 1668 2181 1732 veritatem
2203 1687 2228 1724 10

529 1798 659 1861 semper
689 1775 749 1838 hoc
781 1775 974 1838 universalis
1006 1774 1155 1856 ecclesia,
1188 1773 1229 1837 ob
1261 1787 1432 1859 praesente
1463 1773 1558 1836 huius
1589 1774 1794 1837 sanctitatem
1826 1773 1912 1836 sedis
1944 1773 2096 1859 pontifice
2126 1784 2183 1837 aut

530 1897 617 1946 certe
649 1905 722 1946 cum
748 1904 909 1946 consensu
933 1881 1018 1945 illius
1042 1879 1152 1945 verbis
1176 1881 1229 1945 vel
1252 1881 1367 1945 litteris
1390 1889 1551 1966 porrecto,
1583 1881 1745 1964 corrigere
1770 1892 2016 1967 correctumque
2040 1879 2082 1944 ad
2106 1903 2181 1944 con-

529 1988 726 2052 servandum
751 2000 891 2052 statuere
916 1989 1096 2053 consucvit.

638 2094 741 2159 Simili
766 2095 861 2159 modo
885 2095 983 2159 etiarn
1008 2096 1097 2159 etin
1121 2094 1181 2174 his,
1206 2116 1290 2180 quae
1314 2093 1356 2157 ad
1381 2092 1638 2160 conservandum
1662 2093 1696 2155 in
1720 2092 1869 2156 humanis
1892 2093 2019 2158 actibus
2035 2092 2181 2158 eiusdem

530 2201 688 2266 ecclesiae
714 2199 1035 2266 incontaminabilem
1061 2213 1190 2281 statum,
1214 2200 1404 2264 moderante
1420 2222 1485 2264 non
1502 2198 1649 2286 qualibet
1665 2198 1777 2263 dolosa
1792 2198 1845 2263 vel
1862 2200 2039 2286 sophistica
2054 2222 2182 2264 necnon
2202 2226 2227 2265 rs

530 2308 652 2394 duplici
677 2308 864 2390 calliditate,
889 2308 947 2372 sed
970 2309 1107 2372 veritate
1132 2306 1283 2387 subnixa,
1308 2305 1447 2392 simplici
1471 2307 1596 2370 ratione
1618 2306 1754 2391 ipsaque
1771 2306 1977 2388 discretione,
2001 2306 2180 2389 honestate,

529 2414 679 2494 utilitate,
704 2415 827 2500 pariter
851 2414 1013 2478 inradiata
1036 2416 1171 2497 ratione,
1196 2436 1262 2477 non
1286 2413 1388 2477 solum
1412 2414 1512 2476 noxia
1535 2412 1587 2476 vel
1611 2414 1738 2495 nociva,
1763 2434 1876 2477 verum
1900 2435 2029 2499 quoque
2054 2424 2087 2477 et
2109 2416 2182 2500 ipsa

530 2520 695 2608 superflua
718 2533 749 2585 et
772 2545 837 2584 non
860 2523 1047 2584 necessaria
1062 2543 1210 2585 resecare
1228 2521 1397 2584 consuevit
1413 2532 1445 2583 et
1461 2542 1509 2600 ea,
1534 2529 1569 2582 ut
1583 2518 1786 2604 praedictum
1803 2529 1861 2602 est,
1886 2543 1969 2606 quae
1985 2518 2028 2585 ad
2044 2520 2182 2585 salutem

529 2629 628 2693 totius
652 2628 811 2692 ecclesiae
836 2629 999 2714 pertinere
1024 2638 1056 2691 et
1080 2628 1213 2713 insuper
1235 2627 1350 2690 merito
1367 2626 1477 2689 caveri
1500 2648 1565 2690 non
1590 2623 1788 2706 debuissent,
1820 2625 2009 2690 disserendo
2034 2638 2066 2691 et
2096 2627 2181 2692 ordi-

529 2734 638 2799 nando
663 2736 789 2799 sancire
814 2735 908 2799 solita
931 2735 1001 2815 fuit,
1026 2745 1058 2798 et
1081 2734 1142 2797 hoc
1166 2757 1231 2796 non
1254 2732 1476 2797 tantummodo
1501 2732 1541 2797 de
1566 2755 1667 2797 causa
1688 2731 1765 2796 fidei
1781 2733 1844 2814 vel,
1870 2734 1954 2798 sicut
1968 2736 2182 2820 praemissum
2201 2759 2228 2797 so

531 2851 590 2922 cst,
616 2841 656 2905 de
681 2852 765 2905 statu
790 2840 923 2906 humani
947 2843 1077 2926 generis
1100 2840 1153 2904 vel
1178 2864 1274 2904 cursu
1297 2839 1510 2920 rectitudinis,
1535 2862 1648 2903 verum
1673 2862 1801 2926 quoque
1818 2839 1859 2904 de
1876 2842 1963 2903 omni
1979 2840 2181 2905 dissensione

530 2950 563 3012 in
587 2959 700 3013 sancta
724 2949 789 3012 Dei
813 2948 962 3027 ecclesia,
994 2970 1077 3033 quae
1101 2970 1216 3033 pacem
1241 2946 1329 3011 illam
1351 2945 1484 3011 turbare
1508 2944 1691 3027 videbatur,
1722 2968 1819 3032 quam
1844 2946 2004 3011 Dominus
2028 2947 2181 3033 apostolis

384 3076 512 3125 aaran.
530 3067 563 3120 et
592 3078 651 3142 per
680 3054 843 3142 apostolos
873 3053 967 3118 nobis
998 3053 1148 3117 omnibus
1178 3054 1336 3117 vicariam
1366 3055 1571 3139 praesentiae
1603 3075 1680 3116 suae
1711 3052 1885 3139 dereliquit
1907 3052 2036 3116 dicens:
2067 3054 2181 3120 Parem

529 3187 628 3226 meam
654 3162 694 3226 do
719 3163 816 3240 eodm,
833 3187 946 3247 pacem
971 3187 1070 3226 means
1096 3162 1239 3246 relinquo
1264 3163 1359 3225 uobis.
1406 3159 1614 3246 Ubicumque
1645 3182 1703 3245 per
1733 3158 1901 3244 quodlibet
1931 3161 2061 3246 pietatis
2086 3183 2180 3246 argu·

530 3278 673 3331 mentum
702 3268 888 3353 pertingere
918 3268 1032 3353 potuit,
1060 3288 1188 3353 semper
1211 3267 1306 3330 huius
1330 3277 1463 3330 sanctae
1488 3265 1575 3330 sedis
1597 3267 1740 3330 vicarius
1764 3265 1993 3352 apostolorum,
2018 3266 2180 3353 quaedam
2200 3291 2227 3330 aa

531 3373 712 3454 mulcendo,
748 3373 910 3460 quaedam
939 3397 1028 3454 vero,
1065 3375 1092 3436 si
1122 3375 1168 3437 ita
1197 3396 1250 3437 res
1280 3373 1491 3458 poposcisset,
1527 3372 1657 3436 sublimi
1685 3395 1724 3437 ac
1755 3373 1943 3436 veneranda
1978 3374 2180 3456 auctoritate,

530 3493 566 3544 ut
590 3480 723 3564 dignum
748 3491 827 3562 erat,
852 3480 999 3544 docendo
1023 3482 1209 3566 pariterque
1234 3478 1464 3565 praedicando,
1484 3479 1526 3542 ad
1543 3480 1633 3565 pacis
1651 3479 1858 3543 concordiam
1876 3502 2030 3544 revocare
2048 3480 2180 3545 studuit.

639 3587 784 3666 Quorum
801 3588 918 3668 ricem,
943 3586 1196 3673 qualescumque
1214 3588 1324 3664 simus,
1348 3586 1561 3649 ministerium
1578 3597 1687 3649 tamen
1703 3597 1735 3650 et
1751 3588 1977 3651 auctoritatem
1994 3586 2179 3668 subcuntes,

531 3695 667 3758 caritate
697 3694 820 3779 pariter
849 3705 882 3756 et
905 3692 1020 3757 eadem
1051 3694 1243 3757 auctoritate
1268 3691 1411 3755 roborati
1442 3692 1676 3756 dissensionem
1707 3691 1806 3774 illam,
1838 3716 1936 3778 quam
1965 3694 2050 3758 inter
2076 3695 2181 3780 ipsam

530 3823 659 3886 sempor
682 3800 754 3863 Deo
778 3798 951 3863 amabilem
975 3800 1194 3862 Romanorum
1217 3798 1461 3886 Grecorumque
1487 3799 1658 3863 ecclesiam
1681 3809 1827 3863 exortam
1852 3812 1884 3863 et
1908 3799 2019 3864 durius
2043 3800 2180 3864 eandem
2199 3823 2227 3863 so

531 3907 713 3986 ecclesiam,
739 3929 836 3993 quam
860 3906 955 3970 saluti
979 3905 1064 3970 illius
1088 3905 1152 3969 ullo
1177 3905 1272 3969 modo
1297 3905 1472 3970 convenire
1496 3906 1607 3991 possit,
1633 3905 1833 3970 scindentem
1859 3906 2010 3971 diuturno
2034 3919 2180 3994 tempore

532 4014 754 4098 cognovimus,
778 4035 843 4076 non
867 4012 1023 4076 audemus
1048 4011 1224 4092 declinare,
1249 4023 1284 4076 ut
1307 4035 1372 4076 non
1395 4011 1484 4076 illam
1508 4035 1550 4076 ex
1574 4013 1765 4076 auctoritate
1783 4025 1944 4076 tantorum
1961 4013 2180 4098 apostolorum

531 4120 573 4185 ad
609 4120 701 4205 pacis
737 4118 944 4183 concordiam
979 4119 1058 4204 ipsis
1093 4117 1312 4183 mediantibus
1347 4117 1525 4183 debeamus
1558 4118 1738 4200 advocare,
1773 4120 1915 4183 maxime
1950 4142 2028 4183 vero
2064 4121 2097 4184 in
2130 4143 2179 4202 eo,

531 4225 619 4314 quod
649 4225 795 4289 eiusdem
826 4226 1005 4288 miserrime
1037 4224 1247 4289 dissensionis
1279 4248 1318 4289 ea
1348 4226 1389 4288 sit
1412 4226 1558 4306 materia,
1589 4227 1658 4289 sine
1689 4248 1763 4311 qua,
1795 4227 1879 4289 sicut
1910 4226 2017 4291 multis
2040 4227 2179 4308 videtur,

531 4333 623 4397 salva
646 4332 835 4418 perfidem,
859 4354 950 4418 spem
975 4343 1006 4395 ct
1031 4333 1197 4395 caritatem
1221 4333 1448 4396 incunctanter
1472 4343 1504 4395 et
1526 4333 1560 4395 in
1583 4332 1645 4395 hoc
1669 4331 1799 4395 saeculo
1824 4343 1856 4396 et
1880 4333 1913 4396 in
1936 4333 2043 4397 futuro
2061 4333 2180 4398 salvari
2199 4359 2226 4396 ss

531 4451 638 4526 potest
662 4438 810 4502 ecclesia.
847 4438 992 4519 Quorum
1016 4461 1130 4501 sensus
1154 4450 1186 4502 ct
1210 4441 1370 4502 sententia
1393 4439 1466 4503 talis
1490 4451 1553 4502 est:
1578 4437 1657 4524 quid
1673 4438 1761 4518 fidei,
1785 4440 1855 4525 spei
1872 4451 1904 4503 et
1920 4442 2047 4504 caritati
2064 4440 2179 4505 obesse

531 4548 699 4634 potuisset,
731 4547 757 4610 si
787 4547 894 4630 imago
926 4544 1015 4609 nulla
1045 4556 1111 4609 toto
1142 4543 1220 4608 orbe
1244 4557 1402 4609 terrarum
1433 4546 1522 4632 picta
1551 4545 1604 4610 vel
1632 4545 1708 4610 ficta
1730 4546 1870 4609 fuisset?
1916 4548 1960 4612 Et
1983 4570 2180 4635 quamquain

531 4654 618 4718 idem
641 4653 699 4716 filii
723 4653 834 4733 nostri,
858 4653 913 4738 qui
938 4652 1019 4715 haec
1043 4651 1166 4731 dicunt,
1191 4651 1427 4715 rationabiliter
1450 4675 1484 4716 se
1508 4651 1679 4715 ostendero
1703 4675 1799 4738 posse
1823 4652 2006 4717 nullatenus
2030 4653 2181 4719 dubitant

531 4759 646 4825 melius
670 4757 749 4822 illud
772 4781 949 4844 numquam
972 4758 1083 4838 fuisse,
1108 4759 1177 4821 sinc
1202 4759 1294 4822 cuius
1319 4758 1406 4822 cultu
1430 4759 1575 4844 perfecta
1597 4757 1672 4840 fide,
1697 4781 1754 4844 spe
1779 4769 1812 4822 et
1835 4761 1970 4824 caritate
1986 4761 2180 4826 universalis

531 4878 645 4931 sancta
667 4866 733 4930 Dei
758 4864 898 4928 ecclesia
921 4864 1012 4928 salva
1035 4865 1193 4950 potuisset
1217 4867 1404 4946 consistere,
1436 4888 1532 4951 quam
1564 4863 1624 4929 sub
1655 4865 1716 4929 hac
1749 4867 1921 4930 occasione
1945 4889 2009 4930 non
2034 4867 2179 4949 dubium,
2199 4891 2228 4929 ro

531 4972 590 5038 sed
614 4974 828 5037 certissimum
854 4970 933 5035 illud
958 4970 1075 5034 malum
1101 4971 1283 5035 discordiae
1308 4971 1427 5036 debere
1452 4973 1629 5054 incurrere,
1658 4971 1756 5058 quod,
1779 4973 1843 5036 nisi
1867 4984 2048 5038 correctum
2072 4974 2179 5056 fucrit,

531 5079 715 5144 nullatenus
740 5102 813 5142 cuni
830 5077 891 5142 liae
909 5077 1109 5141 dissensione
1127 5077 1169 5141 ad
1185 5077 1373 5160 Dominum,
1398 5079 1452 5164 qui
1477 5091 1526 5142 est
1549 5101 1616 5164 pax
1639 5080 1781 5143 omnium
1806 5078 1868 5142 sibi
1892 5080 2045 5166 placitam
2063 5104 2179 5167 pacem

530 5185 730 5266 habentium,
762 5207 938 5270 numquam
967 5185 1000 5248 in
1030 5196 1188 5270 perpetuo
1221 5196 1331 5270 posset
1354 5186 1549 5271 pertingere,
1581 5197 1614 5249 et
1637 5187 1785 5271 quamvis
1809 5185 1938 5250 devotio
1967 5185 2094 5252 illorum
2118 5188 2179 5253 hoc

531 5306 717 5358 constanter
740 5291 889 5378 postulet,
914 5306 949 5356 ut
972 5292 1018 5355 cis
1042 5290 1276 5371 ratiocinando,
1302 5290 1441 5377 qualiter
1463 5292 1503 5355 de
1528 5293 1607 5378 ipsis
1623 5291 1820 5378 imaginibus
1836 5292 1975 5357 discrete
1993 5304 2025 5357 et
2041 5296 2179 5359 rationa-

641 5445 651 5490 l
675 5442 755 5506 Apud
776 5457 869 5490 omnes
889 5435 942 5503 rte]
962 5441 1012 5489 uro
1025 5439 1136 5504 formasa
1153 5446 1270 5504 corrupto
1283 5437 1388 5502 frustra
1405 5438 1498 5488 medei-i
1514 5439 1597 5488 cerreti
1613 5457 1706 5489 sunaus.
1738 5439 1833 5489 simmia
1850 5439 1949 5489 ridetur
1967 5457 2030 5490 esse:
2052 5443 2088 5492 Ut
2107 5443 2179 5507 apud
2198 5454 2227 5493 tt

531 5547 625 5580 omnes
645 5539 760 5586 constat,
780 5531 846 5579 tides
866 5530 946 5578 buius
965 5537 1076 5578 sanctae
1096 5528 1231 5578 ecclesiae
1252 5565 1258 5578 .
1279 5565 1284 5577 .
1305 5566 1311 5578 .
1332 5528 1366 5577 ab
1386 5529 1458 5578 omui
1478 5528 1567 5578 heresi
1585 5526 1697 5578 inlibata
1784 5537 1946 5579 conservata
1965 5539 2014 5579 est.
2093 5534 2122 5581 ll
2144 5533 2179 5582 ob

531 5613 684 5684 praesente]
708 5619 904 5683 praesentent»
924 5617 1034 5681 juraras
1052 5617 1225 5680 corr-issendum
1251 5626 1293 5676 est,
1318 5617 1491 5683 praesidente
1519 5618 1553 5666 ob
1579 5617 1635 5667 edd.
1717 5620 1749 5667 15
1775 5613 1881 5680 statum]
1905 5619 2008 5683 supple:
2035 5621 2180 5685 pertinent.

533 5711 564 5757 19
579 5724 671 5757 carere
685 5707 715 5756 I'.
783 5706 922 5755 debuisset
937 5703 967 5755 P.
1034 5708 1067 5755 ‘25
1083 5707 1177 5755 vicarii
1193 5705 1223 5755 P.
1288 5707 1321 5756 28
1336 5700 1467 5769 Quorum]
1480 5705 1531 5756 teil.
1546 5704 1737 5771 apostolomm.
1803 5705 1951 5757 ctdeestP.
2016 5709 2049 5756 29
2064 5725 2134 5773 quae
2148 5709 2179 5760 P.

530 5791 609 5858 interl
629 5796 698 5844 inira
719 5794 749 5844 P.
841 5797 874 5844 30
894 5803 919 5842 ot
937 5796 1003 5842 «laert
1023 5794 1052 5844 P.
1138 5798 1171 5844 32
1192 5801 1222 5844 ut
1242 5789 1306 5856 nonl
1327 5794 1454 5860 intellipe:
1473 5796 1551 5860 quasi
1573 5811 1635 5844 non.
1727 5797 1761 5844 33
1781 5791 1973 5858 mediantibus]
1995 5814 2048 5846 non
2067 5797 2128 5848 add.
2148 5797 2179 5849 P.

530 5888 565 5935 40
584 5881 705 5944 dubium]
724 5884 776 5933 scil.
796 5901 864 5932 esse.
938 5887 970 5932 43
990 5899 1070 5949 posse
1086 5882 1115 5932 Ρ.
2198 5898 2228 5939 50
