4884 6717
680 534 736 591 44.
772 531 990 594 CONCEIUM
1014 533 1243 594 PARISIENSE
1265 538 1303 593 A.
1322 536 1396 595 825.
1801 529 1868 594 bib

319 721 358 785 Iu
382 720 570 787 defiuitione
597 725 701 787 sancti
725 725 810 788 sexti
833 735 866 787 et
889 725 1000 809 magni
1015 725 1154 788 ‘concilii
1177 739 1251 810 cap.
1267 724 1462 788 LXXXII:
1488 729 1541 788 ln¹
1565 734 1729 804 quibusdam
1752 747 1866 788 senem·

211 837 308 892 biliam
330 839 481 909 imaginum
504 839 617 909 picturis
640 857 727 911 agnus
750 841 836 910 digito
858 835 1044 909 praemrrsoris
1067 848 1233 895 monstratus
1255 842 1424 912 designatur,
1447 842 1494 911 qui
1518 841 1544 894 in
1568 842 1675 910 signum
1691 841 1802 895 relictus
1827 849 1869 895 est

211 946 328 1016 gratiae,
358 961 452 999 rerum
480 946 562 999 nohis
584 963 635 1016 per
664 948 756 1018 legem
778 955 1001 1017 praemonstrans
1024 966 1124 1018 agnum
1148 947 1286 1002 Christum
1309 948 1400 1002 Deum
1424 957 1554 1008 nostrrnn,
1584 949 1631 1018 qui
1660 947 1774 1001 abstulit
1802 965 1868 1018 pec·

211 1059 274 1106 cata
296 1053 397 1106 mundi.

179 1181 193 1220 s
318 1149 362 1213 Et
391 1161 464 1236 post
494 1173 615 1236 pauca:
652 1155 828 1214 Secundum²
855 1160 1002 1215 humanam
1036 1160 1152 1232 liginum
1182 1169 1211 1216 et
1241 1162 1268 1216 in
1298 1161 1462 1232 imaginibus
1495 1179 1566 1215 nunc
1599 1179 1648 1231 pro
1680 1161 1765 1214 veteri
1794 1178 1867 1232 agno

211 1266 345 1320 retitulari
373 1266 553 1336 decemimus,
584 1285 635 1337 per
664 1267 753 1337 ipsum
782 1267 943 1321 humilitatis
972 1268 1145 1322 altitudinem
1167 1268 1223 1321 Dei
1251 1267 1325 1321 serbi
1356 1268 1561 1322 considerantes
1590 1275 1619 1321 et
1650 1268 1686 1321 ad
1708 1268 1867 1321 memoriam

211 1389 285 1442 quae
307 1373 335 1426 in
358 1390 440 1428 came
464 1373 578 1428 achonis
600 1375 707 1445 quique
729 1374 863 1445 passionis
886 1374 945 1428 eius
968 1382 997 1428 et
1019 1374 1178 1429 salutiferae
1209 1375 1303 1428 mortis
1325 1374 1451 1428 manibus
1481 1374 1590 1428 educati
1618 1380 1647 1426 ct
1670 1392 1744 1445 qliae
1766 1374 1866 1428 abhinc

210 1478 285 1533 sacta
309 1486 350 1533 est
372 1481 465 1534 numdi
487 1481 639 1551 redemptio
664 1480 695 1534 et
719 1482 839 1535 cetera.

318 1576 414 1642 Unde
439 1586 471 1640 et
494 1575 609 1642 beatus
632 1577 836 1663 Augustinus
859 1579 893 1641 in
916 1579 1127 1664 nonagesimo
1150 1577 1296 1642 secundo
1320 1577 1445 1664 psalmo
1470 1578 1590 1664 inquit:
1622 1582 1673 1640 Si3
1696 1595 1788 1642 autem
1811 1606 1867 1641 nou

166 1715 193 1753 ιο
211 1694 311 1747 adoras
335 1693 362 1747 in
377 1693 485 1747 Christo
508 1666 560 1748 ista
583 1702 702 1764 terrena,
725 1695 850 1765 quamvis
872 1696 907 1748 de
930 1695 986 1749 illis
1008 1696 1155 1750 similitudo
1179 1696 1317 1765 quaedam
1333 1696 1398 1748 data
1415 1703 1456 1748 est
1471 1695 1507 1748 ad
1522 1693 1732 1765 significandum
1747 1702 1867 1760 sanctos,

210 1801 246 1854 de
262 1817 436 1870 quacumque
460 1807 585 1855 ereatura
609 1802 691 1855 dlicta
715 1801 799 1856 fuerit
820 1801 980 1864 similitudo,
1003 1809 1032 1855 tu
1055 1801 1179 1872 intellige
1204 1801 1407 1855 similitudinem
1426 1809 1568 1855 creaturae
1585 1810 1612 1855 et
1628 1801 1714 1855 adora
1731 1800 1866 1855 artificem

209 1915 353 1960 creaturae
377 1909 408 1959 et
432 1907 551 1961 cetera.

318 2003 401 2068 Item
418 2004 521 2067 saneti
537 2003 709 2068 Athanasii
726 2005 871 2091 episcopi
888 2003 1106 2068 Alexandrini
1129 2003 1170 2068 de
1188 2004 1416 2068 humanatione
1433 2004 1578 2085 Domini,
1605 2005 1696 2069 cuius
1719 2006 1865 2069 initium:

211 2115 404 2174 sufficienter⁴
428 2121 539 2190 quidem
563 2122 598 2175 de
620 2122 663 2175 his
685 2122 777 2176 multis
800 2138 890 2191 pauca
913 2127 1052 2176 sumentes
1074 2121 1265 2175 intimavimus.

167 2246 193 2285 ie
317 2216 362 2280 Et
390 2228 480 2304 post:
513 2224 610 2281 sicuti
640 2245 682 2292 ea,
713 2246 785 2299 quae
815 2227 941 2282 scribitur
970 2228 997 2281 in
1027 2227 1117 2298 lignis,
1146 2228 1236 2281 forma
1259 2227 1364 2281 abolita
1394 2228 1574 2282 exterioribus
1604 2227 1737 2292 sordibus,
1766 2230 1865 2283 iterum

210 2350 323 2388 necesse
353 2335 380 2388 id
411 2335 498 2403 ipsum
529 2335 684 2404 recuperari
708 2343 793 2405 atque
816 2334 884 2388 uniri
909 2334 944 2396 ei,
974 2334 1049 2387 cuius
1080 2341 1121 2388 est
1144 2334 1244 2402 forma,
1273 2341 1302 2388 ut
1331 2335 1453 2389 innovari
1483 2335 1570 2405 possit
1600 2335 1691 2404 imago
1715 2336 1743 2389 iu
1766 2337 1864 2390 eadem

210 2440 326 2494 materia
350 2447 434 2510 atque
458 2440 603 2495 elemento.
648 2442 704 2495 Per
727 2441 784 2494 eius
808 2441 880 2496 enim
903 2441 1018 2494 formam
1043 2449 1071 2493 ct
1094 2441 1153 2510 ipsa
1177 2441 1301 2507 materia,
1331 2441 1376 2495 ubi
1400 2450 1429 2495 ct
1451 2441 1638 2506 conscribitur,
1661 2459 1716 2496 non
1739 2443 1864 2511 deicitur,

210 2548 260 2600 sed
282 2547 312 2600 in
334 2564 368 2600 ea
392 2547 450 2617 ipsa
474 2546 669 2618 configuratur.

318 2642 400 2708 Item
425 2643 512 2708 beati
535 2643 702 2708 Ambrosii
724 2643 978 2709 Mediolanensis
1003 2646 1148 2731 episcopi
1173 2643 1216 2708 ad
1232 2643 1426 2709 Gratianum
1450 2647 1690 2733 imperatorem,
1715 2671 1758 2712 ex
1780 2647 1864 2712 libro

166 2779 193 2818 ao
211 2751 306 2814 tertio
330 2771 401 2837 cap.
419 2773 521 2814 nono:
545 2760 751 2832 Numquidnam
761 2756 781 2826 ⁶,
805 2762 916 2831 qnando
933 2769 962 2816 et
976 2763 1107 2817 deitatem
1124 2769 1152 2814 et
1167 2779 1278 2815 caruem
1294 2762 1353 2815 eins
1368 2764 1523 2823 adoramus,
1545 2764 1689 2817 dividimus
1704 2765 1867 2818 Christum?

210 2866 267 2920 Ant
291 2867 401 2936 quando
425 2868 453 2920 in
476 2867 537 2937 ipso
560 2877 588 2922 et
610 2868 665 2922 Dei
687 2868 835 2939 iruagiuem
858 2876 886 2923 et
909 2887 1018 2922 crucem
1041 2869 1196 2932 adoramus,
1218 2869 1363 2922 ‹iividimus
1386 2871 1470 2923 eum?
1515 2869 1604 2924 Absit.

317 2963 400 3028 Item
430 2962 519 3027 beati
551 2963 702 3049 Gregorii
733 2964 860 3050 Nyseni
890 2966 1035 3051 episcopi
1066 2966 1151 3028 inter
1181 2964 1294 3051 plura,
1324 2963 1380 3029 ubi
1410 2965 1450 3029 de
1480 2965 1648 3031 Abraham
1679 2990 1863 3032 sermonem

210 3071 364 3135 instituit:
396 3074 483 3135 Vidi?
506 3081 653 3151 imaginem
682 3081 818 3151 passionis
848 3089 875 3136 et
904 3101 959 3135 non
989 3083 1047 3135 sine
1078 3082 1196 3135 lacrimis
1219 3082 1351 3136 visionem
1380 3083 1493 3136 transiri
1523 3101 1593 3154 opus
1616 3084 1681 3137 artis
1704 3086 1740 3138 ad
1763 3085 1863 3139 faciem

209 3188 348 3242 deducens
370 3187 510 3241 historiam
534 3189 567 3241 ei
590 3187 708 3242 cetera.

165 3311 192 3350 ss
317 3283 398 3348 Item
423 3286 493 3370 ipse
518 3285 551 3348 in
574 3286 841 3371 interpretatione
865 3286 900 3348 in
924 3286 1051 3349 cantico
1082 3287 1299 3350 cantieorum:
1332 3291 1430 3350 Sicut⁸
1460 3314 1524 3350 vero
1554 3300 1707 3368 comeripta
1737 3300 1862 3353 cloethus

209 3401 325 3454 materis
348 3403 485 3471 quaedam
515 3409 564 3466 cst,
595 3403 633 3454 ita
662 3402 771 3455 omnino
802 3401 829 3454 in
853 3402 966 3456 diversis
989 3402 1121 3464 tinctiuis,
1149 3421 1221 3472 elnae
1244 3405 1384 3473 complent
1406 3403 1551 3457 animantis
1575 3404 1763 3460 imitationem.
1811 3407 1863 3469 Qui

209 3525 275 3560 vero
308 3507 455 3578 imaginem
489 3508 622 3577 correspicit
656 3524 690 3563 ex
725 3510 822 3563 eadem
846 3517 906 3562 arte
934 3527 983 3578 per
1005 3510 1111 3562 colnrcs
1134 3510 1301 3579 completam
1331 3511 1463 3578 tabulam,
1497 3529 1551 3564 nou
1586 3511 1707 3565 tincturis
1723 3535 1726 3546 ¹
1741 3513 1863 3582 praefert

210 3614 479 3684 contemplationem,
513 3616 561 3668 sed
591 3615 723 3669 risionem
757 3616 896 3685 depictam
930 3616 1062 3685 conspicit
1092 3618 1289 3684 tantummodo,
1324 3634 1406 3686 quam
1437 3636 1488 3687 per
1518 3618 1624 3671 colores
1654 3619 1785 3686 niapister
1814 3621 1864 3674 de·

209 3722 376 3775 mansuarii.

165 3844 192 3884 so
316 3819 445 3882 Leontii
462 3819 607 3904 episcopi
624 3817 761 3904 Neapoli
779 3818 881 3904 Cypri
898 3819 932 3882 in
949 3820 1062 3905 quinto
1080 3841 1227 3884 sermone
1245 3831 1380 3905 propter
1396 3819 1653 3884 Christianorum
1670 3843 1862 3907 responsum

209 3923 384 3989 adversum
409 3924 548 3989 Iudaeos
572 3924 669 3989 etde
693 3923 890 4010 imaginibus
915 3939 1117 3990 sanctorum:
1150 3933 1252 3989 Nmic⁹
1276 3954 1341 3990 vero
1365 3939 1399 3991 de
1421 3938 1584 3990 venerandis
1607 3938 1743 4008 pissimus
1766 3939 1862 4006 inuigi-

209 4041 287 4096 mbus
310 4059 469 4111 responsum
492 4041 634 4102 faciainus.
663 4049 693 4095 nt
723 4041 897 4096 olrstmantur
920 4060 967 4096 ora
997 4042 1166 4112 loquentium
1190 4043 1371 4113 minuitatem.
1418 4044 1531 4112 chalis
1555 4044 1627 4097 cuim
1652 4055 1692 4096 est
1714 4045 1784 4098 haec
1809 4055 1861 4099 tra·

208 4149 284 4212 ditio,
314 4155 343 4202 et
372 4149 436 4202 audi
467 4149 558 4202 Deum
587 4149 723 4202 dicentem
753 4150 788 4201 acl
819 4149 952 4219 Moysen:
988 4148 1130 4224 Inrcrpincs
1159 4150 1232 4204 duas
1264 4149 1411 4206 Cherubim
1447 4169 1552 4205 aureas
1580 4151 1704 4225 sculptas
1734 4161 1864 4208 construe
1882 4168 2034 4218 exossata

208 4253 402 4310 obumbrantes
422 4253 661 4329 propitiatorium.
697 4256 732 4308 Et
755 4256 862 4318 itemm,
885 4257 1018 4325 templum
1042 4258 1115 4326 ilrrod
1140 4258 1260 4311 ostendit
1284 4258 1359 4311 ilem
1383 4257 1537 4310 Ezechieli:
1565 4256 1675 4325 Facies,
1699 4259 1776 4318 dixit,
1795 4260 1862 4332 pai·
1880 4267 2000 4360 {iffi}

163 4377 190 4418 st
208 4379 318 4417 inarum
342 4369 368 4416 et
390 4362 497 4416 leonum
522 4369 548 4417 et
570 4361 708 4416 hominnm
731 4369 758 4417 et
773 4359 919 4418 Cherubim
936 4381 955 4417 a
973 4361 1137 4436 parimento
1160 4363 1226 4430 eius,
1252 4385 1337 4438 eisquc
1359 4364 1402 4419 ud
1415 4382 1555 4418 cairieram
1573 4362 1643 4418 tecti.
1679 4365 1761 4418 (ferte
1785 4366 1861 4418 torri·
1908 4349 1914 4369 ’

208 4467 270 4522 bilis
296 4486 394 4534 sermo,
424 4469 471 4538 qni
495 4470 637 4538 praecepit
660 4469 785 4532 israheli,
814 4487 849 4523 ne
879 4469 983 4522 faceret
1014 4470 1159 4539 quodlibet
1189 4471 1317 4540 scrrlptilc
1348 4489 1438 4541 neque
1469 4471 1616 4538 imaginem
1647 4489 1737 4541 ruique
1769 4472 1860 4525 simili·
1880 4479 1992 4520 erasos.

207 4575 338 4644 tudinem,
361 4593 434 4646 (puae
458 4583 519 4629 sunt
543 4575 569 4629 in
592 4577 671 4629 caelo
695 4584 723 4630 et
747 4593 819 4645 cinae
843 4582 905 4629 sunt
928 4577 955 4629 in
979 4585 1067 4628 terra:
1091 4578 1150 4646 ipse
1174 4578 1316 4647 praecepit
1340 4578 1430 4648 lloysi
1453 4578 1545 4631 facere
1570 4579 1707 4647 sculptilia
1730 4579 1861 4632 animalia
1901 4535 1964 4582 Μ

208 4690 236 4737 et
258 4681 413 4737 Cherubim,
460 4683 542 4738 Unde
566 4691 594 4738 et
617 4683 747 4736 Salmnou
771 4701 804 4736 cx
829 4684 891 4754 lege
915 4683 1063 4753 suscipiens
1086 4685 1191 4750 sigrium
1216 4685 1326 4754 plenum
1350 4684 1416 4739 fecit
1439 4685 1571 4754 templum
1595 4702 1659 4738 aere
1683 4695 1709 4738 et
1734 4685 1999 4786 ⁸0¹1¹eti¹03¹·,⁸„,¹}f¹·

1880 4793 1900 4840 i,
1909 4795 1919 4830 l
1927 4803 1975 4840 ιψι.

315 4876 348 4923 le
368 4871 403 4939 ei]
422 4877 445 4925 is
465 4877 495 4926 P.
569 4877 603 4926 20
622 4874 796 4938 Numquidne
818 4872 845 4923 P.
919 4874 953 4924 28
973 4869 1050 4939 opus]
1070 4891 1152 4939 opere
1173 4871 1202 4923 Ρ.
1272 4876 1304 4925 21
1325 4871 1399 4938 vero]
1419 4892 1483 4926 cero
1503 4877 1536 4926 ad
1559 4875 1589 4926 I'.
1656 4872 1859 4939 320001).

160 4973 188 5012 40
206 4963 240 5012 84
260 4963 407 5014 Ezechielo
427 4963 458 5013 P.

316 5137 345 5222 l)
370 5145 479 5219 Synodi
493 5145 670 5220 quirrisaetue
684 5143 743 5201 sice
765 5143 919 5201 Thibicaae
936 5147 998 5203 692
1022 5137 1076 5220 (cs.
1095 5144 1208 5216 Hassis,
1233 5146 1251 5200 I.
1269 5146 1286 5200 l.
1306 5144 1361 5212 III,
1380 5139 1453 5210 329)
1472 5166 1494 5200 c.
1513 5153 1571 5206 82:
1598 5146 1696 5202 Munsi
1714 5145 1768 5214 XI,
1786 5149 1856 5205 977.

207 5247 256 5320 Cf,
276 5249 361 5307 Coae.
378 5250 442 5306 Nic.
460 5259 514 5307 act.
532 5251 597 5321 JV,
622 5251 686 5307 ibid.
711 5249 798 5320 XIII,
816 5254 865 5309 Il).
903 5251 936 5306 V.
954 5250 1033 5307 Libr.
1054 5249 1181 5308 Carolin.
1206 5251 1242 5307 II
1261 5271 1283 5306 c.
1303 5255 1350 5310 le.
1429 5247 1457 5328 2)
1482 5251 1575 5312 Ibid:
1602 5253 1700 5308 Iliensi
1715 5251 1768 5322 XI,
1787 5259 1857 5310 080.

206 5346 238 5433 3)
261 5356 442 5433 Aumatium,
468 5357 745 5433 Enarr.inpsa1m.
765 5361 804 5416 93
827 5349 901 5434 §a
926 5357 1000 5433 (lpp.
1017 5357 1072 5426 II',
1092 5361 1178 5417 1001.
1216 5358 1265 5428 Cf.
1284 5358 1433 5415 Hadriani
1448 5359 1537 5433 epist,
1565 5358 1637 5416 MC.
1657 5359 1735 5434 Epp.
1759 5359 1858 5428 V,32.

206 5453 237 5540 4)
261 5463 446 5533 Athanasius,
471 5463 517 5519 De
539 5463 652 5521 incarn.
677 5464 754 5522 verbu
776 5465 834 5521 Dei
854 5459 879 5540 §
896 5468 930 5534 1,·
963 5465 1036 5540 Opp.
1062 5467 1105 5521 cd.
1132 5464 1309 5523 Giustiiiiuni
1332 5464 1355 5530 I,
1382 5470 1407 5534 I,
1433 5471 1483 5522 00.
1577 5459 1607 5536 5)
1631 5465 1739 5522 Ibidem
1763 5460 1858 5540 ,811ῑ

157 5585 186 5625 aa
204 5570 223 5625 I.
248 5570 268 5625 l.
292 5569 317 5640 I,
343 5574 370 5639 1,
394 5573 445 5629 47.
495 5567 545 5642 Cf.
570 5569 720 5627 Hadriani
743 5571 833 5646 epist,
867 5571 967 5629 blansi
989 5571 1058 5642 XII,
1085 5576 1174 5631 1009.
1268 5565 1298 5644 6)
1329 5572 1499 5640 Ambrosius,
1531 5573 1578 5628 De
1608 5573 1720 5628 incurri.
1752 5573 1857 5630 sanein.

203 5686 383 5734 sacrarncato
407 5697 431 5734 c.
450 5679 469 5734 7
491 5671 589 5754 §75,·
614 5675 688 5753 Opp.
712 5677 753 5746 Π,
779 5681 848 5737 720.
899 5676 948 5749 Cf.
974 5678 1124 5735 Hadriani
1146 5678 1287 5754 epistolae,
1315 5679 1414 5734 illaesi
1435 5679 1505 5742 XII,
1525 5683 1607 5737 1000
1631 5688 1657 5735 et
1680 5679 1753 5736 MG.
1780 5680 1858 5756 Epp.

210 5783 242 5852 V,
268 5787 319 5843 52.
361 5785 393 5841 V.
420 5784 500 5841 Libr.
527 5781 654 5842 Corolia.
677 5784 715 5840 Π
740 5804 764 5839 c.
789 5788 838 5843 15.
954 5777 985 5862 I)
1018 5786 1117 5843 blansi
1139 5786 1208 5846 XII,
1242 5788 1330 5843 1005.
1381 5786 1413 5839 V.
1437 5805 1527 5861 supra
1547 5807 1580 5861 p.
1605 5790 1676 5855 sse,
1701 5788 1719 5842 Ι.
1746 5791 1859 5863 353ᾳᾳ.

206 5881 237 5966 Β)
263 5889 363 5948 Massi
385 5891 454 5961 XII,
480 5895 570 5951 1065.
662 5881 694 5968 9)
719 5889 769 5962 Os.
796 5889 881 5948 Coae.
905 5891 971 5948 Nic.
996 5901 1051 5948 act.
1077 5892 1141 5958 JV,
1169 5891 1269 5950 illaturi
1291 5891 1377 5960 XIII,
1403 5896 1452 5951 II.

257 6006 302 6049 m.
320 6007 419 6047 cononi·
432 6008 463 6048 11.
1612 6016 1645 6064 65
