4884 6717
757 531 809 587 so.
846 530 1065 589 concretum
1088 532 1288 590 sostenen
1313 534 1349 589 s.
1371 531 1445 590 ere.
1862 481 2026 627 beffa·

275 726 438 796 secuntur,
474 726 509 780 nt
544 717 722 782 doctrinam
753 718 818 782 Dei
849 720 949 783 nostri
980 729 1071 783 ornet
1101 720 1134 782 in
1165 718 1325 801 omnibus,
1361 741 1412 800 ne,
1448 731 1482 784 ut
1517 718 1671 806 pastorali
1707 719 1791 785 libro
1826 720 1927 785 conti-

275 832 386 902 netur,
425 822 696 888 contradicendas
730 824 924 890 inveniatur.
993 830 1059 890 Ab¹
1094 836 1233 906 imperitis
1269 836 1354 904 enim,
1392 827 1513 913 inquit,
1552 836 1695 908 pastorale
1735 837 1928 909 magisterium

276 955 333 1008 qua
355 939 521 993 temeritate
543 940 703 1011 suscipitur,
736 942 848 1011 quando
879 949 992 997 ars‘est
1015 942 1116 996 artium
1138 942 1267 1013 regimen
1290 943 1453 998 animarum.
1499 932 1543 997 Et
1565 934 1700 997 ilerum:
1730 939 1807 999 Illc²
1829 944 1927 1015 igitur,

276 1043 324 1099 illc
347 1045 435 1099 modis
458 1046 586 1100 omnibus
609 1047 699 1102 debet
722 1048 759 1101 ad
784 1048 943 1120 exemplum
966 1049 1079 1104 vivendi
1103 1049 1240 1120 pertrahi,
1272 1048 1320 1120 qui
1350 1049 1458 1104 cunctis
1489 1049 1581 1103 carnis
1603 1049 1782 1120 passionibus
1805 1052 1927 1106 moriens

242 1150 329 1208 siam
352 1151 519 1222 spiritaliter
540 1153 619 1218 vivit,
644 1154 692 1225 qui
708 1171 844 1225 prospera
859 1155 955 1209 mundi
973 1155 1145 1227 postposuit,
1168 1156 1218 1226 qui
1237 1154 1315 1209 nulla
1330 1155 1451 1210 adversa
1464 1155 1651 1227 pertimescit,
1675 1156 1723 1227 qui
1739 1156 1800 1211 sola
1814 1158 1928 1213 interna

276 1258 432 1324 desiderat,
464 1259 542 1314 cuius
571 1259 723 1315 intentioni
752 1262 827 1316 bene
851 1278 1009 1333 congruens
1039 1279 1092 1317 nec
1115 1263 1227 1317 omnino
1250 1279 1302 1333 per
1325 1262 1542 1318 inbecillitatem
1566 1280 1666 1333 corpus
1689 1280 1743 1317 nec
1766 1264 1851 1319 valde
1874 1282 1927 1335 per

275 1364 472 1420 contumeliam
491 1375 650 1438 repugnat,
675 1368 723 1437 qui
740 1368 775 1422 ad
799 1368 894 1422 aliena
916 1369 1057 1440 cupiendo
1080 1386 1135 1423 non
1159 1369 1283 1436 ducitur,
1306 1369 1357 1423 sed
1380 1370 1494 1440 propria
1516 1368 1651 1439 largitum
1676 1369 1725 1440 qui
1740 1387 1793 1440 per
1807 1371 1925 1441 pietatis

275 1473 384 1527 viscere
406 1472 489 1527 citius
512 1473 548 1527 ad
571 1473 773 1545 ignoscendum
796 1474 932 1541 flectitur,
962 1475 1014 1530 sed
1044 1492 1196 1546 numquam
1219 1475 1283 1547 plus
1306 1493 1388 1547 quam
1412 1476 1498 1531 decet
1521 1475 1670 1547 ignoscens
1694 1475 1730 1530 ab
1754 1483 1816 1531 arte
1839 1477 1925 1532 recti·

275 1579 380 1634 tudinis
403 1579 571 1646 inclinatur,
597 1580 644 1650 qui
667 1580 745 1634 nulla
768 1580 875 1634 inlicita
898 1588 1058 1652 perpetrat,
1089 1581 1140 1637 sed
1163 1589 1333 1652 perpetrata
1354 1583 1391 1637 ab
1422 1581 1483 1637 eliis
1506 1591 1539 1636 nt
1561 1583 1676 1654 propria
1699 1582 1846 1654 deplorat3
1878 1583 1926 1655 qui

231 1701 309 1742 snex
332 1685 438 1740 affectu
461 1686 553 1740 cordis
576 1686 685 1742 alienae
709 1685 864 1742 infirmitati
888 1689 1056 1759 compatitur
1083 1688 1180 1759 sicque
1212 1689 1240 1742 in
1262 1688 1343 1743 bonis
1370 1689 1486 1760 proximi
1517 1689 1589 1744 sicut
1612 1690 1641 1743 in
1665 1690 1722 1744 suis
1744 1690 1926 1761 provectibus

274 1793 415 1856 laetatur,
440 1792 489 1863 qui
513 1793 553 1846 ita
568 1809 599 1846 se
623 1793 788 1849 imitabilem
812 1794 916 1850 ceteris
939 1795 968 1848 in
991 1796 1110 1861 cunctis,
1136 1813 1209 1866 quae
1234 1796 1302 1867 agit,
1326 1796 1460 1863 insinuat,
1485 1813 1521 1850 ne
1546 1795 1621 1850 inter
1645 1813 1693 1851 eos
1709 1796 1825 1862 habeat,
1849 1797 1925 1868 qnod

274 1899 367 1956 saltim
390 1901 427 1954 de
451 1900 600 1954 transactis
624 1900 792 1969 erubescat,
823 1902 871 1972 qui
901 1901 941 1956 sic
971 1901 1069 1957 studet
1092 1902 1199 1968 rivere,
1231 1909 1263 1956 ut
1291 1902 1478 1973 proximorum
1507 1920 1621 1973 quoque
1645 1903 1757 1958 arentia
1780 1904 1925 1959 doctrinae

274 2007 390 2062 fluentis
413 2006 533 2078 inriget3
562 2008 609 2078 qui
632 2008 766 2063 orationis
789 2026 841 2062 usu
866 2008 1059 2080 experimento
1083 2009 1137 2064 iam
1161 2009 1271 2074 didicit,
1302 2009 1377 2080 qnod
1401 2010 1531 2065 obtinere
1555 2027 1573 2064 a
1595 2010 1715 2065 Domino
1739 2028 1812 2081 quae
1836 2027 1924 2082 popo·

274 2115 361 2168 scerit
379 2114 485 2184 possit3
510 2115 556 2174 cui
574 2131 627 2185 per
650 2114 770 2170 effectus
786 2132 884 2170 vocem
899 2117 953 2170 iam
970 2116 1051 2186 quasi
1067 2116 1232 2186 specialiter
1250 2115 1369 2171 dicitur:
1394 2115 1495 2172 Adbuc
1518 2117 1644 2192 liquente
1667 2123 1692 2172 ts
1716 2115 1825 2172 dicam:
1850 2115 1926 2172 Ecce
1945 2129 2045 2180 tr.s‚1s.

232 2234 256 2273 rs
274 2220 384 2276 adsum.
430 2209 574 2296 Ideoque
598 2211 710 2276 talium
733 2235 840 2276 rerum
865 2211 945 2276 tales
970 2234 1042 2276 esse
1067 2223 1193 2298 oportet
1216 2235 1281 2276 non
1305 2212 1464 2295 indoctos,
1495 2235 1537 2277 ne
1567 2212 1678 2300 aliqua
1709 2215 1925 2299 oportunitate

274 2329 385 2404 turpes
407 2318 625 2398 inveniantur,
655 2319 740 2383 sicut
769 2319 803 2382 in
830 2318 944 2383 eodem
968 2317 1051 2383 libro
1074 2317 1229 2384 habetur:
1262 2324 1357 2393 Quia⁸
1380 2347 1443 2383 cnm
1475 2329 1603 2400 spiritale
1635 2329 1741 2401 aliquid
1765 2348 1782 2385 a
1804 2330 1925 2385 subditis

274 2443 372 2505 pastor
395 2434 553 2504 inquiritur,
579 2435 789 2506 ignominiosum
808 2435 891 2490 valde
908 2443 964 2502 est,
989 2436 1012 2490 si
1027 2444 1096 2490 tunc
1113 2442 1232 2506 quaerat
1248 2436 1370 2498 discere.
1394 2454 1457 2491 cum
1473 2437 1669 2506 quaestionem
1684 2436 1773 2492 debet
1790 2437 1925 2492 enodare.

321 2556 430 2613 Forma
454 2557 554 2614 minor.
600 2559 623 2613 1.
659 2559 815 2631 Episcopus
838 2560 912 2614 bono
935 2577 1022 2631 opere
1046 2561 1219 2631 approbatus
1243 2560 1399 2616 ordinetur.

383 2690 425 2755 II.
460 2690 516 2755 Ut
546 2690 707 2755 nullus
738 2692 999 2778 episcopus
1023 2691 1148 2755 alios
1173 2690 1455 2756 sacerdotes
1479 2690 1723 2758 muneribus
1747 2692 1923 2758 ordinet.

230 2822 258 2859 ιο
276 2795 402 2862 Carere
433 2799 542 2884 itaque
573 2810 699 2885 oportet
723 2821 985 2885 unumquemque
1010 2798 1222 2879 sacerdotem,
1254 2821 1295 2863 ne
1326 2799 1457 2884 premiis
1488 2797 1639 2863 videatur
1663 2801 1858 2882 consecrari,
1889 2811 1924 2863 ut

382 3000 402 3049 1.
432 2993 819 3064 iterantur-doctrinam]
837 3015 929 3050 se...
950 3000 1079 3051 sutrin..
1101 2997 1130 3048 F.
1215 3005 1346 3063 sequntur
1365 2998 1418 3060 Vr,
1438 3007 1589 3064 sequuntur
1607 2999 1640 3050 B.
1721 2994 1924 3064 Dei-ornet]

274 3091 428 3138 nosciorem
447 3095 474 3138 et
494 3088 546 3148 l'l,
575 3088 627 3137 Dei
647 3089 730 3139 nostri
750 3088 860 3139 ordinet
879 3087 912 3137 F.
995 3081 1172 3151 ne—libro]
1192 3104 1225 3138 ne
1246 3085 1372 3138 ...reiis
1393 3087 1483 3138 li..o
1502 3087 1535 3138 F.
1615 3082 1659 3153 ne]
1680 3094 1708 3139 et
1725 3088 1757 3140 L.
1836 3085 1876 3154 ut]
1895 3091 1923 3139 in

272 3177 333 3228 edd.
352 3177 385 3228 Β.
407 3175 438 3226 (l.
520 3171 721 3240 2invenistur]
808 3175 840 3237 F,
868 3177 1006 3227 invenitur
1023 3175 1055 3226 L.
1136 3177 1261 3242 inperitis
1280 3173 1312 3226 F.
1389 3171 1470 3241 enim]
1488 3193 1583 3242 smper·
1600 3177 1628 3228 irs
1646 3176 1671 3227 L
1688 3177 1805 3228 mihitur
1819 3194 1868 3243 per
1884 3181 1922 3234 st.

273 3266 368 3331 inquid
387 3265 420 3316 F.
493 3264 629 3331 pastorale
649 3260 845 3330 magisterium]
864 3264 1029 3333 pastoralem
1048 3266 1235 3331 magisterium
1256 3265 1309 3326 Vr,
1328 3273 1568 3330 pas...ster...
1587 3265 1620 3316 F.
1694 3268 1922 3332 llsuscipitur-

227 3371 255 3411 ss
273 3351 325 3419 ers]
343 3372 452 3406 sus...
472 3354 504 3405 F.
586 3371 629 3405 ars
649 3363 689 3405 est
708 3349 816 3419 artium]
836 3354 967 3405 adsistam
986 3356 1096 3405 tertium
1117 3355 1171 3405 Vl.
1253 3355 1289 3404 Et
1307 3355 1404 3405 iterum
1422 3353 1513 3405 dunat
1531 3354 1585 3405 Vr.
1668 3355 1787 3407 ldebet
1804 3355 1872 3406 deest
1891 3355 1923 3406 G.

272 3439 394 3507 vivendi]
416 3444 526 3495 vendidi
547 3441 578 3495 G.
632 3444 808 3509 spiritualiter
826 3442 858 3493 L.
920 3446 1086 3510 bprospera
1104 3437 1209 3507 mnndi]
1229 3443 1408 3510 prosperandi
1427 3442 1459 3493 F.
1514 3444 1652 3509 postponit
1670 3443 1704 3495 B.
1759 3444 1923 3496 adverse-

272 3533 331 3585 sola
348 3534 438 3585 desum
458 3533 511 3583 Vr.
583 3528 638 3598 qni]
657 3532 722 3599 quid
741 3533 773 3584 L.
846 3526 964 3597 interne]
983 3539 1091 3585 terrens
1118 3533 1171 3583 VJ.
1246 3531 1439 3583 bdesidersnt
1457 3532 1511 3583 Vl.
1584 3534 1737 3584 intentione
1757 3532 1812 3583 Vr.
1872 3535 1921 3584 im·

273 3621 450 3674 becillitatem
470 3622 503 3673 B.
594 3621 797 3674 'lcontumelis
819 3622 873 3671 Vr.
893 3620 926 3672 F.
1016 3628 1151 3688 repugnet
1171 3619 1202 3671 G.
1294 3615 1439 3686 cupiendo]
1459 3621 1593 3688 capiendo
1613 3619 1644 3672 F.
1734 3617 1789 3687 qui]
1808 3623 1872 3687 quis
1890 3619 1921 3671 F.

273 3716 443 3778 Snunquem
462 3712 496 3763 B·
587 3706 676 3774 decet]
703 3711 801 3762 doceat
824 3709 855 3761 F.
876 3709 908 3771 0,
937 3710 1035 3762 deceat
1053 3709 1086 3760 Β.
1105 3710 1137 3761 L.
1228 3711 1373 3776 ignoscens
1392 3735 1428 3743 -
1446 3704 1602 3774 inclinatur]
1627 3712 1662 3761 ad
1688 3711 1886 3777 ignoscendum
1905 3726 1922 3761 s

228 3817 255 3856 so
272 3804 379 3853 viscera
398 3801 545 3852 exitudinis
564 3799 712 3851 inclinatus
732 3801 755 3848 V
762 3805 785 3850 1.
867 3794 936 3863 arte]
956 3800 1037 3850 arche
1057 3798 1090 3860 F,
1109 3815 1172 3850 arce
1193 3799 1226 3847 (l.
1245 3797 1276 3849 L.
1356 3797 1491 3850 eittieits
1509 3798 1543 3850 B.
1621 3799 1656 3849 ab
1675 3794 1747 3863 aliis]
1769 3801 1803 3850 ad
1822 3797 1869 3850 alii
1889 3798 1921 3850 L.

273 3890 387 3959 deplora
406 3890 438 3941 L.
492 3884 549 3956 qui]
569 3891 634 3955 qnia
653 3889 677 3937 V
683 3894 706 3939 1.
771 3890 803 3940 10
821 3889 985 3939 infirmitatis
1004 3888 1057 3938 Vr.
1119 3889 1277 3953 conpatitur
1296 3887 1350 3938 Vr.
1411 3889 1541 3952 proximis
1561 3887 1615 3938 Vr.
1669 3882 1749 3952 sicut]
1769 3890 1847 3953 quasi
1867 3889 1921 3938 Vr.

274 3974 458 4047 provectibus]
472 3980 569 4045 probet
582 3980 688 4029 actibus
709 3977 741 4028 F.
798 3982 828 4028 ll
848 3994 878 4028 se
892 3972 1061 4040 imitabilem]
1080 3976 1261 4029 remitsbilem
1278 3977 1331 4027 Vr.
1394 3971 1502 4039 ceteris]
1515 3992 1545 4027 se
1559 3978 1672 4027 cesserit
1687 3976 1740 4039 Vr,
1761 3975 1919 4038 caeterisF,

274 4070 379 4120 cunctis
400 4068 431 4118 L.
506 4062 633 4131 insinuat]
655 4070 738 4118 instat
758 4067 811 4117 VJ.
877 4061 923 4131 ne]
943 4074 973 4116 nt
992 4066 1046 4117 1⁷1.
1066 4065 1097 4116 F.
1116 4065 1148 4126 L,
1169 4073 1198 4116 nt
1216 4068 1288 4117 inter
1306 4082 1354 4116 eos
1374 4082 1429 4116 non
1448 4065 1474 4115 B
1490 4065 1626 4116 aenaeum
1646 4065 1760 4131 Greporii
1778 4073 1872 4116 tectum
1888 4065 1920 4116 ab

271 4158 556 4223 Hobtcnioinspectnm.
611 4154 737 4211 habetF.
793 4157 825 4206 12
839 4155 934 4207 saltem
947 4155 980 4205 B.
1035 4150 1189 4219 transactis]
1209 4153 1358 4205 mensadd.
1372 4153 1647 4216 B(autHolstens'us).
1670 4167 1677 4184 ·
1703 4161 1847 4206 erurescat
1866 4154 1919 4205 Vr.

228 4261 254 4301 st
271 4248 379 4298 studeat
397 4247 431 4301 B,
492 4240 609 4311 quoqne]
630 4245 714 4297 eorda
732 4245 792 4295 edd.
812 4245 845 4296 Β.
909 4238 1023 4308 arentia]
1043 4245 1161 4295 essentia
1180 4243 1234 4294 Vr.
1290 4243 1416 4295 doctrina
1436 4242 1467 4293 F.
1543 4245 1574 4294 13
1594 4237 1713 4307 fluentis]
1732 4243 1846 4295 affluens
1866 4243 1919 4304 Vr,

272 4338 406 4388 effluentis
425 4335 458 4386 F.
549 4329 657 4399 inriget]
682 4335 777 4401 irriget
796 4334 829 4395 B,
856 4335 975 4399 inrigare
995 4332 1029 4394 F,
1059 4332 1153 4384 valeat
1179 4334 1299 4397 inrigare
1327 4335 1358 4392 G,
1387 4334 1512 4398 irrigaret
1529 4331 1561 4382 L.
1652 4326 1707 4397 qni]
1733 4331 1766 4382 ds
1785 4331 1845 4383 add.
1865 4332 1919 4382 Vr.

272 4442 348 4476 usum
367 4424 399 4475 F.
481 4420 565 4489 quod]
585 4425 631 4490 qni
650 4422 683 4473 J..
766 4424 889 4490 optinere
908 4422 941 4473 F.
960 4421 993 4472 L.
1072 4415 1239 4488 poposcerit]
1258 4437 1372 4487 poscere
1392 4421 1446 4470 Vr.
1539 4423 1570 4471 14
1590 4415 1645 4484 cui]
1665 4422 1742 4471 cuins
1761 4419 1793 4470 L.
1872 4437 1920 4487 per

272 4516 386 4567 effectus
411 4508 517 4578 rocem]
543 4513 579 4563 ita
603 4512 673 4563 codd.
702 4511 824 4578 Grcqorir',
853 4513 965 4563 effectus
993 4527 1088 4561 vocem
1107 4509 1161 4559 Vr.
1181 4508 1214 4560 F.
1236 4509 1267 4559 θ.
1287 4508 1319 4568 L,
1347 4509 1509 4576 prophetica
1534 4523 1602 4560 soce
1621 4508 1647 4560 B
1671 4517 1695 4558 et
1719 4508 1775 4559 cdd.
1796 4508 1919 4575 Greporr'i.

272 4606 371 4656 dicitur
388 4603 454 4653 deest
472 4602 505 4652 F.
578 4603 651 4652 Ecce
669 4601 737 4652 deest
754 4601 788 4652 B.
868 4603 899 4651 15
919 4600 1045 4651 indoctos
1065 4594 1109 4663 ne]
1129 4600 1157 4649 in
1176 4598 1319 4649 doctrinae
1339 4598 1393 4658 Vr,
1413 4599 1440 4648 in
1460 4598 1584 4649 doctrine
1603 4596 1636 4658 F,
1656 4598 1759 4649 indocti
1779 4613 1813 4648 ne
1834 4595 1865 4647 0.
1885 4597 1918 4648 B.

229 4707 254 4746 :o
272 4693 365 4760 aliquo
386 4692 439 4742 Vr.
494 4693 700 4757 opportunitate
721 4689 753 4740 B.
829 4691 861 4740 16
880 4689 965 4753 turpis
986 4687 1039 4737 1⁷1.
1060 4686 1091 4738 F.
1146 4689 1304 4738 inveniatur
1322 4686 1354 4738 F.
1408 4686 1558 4753 spiritalem
1578 4686 1632 4737 Vr.
1652 4685 1685 4747 F,
1704 4686 1872 4752 spiritualem
1885 4685 1918 4738 L.

271 4777 296 4846 s]
315 4783 349 4832 sd
368 4779 400 4831 F.
463 4781 493 4832 ll
513 4774 615 4845 pastor]
632 4787 728 4845 pateor
747 4778 802 4827 1⁷1.
855 4771 978 4843 quaerat]
1000 4783 1096 4841 querat
1117 4775 1148 4834 F,
1168 4777 1282 4842 incipiat
1302 4792 1416 4841 querere
1435 4774 1480 4827 rel
1501 4773 1532 4825 G.
1591 4776 1781 4841 quaestionem
1800 4775 1834 4830 B.
1854 4790 1918 4839 que·

270 4873 358 4923 stione
378 4868 410 4920 F.
424 4868 456 4920 L.
520 4869 638 4920 enudare
659 4869 712 4919 Vl.
731 4867 764 4918 L.
776 4893 811 4901 -
824 4893 859 4901 -
874 4869 905 4916 18
919 4866 1063 4917 Lmrmate:
1084 4867 1184 4932 Incipit
1197 4864 1343 4916 concilium
1358 4865 1481 4916 habiturn
1494 4864 1544 4916 sub
1557 4880 1628 4930 papa
1641 4865 1766 4929 Eugenio
1782 4862 1845 4913 ΜΞ,
1865 4864 1918 4924 Vr,

271 4961 372 5026 Incipit
390 4958 504 5010 alterum
522 4957 587 5016 (scil.
602 4956 756 5017 concilium,
775 4974 831 5007 cum
850 4956 877 5006 irs
895 4955 975 5006 codiee
993 4955 1125 5006 mrrcilium
1138 4954 1245 5004 Ductori
1262 4953 1404 5009 eaucedm)
1422 4955 1473 5004 sub
1487 4954 1610 5019 Eugenio
1629 4952 1684 5015 Vs,
1704 4952 1807 5018 Incipit
1825 4952 1918 5002 decre-

269 5047 326 5101 tale
344 5049 463 5114 eugenii
489 5063 586 5114 papae,
611 5046 684 5111 quod
709 5046 813 5096 sactum
840 5054 881 5096 est
907 5060 978 5095 anno
998 5044 1078 5094 xm.
1099 5044 1206 5109 imperii
1224 5044 1361 5095 Ludorici
1390 5041 1557 5107 (Ludoquici
1577 5037 1637 5101 Pr)
1664 5042 1843 5107 imperatoris,
1868 5040 1918 5091 lilii

223 5150 252 5190 so
269 5138 385 5188 condem
412 5140 488 5196 (eon.
515 5136 549 5186 ol.
576 5144 667 5185 atram.
696 5134 847 5200 quondam)
877 5134 970 5199 magni
995 5132 1090 5184 Karoli
1120 5133 1259 5198 patrisque
1284 5131 1409 5182 Letharii
1437 5131 1475 5192 P,
1507 5131 1584 5196 Incip
1610 5130 1728 5195 Eugenii
1759 5145 1831 5197 pape
1860 5128 1917 5180 Vs.

271 5228 304 5278 18
329 5227 350 5276 1.
371 5224 729 5291 Episcopus-ordinetur.
760 5224 797 5273 11.
824 5221 967 5273 Nullus-
983 5216 1132 5285 ordinetur]
1159 5221 1181 5271 1.
1208 5219 1512 5272 Nullus-ordinetur.
1551 5220 1590 5270 11.
1615 5219 1823 5285 Episcopus-
1843 5218 1915 5269 ordi-

269 5323 350 5366 netur
369 5315 422 5365 Vs.
494 5314 515 5363 Ι.
534 5307 698 5379 Episcopus]
719 5313 865 5379 .piscopus
885 5311 948 5361 Me.
1022 5310 1188 5376 adprobatus
1210 5309 1233 5358 V
1238 5313 1263 5370 3,
1283 5310 1450 5376 approbatur
1468 5308 1532 5359 Me.

376 5421 412 5471 11.
443 5423 475 5473 ts
495 5421 531 5470 11.
552 5422 587 5471 Ut
599 5445 634 5454 -
648 5414 763 5483 ordinet]
782 5420 819 5468 ita
837 5419 891 5478 Vr,
911 5418 950 5469 ΙΙ.
971 5419 1007 5469 Ut
1027 5415 1116 5469 nullus
1137 5419 1283 5484 episcopus
1304 5415 1429 5481 aliusque
1448 5415 1576 5467 sacerdos
1596 5416 1756 5466 muneribus
1775 5415 1917 5466 ordinetur

270 5509 300 5561 F.
320 5510 352 5570 G,
373 5511 409 5561 Ut
428 5508 520 5560 nullus
540 5512 684 5575 episcopus
703 5508 830 5573 aliusque
849 5506 980 5557 sacerdos
1000 5507 1156 5557 muneribus
1176 5507 1320 5556 ordinetur
1339 5506 1378 5556 11.
1398 5504 1429 5560 L,
1450 5505 1488 5555 11.
1507 5504 1541 5556 B.
1630 5506 1664 5556 20
1684 5498 1912 5570 unumquemque]

223 5613 252 5653 so
269 5615 404 5664 unumque
426 5595 457 5649 G.
529 5594 574 5662 ne]
594 5615 642 5659 pro
661 5597 721 5648 add.
741 5595 775 5647 F.
846 5597 974 5662 praemiis
994 5595 1026 5645 Β.
1100 5610 1261 5645 consecrare
1281 5594 1335 5644 Vr.

377 5779 406 5850 1)
431 5777 588 5856 Greqoriue
613 5777 666 5848 M,
690 5777 761 5854 Rep.
781 5785 892 5853 pastor.
918 5775 939 5832 I
957 5796 979 5832 c.
997 5779 1032 5844 1,·
1057 5773 1130 5850 Opp.
1152 5774 1192 5844 Η,
1209 5778 1283 5851 2sq.
1399 5774 1430 5845 2)
1454 5773 1530 5831 Itid.
1554 5773 1576 5832 I
1593 5778 1690 5844 c.10,·
1714 5776 1732 5832 l.
1757 5777 1776 5832 ἱ.
1800 5775 1841 5846 ΙΙ,
1867 5779 1915 5835 10.

269 5887 300 5957 3)
325 5885 398 5942 leid.
423 5885 458 5942 Π
476 5907 499 5942 c.
517 5888 553 5945 11
561 5907 571 5954 ,·
595 5885 613 5940 l.
639 5886 657 5940 l.
682 5883 721 5953 Π,
739 5887 788 5942 34.
