4884 6717
673 537 724 592 44.
760 535 980 593 CONCILIUM
1002 535 1230 592 PARISIENSE
1253 536 1291 591 A.
1311 535 1386 592 825.
1792 527 1857 589 515

310 723 393 788 Item
417 723 563 789 eiusdem
587 726 692 788 sancti
715 723 890 808 Augustini
913 745 1013 808 super
1035 722 1214 787 Iohannem
1244 722 1478 807 evangelistam
1503 721 1544 785 de
1568 719 1682 785 eodem
1707 742 1856 785 sermone

203 829 323 895 omelia
346 829 432 894 inter
454 841 580 895 cetera:
606 836 739 895 Interiml
754 840 845 907 modo,
868 838 976 904 fratres,
997 847 1028 892 ut
1044 856 1061 892 a
1076 847 1192 909 peccato
1208 857 1344 902 sanemur,
1367 837 1505 892 Christum
1520 836 1677 891 crucifixum
1693 837 1856 904 intricamur,

203 946 278 1016 quia,
299 944 372 1003 ciart
395 945 509 1018 Moyses
531 946 669 1003 multavit
695 952 852 1020 serpcmem
874 944 903 1000 in
927 944 1047 1010 lermm,
1072 942 1112 1000 ita
1135 943 1262 1001 ιταὶωνί
1283 951 1392 1018 oportet
1406 943 1500 1020 filium
1524 943 1651 1000 bominis.
1699 944 1760 997 Hoc
1784 944 1857 997 enim
1878 953 2034 1004 renatam.

202 1052 315 1106 interest
338 1053 409 1108 inter
431 1052 547 1124 liguram
569 1054 627 1107 sire
651 1053 797 1124 imaginem
822 1061 849 1107 et
872 1070 929 1106 rem
953 1052 1057 1121 ipsam:
1087 1050 1176 1122 figura
1199 1051 1361 1121 praestabat
1383 1052 1468 1105 vitam
1491 1051 1682 1121 temporalem,
1712 1068 1756 1104 res
1787 1051 1858 1120 ipsa,

171 1159 279 1218 scuius
302 1160 351 1213 illa
374 1158 462 1231 ligura
486 1168 555 1228 emt,
577 1160 739 1230 praestabat
760 1160 846 1214 sitam
868 1166 1008 1214 aetcmam
1033 1160 1065 1212 et
1089 1159 1208 1212 cetera.

310 1256 392 1320 Item
417 1258 521 1321 sancti
545 1256 720 1343 Augustini
743 1254 784 1320 de
807 1254 891 1319 libro
922 1257 1017 1320 tertio
1048 1265 1182 1319 sanotae
1213 1256 1365 1319 trinitatis
1395 1255 1480 1318 inter
1510 1265 1638 1319 cetera:
1669 1259 1763 1318 Nsm²
1786 1264 1857 1317 sicut

202 1372 295 1426 unctio
312 1372 411 1443 lapidis
426 1373 563 1426 Christum
579 1374 606 1427 in
622 1391 714 1443 carne,
737 1373 764 1426 in
788 1390 844 1442 qua
868 1379 965 1426 trachis
988 1381 1029 1426 est
1051 1373 1114 1426 oleo
1139 1372 1315 1426 exaltationis
1337 1389 1405 1442 prae
1429 1371 1606 1442 participibus
1629 1371 1692 1436 suis,
1715 1371 1753 1424 ita
1777 1371 1856 1438 virga

203 1478 293 1549 Moysi
317 1496 449 1533 conversa
472 1479 500 1533 in
520 1487 677 1549 serpentem
700 1480 788 1549 ipsum
804 1477 942 1533 Christum
964 1478 1066 1532 Iacmm
1089 1478 1283 1532 oboedientem
1306 1496 1394 1549 usque
1417 1479 1453 1531 ad
1476 1485 1591 1532 mortem
1615 1477 1683 1542 eius,
1706 1477 1778 1531 unde
1801 1477 1856 1531 ait:

204 1583 284 1641 Sicut
304 1585 442 1642 aubevil
465 1585 579 1660 Moyses
600 1593 756 1660 repentem
778 1584 808 1641 in
832 1584 952 1641 banno.
1876 1596 1997 1646 ronan.

160 1709 186 1751 to
310 1682 354 1747 Et
377 1694 451 1769 post
473 1693 599 1747 cetera:
631 1688 682 1746 Si³
704 1693 841 1747 intuentes
870 1692 947 1745 illum
978 1699 1133 1761 sementem
1162 1693 1315 1745 exaltatum
1344 1692 1371 1745 in
1402 1692 1513 1746 heremo
1543 1699 1699 1762 sementum
1723 1690 1857 1744 morsibus

202 1817 258 1854 non
282 1800 420 1870 peribunt,
442 1809 521 1854 rems
544 1800 626 1854 homo
649 1807 742 1854 noster
763 1797 907 1853 crucifixus
931 1806 972 1852 est
995 1799 1067 1852 curci
1091 1816 1153 1852 cum
1175 1798 1233 1852 illo.
1281 1798 1337 1852 Per
1358 1807 1514 1869 sementem
1545 1808 1637 1852 auteur
1661 1817 1733 1852 mors
1757 1798 1856 1853 intelli·

202 1907 286 1978 gitur,
309 1923 381 1977 quae
405 1906 479 1960 lacta
510 1915 552 1960 est
574 1925 591 1960 a
614 1912 742 1977 serpente
769 1906 796 1959 iu
820 1906 967 1976 paradyso,
997 1905 1078 1959 modo
1109 1904 1255 1959 locutionis
1285 1923 1335 1975 per
1363 1903 1528 1958 efficientem
1558 1905 1596 1968 id,
1626 1906 1700 1974 quod
1731 1903 1857 1972 efficimur,

203 2014 416 2067 demonstrante.
462 2014 536 2084 Ergo
560 2013 638 2083 virga
662 2014 689 2066 in
712 2021 849 2082 serpente,
879 2011 1001 2065 Christus
1030 2012 1057 2065 in
1088 2018 1176 2064 morte
1206 2020 1235 2065 et
1258 2028 1371 2081 serpens
1393 2029 1485 2065 narsus
1515 2011 1543 2065 in
1565 2011 1654 2082 virga,
1683 2010 1805 2066 Christus
1828 2012 1855 2065 in

204 2119 410 2188 resurrectione,
432 2128 505 2173 totus
528 2120 556 2174 in
579 2137 693 2190 corpore
716 2137 774 2184 suo,
797 2119 872 2188 quod
895 2127 937 2171 est
960 2119 1077 2171 ecclesia
1100 2121 1133 2172 et
1156 2119 1275 2172 cetera.

160 2242 186 2283 rs
311 2215 392 2280 Item
423 2214 510 2280 beati
534 2216 711 2301 Augustini
741 2217 773 2279 in
799 2213 882 2278 libro
905 2214 1015 2279 Exodi
1045 2216 1130 2278 inter
1159 2227 1286 2279 cetera:
1317 2221 1426 2279 Fscm⁴
1453 2226 1596 2291 eredimus,
1625 2226 1857 2296 quemamsatum

203 2333 277 2386 facta
312 2333 444 2403 legimus,
479 2340 507 2386 et
540 2340 633 2386 tamen
665 2333 725 2402 ipsa
755 2332 830 2386 facts
859 2331 984 2385 umbram
1014 2331 1099 2385 fidsse
1133 2333 1284 2385 futrsromm
1319 2332 1472 2402 apostolica
1506 2332 1629 2386 doctrina
1659 2334 1856 2404 cognoscimus.
1875 2346 2035 2394 caessara.

204 2439 336 2494 Putamus
359 2457 425 2510 ergo
448 2439 608 2509 spiritaliter
632 2457 691 2492 esse
715 2438 906 2510 investiganda
930 2455 1003 2508 quac
1028 2438 1102 2492 laeta
1125 2447 1202 2504 sunt3
1226 2438 1301 2492 facta
1324 2445 1417 2494 tamen
1440 2457 1501 2494 esse
1517 2456 1619 2509 negare
1639 2457 1695 2493 nou
1714 2457 1857 2510 possumus

203 2549 236 2600 ct
260 2548 379 2600 cetera.

311 2641 393 2707 Item
416 2644 488 2728 ipse
503 2643 538 2705 in
553 2642 677 2728 psalmo
694 2643 934 2728 septuagesimo
950 2643 1062 2706 tertio:
1088 2645 1197 2704 Ιιιιιιιο5
1211 2651 1266 2705 iarn
1282 2652 1309 2705 in
1325 2653 1434 2706 immine
1450 2651 1550 2706 Christi
1567 2653 1662 2708 venire
1676 2655 1856 2722 gaudeamus,

158 2777 186 2816 so
203 2760 257 2814 iam
280 2767 406 2813 tenentes
428 2767 565 2828 sceptrum
588 2758 740 2813 subduntur
762 2759 837 2828 liguo
861 2759 957 2820 crucis,
979 2758 1034 2811 iarn
1057 2757 1088 2811 fit
1111 2759 1187 2829 qnod
1210 2758 1380 2829 praedictum
1404 2766 1460 2811 est:
1489 2757 1658 2814 Adorabunt
1679 2777 1739 2814 asni
1763 2779 1857 2816 onrnes
1875 2771 1953 2820 Patr,
1963 2774 1994 2814 ιι.

202 2884 283 2942 repes
306 2873 410 2930 resae,
434 2885 529 2922 omnes
550 2873 647 2941 pentat
668 2865 791 2922 sacient
812 2864 861 2921 itti.
901 2867 960 2921 Iam
983 2865 1055 2919 euim
1079 2865 1106 2918 in
1130 2864 1265 2919 frontibus
1288 2883 1382 2935 regum
1407 2865 1551 2935 pretiosius
1575 2874 1617 2920 est
1639 2867 1746 2936 signum
1769 2867 1856 2920 crucis

203 2990 287 3044 quam
308 2990 418 3044 gaarma
440 2973 611 3026 diadematis.

309 3069 391 3134 Item
416 3069 592 3154 Augustini
624 3068 665 3133 de
696 3067 762 3134 filio
786 3068 940 3133 Abrahae
972 3068 1069 3132 ducto
1102 3066 1145 3132 ad
1175 3068 1372 3133 sacrificium
1402 3070 1487 3133 inter
1517 3082 1643 3133 cetera:
1673 3074 1760 3133 Non⁶
1782 3080 1855 3133 enim

203 3186 303 3241 frustra
326 3187 392 3240 moti
416 3186 491 3245 estis,
513 3205 574 3239 cum
597 3187 648 3240 hoc
672 3186 805 3240 dicerem:
829 3184 902 3238 Crux
926 3202 1027 3239 cornua
1051 3185 1143 3239 habet.
1190 3183 1234 3239 sic
1258 3186 1330 3239 enirn
1354 3186 1407 3238 dno
1432 3185 1507 3256 ligna
1531 3186 1742 3257 compinguntur
1764 3186 1791 3240 in
1815 3205 1855 3254 se,

158 3309 186 3350 at
204 3301 233 3347 ut
255 3293 377 3363 speeiem
399 3293 487 3346 crucis
510 3293 633 3346 reddant.
680 3292 756 3346 Sicut
786 3309 853 3364 ergo
882 3292 1001 3364 imagine
1032 3293 1120 3346 crucis
1149 3292 1241 3346 multis
1265 3292 1331 3346 locis
1355 3293 1487 3356 ridemus,
1517 3302 1547 3347 ut
1576 3292 1644 3347 tiant
1666 3295 1720 3348 duo
1743 3311 1856 3362 cornua,

203 3399 302 3470 quibus
324 3398 472 3470 infigantur
493 3417 599 3462 siranus,
621 3398 748 3452 comibus
770 3399 929 3453 haerentem
953 3399 1078 3464 arietem,
1100 3398 1257 3453 cmcifixum
1280 3399 1438 3462 Dominum,
1461 3399 1541 3453 video
1564 3401 1597 3454 el
1620 3402 1740 3455 cetera.

310 3496 391 3560 Item
417 3497 521 3559 sancti
546 3495 716 3559 Severiani
742 3493 937 3560 Gabalensis
960 3495 1001 3559 de
1026 3516 1175 3560 sermone
1199 3510 1332 3560 sanctae
1356 3497 1463 3560 crucis
1487 3497 1571 3560 inter
1594 3509 1718 3561 cetera:
1748 3501 1855 3561 Putasl

203 3631 257 3666 non
280 3620 340 3666 erat
363 3613 463 3666 itrstrun
485 3612 554 3665 dici:
579 3611 607 3666 Si
631 3612 694 3683 quis
716 3621 836 3666 restmm
859 3630 964 3666 aremus
986 3612 1079 3680 merit,
1102 3611 1230 3681 respiciat
1252 3612 1280 3665 in
1303 3613 1410 3666 caelum
1434 3630 1538 3666 sursum
1561 3614 1597 3666 ad
1614 3613 1703 3666 Deum
1720 3621 1747 3666 ct
1764 3615 1853 3668 salva·

203 3719 295 3773 bitur?
341 3719 380 3775 tft
411 3719 482 3773 euim
514 3729 541 3772 et
572 3720 678 3774 attendi
708 3719 787 3773 eaelo
818 3719 966 3789 relinquat,
996 3737 1050 3772 non
1080 3718 1170 3788 potuit
1199 3718 1306 3771 dicere:
1341 3717 1369 3772 Si
1393 3720 1455 3788 quis
1485 3736 1588 3772 morsus
1617 3720 1710 3780 tuterit,
1740 3720 1855 3790 aspiciat

159 3842 186 3883 to
204 3827 343 3880 lucernam
368 3827 476 3880 luminis
499 3835 526 3880 et
549 3826 721 3880 salvabitur?
744 3835 793 3879 aut
816 3825 931 3896 aspiciat
953 3827 989 3879 ad
1005 3843 1126 3879 mensam
1141 3824 1335 3895 propositionis
1350 3833 1503 3878 sanctorum
1519 3843 1621 3895 panum
1638 3835 1666 3878 ct
1682 3825 1855 3880 salvabitur?

203 3941 251 3988 aut
274 3936 309 3988 ad
332 3934 420 3988 altare
443 3939 491 3987 aut
514 3935 549 3987 ad
573 3934 664 3986 velum
688 3941 735 3986 aut
758 3932 785 3986 in
807 3950 902 3986 arcam
924 3941 972 3986 ant
994 3932 1022 3985 in
1045 3932 1192 4002 imaginem
1216 3931 1362 3985 Cherubim
1387 3941 1434 3985 aut
1464 3931 1491 3985 in
1513 3932 1754 4002 propitiatorium?
1800 3933 1854 3986 Sed

204 4040 270 4094 nihil
300 4040 396 4094 bonum
426 4041 462 4093 ad
484 4040 603 4093 medium
634 4040 747 4094 adduxit
778 4039 921 4108 legislator
950 4057 1074 4110 mumius,
1103 4040 1152 4094 sed
1182 4039 1269 4093 solam
1299 4037 1358 4092 lixit
1380 4039 1467 4092 crucis
1490 4039 1636 4110 imaginem
1660 4050 1687 4092 et
1711 4040 1780 4093 hane
1804 4057 1855 4109 per

202 4146 377 4200 maledictum
411 4153 576 4216 serpentem.
629 4147 680 4200 Dic
715 4146 780 4200 mihi
813 4155 844 4200 ut
877 4144 967 4200 tidelis
1000 4146 1132 4200 famulus:
1168 4145 1249 4211 Quod
1279 4145 1418 4200 interdicis
1449 4145 1538 4199 facis?
1572 4147 1646 4216 quod
1678 4146 1855 4199 altrenmstias

202 4251 354 4308 aedificas?
405 4252 458 4317 Qui
489 4253 569 4306 dicis:
601 4250 667 4308 Non
684 4251 782 4322 socies
803 4251 939 4327 sculptile,
968 4261 996 4306 ct
1026 4252 1135 4306 fusilem
1158 4254 1260 4322 sculpis
1283 4257 1459 4323 serpentem?
1504 4252 1559 4306 Sed
1583 4253 1632 4307 illa
1656 4253 1766 4323 quidem
1791 4254 1853 4320 lege
1874 4262 2011 4330 arsuras

157 4374 184 4415 tt
203 4359 290 4429 posui,
313 4367 343 4413 ut
366 4359 497 4413 materias
519 4358 658 4412 abscidam
681 4359 830 4428 impietatis
853 4365 881 4412 et
903 4359 1036 4429 populum
1059 4359 1130 4412 bunc
1154 4377 1248 4412 eruam
1272 4359 1344 4412 enini
1368 4359 1502 4412 idolorum
1525 4360 1644 4418 cultura:
1668 4379 1738 4413 nunc
1762 4369 1854 4414 sutem
1874 4318 1990 4366 ww

203 4466 314 4520 effmrdo
337 4475 502 4535 serpentem,
524 4473 554 4519 ut
576 4463 761 4535 praefigurem
785 4466 931 4534 imaginem
953 4465 1099 4519 salvatoris
1121 4471 1154 4519 et
1177 4467 1296 4519 cetera.

311 4563 394 4627 Item
419 4563 523 4626 saneti
547 4562 722 4647 Augustini
746 4562 788 4626 ad
812 4562 993 4626 Dulcitium
1015 4563 1048 4625 in
1073 4563 1263 4647 quaestione
1295 4575 1389 4626 sexta
1418 4561 1459 4626 de
1483 4561 1666 4627 Samuhelis
1695 4564 1853 4648 imagine:

203 4679 322 4735 Solentt
344 4680 416 4733 enim
439 4679 467 4732 in
490 4679 629 4749 scripturis
652 4679 786 4750 imagines
808 4696 901 4732 canum
925 4697 1014 4732 rerum
1037 4679 1189 4732 nominibus
1212 4679 1360 4749 appellari,
1389 4697 1506 4748 qnannn
1529 4680 1662 4750 irnagiues
1686 4691 1756 4740 sunt,
1786 4681 1854 4734 sicut

310 4925 325 4974 7
346 4922 522 4974 exsultationis
544 4921 573 4972 P.
647 4925 680 4972 34
699 4921 780 4972 fusile
800 4921 832 4972 P.

156 5157 185 5196 ao
313 5131 342 5212 1)
367 5139 547 5216 Augustinus,
578 5139 703 5195 Tractat.
728 5138 756 5194 in
781 5158 881 5214 evang.
907 5137 1043 5195 Iohannis
1066 5138 1130 5194 ΧΗ
1148 5135 1173 5214 ,5²
1189 5141 1243 5204 ln·
1269 5141 1342 5214 Opp.
1362 5138 1417 5208 III,
1434 5145 1464 5208 2,
1483 5145 1598 5215 nasse.
1646 5140 1693 5210 Cf.
1719 5161 1778 5196 curn
1803 5140 1854 5196 boc

202 5249 261 5304 loco
278 5255 303 5303 st
318 5246 423 5302 &abac
436 5245 659 5320 subsequentibus
674 5244 825 5301 Hadriani
840 5243 929 5320 epist,
948 5244 1021 5302 ΜΘ.
1041 5244 1117 5320 Epp.
1143 5245 1172 5314 V,
1194 5251 1246 5304 28.
1318 5241 1347 5314 2)
1372 5246 1551 5322 Augustinus,
1571 5246 1615 5302 lte
1631 5246 1755 5302 trinitate
1771 5249 1789 5301 l.
1808 5245 1859 5303 III

203 5373 226 5410 c.
245 5357 283 5413 10
304 5345 402 5430 §205
426 5349 500 5426 Opp.
526 5350 605 5419 VIII,
622 5355 693 5411 804.
764 5343 795 5428 3)
819 5350 937 5408 Ibidem.
1020 5347 1051 5422 4)
1075 5351 1162 5407 Hunc
1176 5353 1264 5408 locum
1281 5371 1337 5407 non
1354 5351 1456 5416 inoenr’,
1480 5354 1532 5408 sed
1545 5353 1645 5428 lepino·
1661 5353 1689 5409 in
1707 5352 1857 5410 Hadriani

203 5459 293 5535 epist,
319 5457 392 5516 MG.
411 5458 489 5534 Fpp
512 5458 612 5527 1636.
703 5451 734 5526 5)
758 5457 938 5534 Arpinatium,
964 5457 1077 5513 Enarr.
1102 5457 1129 5513 in
1149 5459 1255 5533 paulus.
1282 5461 1321 5515 73
1343 5451 1420 5534 §6,·
1445 5460 1519 5535 (φρ.
1537 5459 1590 5528 IV,
1609 5463 1680 5519 772.
1718 5459 1766 5531 Cf.
1791 5460 1854 5516 IIu-

203 5565 302 5622 driani
324 5565 413 5641 epist,
439 5563 513 5622 MG.
535 5563 613 5640 Epp.
637 5564 737 5634 1327.
818 5556 849 5640 6)
873 5563 959 5620 Hunc
974 5565 1061 5620 lontrn
1072 5564 1192 5634 falstra
1207 5564 1342 5639 quaesiti,
1366 5565 1418 5620 sed
1439 5566 1539 5642 legitur
1554 5566 1582 5622 in
1600 5567 1751 5623 Hadriani
1764 5567 1853 5641 epist,

156 5688 185 5728 ts
205 5669 278 5730 ΜΘ.
305 5671 382 5747 Epp.
406 5672 504 5742 1643.
590 5663 620 5748 7)
646 5671 818 5728 Seuerianus
841 5669 1020 5736 Gabuleum,
1045 5669 1170 5726 Humilia
1194 5671 1229 5727 de
1251 5679 1380 5745 repente
1403 5692 1426 5727 c.
1443 5677 1481 5738 2,·
1506 5671 1579 5748 Opp.
1599 5671 1789 5746 Cbpsostomi
1811 5675 1853 5729 cd.

205 5778 396 5850 Menlsuncon
420 5778 466 5847 VI,
484 5781 552 5838 513.
594 5775 644 5848 Cf.
668 5777 819 5833 Hadriani
840 5776 930 5851 epist..
956 5775 1029 5833 er'.
1056 5775 1133 5851 Epp.
1157 5777 1188 5844 V,
1205 5781 1257 5836 28.
1327 5771 1359 5842 Sl
1383 5777 1562 5854 Amasenus,
1587 5777 1633 5834 De
1655 5787 1715 5836 octo
1739 5777 1857 5834 ltolcitii

202 5884 408 5960 quaestionibus
430 5893 536 5960 qtraesl.
562 5889 582 5944 6
603 5876 680 5961 §3,·
705 5885 779 5958 (App.
802 5883 936 5950 V1,134.

1591 6003 1640 6054 65‘

47 6485 427 6657 IL„-
