4884 6717
697 528 750 585 sl.
785 527 1004 587 couclnmu
1026 530 1349 588 INGELHEIMENSE
1371 531 1409 588 A.
1431 529 1506 587 840.
1863 528 1927 592 80'l

380 715 538 782 Narratio
570 717 757 781 elericorum
786 717 1007 798 Baniensium,
1036 721 1127 784 cuias
1155 722 1392 807 inscriptionem
1423 721 1552 807 primur
1581 719 1684 786 editor
1705 721 1851 809 fortasse
1877 746 1928 788 eo:-

274 826 433 911 coqr'tovr't,
457 824 571 912 lepitar
593 825 628 909 1)
652 824 744 910 opud
759 824 799 888 A.
816 824 992 905 Duclresne,
1015 825 1182 891 Historiae
1205 826 1366 892 Froneioe
1388 829 1558 914 scriptores
1581 827 1930 911 duodecimlssrutetriae

274 929 463 995 Parthorum
492 933 594 1015 1636)
618 930 668 1011 ΙΙ,
690 938 758 999 340
788 955 828 995 aa
849 931 956 997 codice
978 931 1181 997 Atrebateaai
1202 932 1259 1016 (=
1275 933 1333 1019 A),
1362 935 1400 1018 2)
1431 936 1467 998 ia
1490 934 1597 1000 codiee
1618 934 1803 1001 Paratiarsr'
1830 936 1928 1002 hano

275 1042 388 1104 12710
407 1037 512 1119 (cauo
529 1036 800 1125 Soapermoaeaar‘
816 1045 892 1118 646,
911 1052 975 1102 tum
991 1041 1092 1122 1085)
1112 1063 1192 1104 soce.
1209 1039 1290 1103 XII.
1309 1041 1376 1128 fol.
1393 1043 1506 1108 5-6‘
1530 1040 1586 1123 (=
1627 1045 1656 1128 ),
1679 1065 1770 1128 quem
1788 1045 1855 1108 iam
1870 1043 1928 1108 od·

243 1144 377 1213 alsibar't
391 1143 538 1230 Boaqaet
555 1144 597 1226 (v.
615 1145 724 1231 infra)
749 1158 778 1209 et
799 1147 833 1209 r‘a
857 1169 933 1209 usus
954 1159 1076 1209 aoaaoa
1099 1147 1303 1233 inspexerant
1325 1147 1376 1212 vel
1396 1148 1592 1214 coamleraat
1604 1174 1653 1214 aa.
1671 1149 1725 1214 dd.
1742 1149 1786 1215 Η.
1807 1148 1929 1232 Omont,

278 1251 313 1315 0.
343 1250 536 1331 Conciliari,
558 1250 605 1315 M.
630 1251 812 1317 Krommer.

382 1383 479 1441 Edde
508 1383 669 1454 Dacians,
693 1382 770 1440 [ὕει.
795 1382 943 1441 fiendae
963 1382 1116 1460 scriptores
1139 1383 1180 1455 II,
1205 1388 1275 1445 340.
1321 1384 1453 1463 Bouqurt
1471 1386 1520 1457 VI,
1544 1389 1604 1447 251
1629 1378 1744 1466 (crta).
1774 1388 1838 1459 VII,
1854 1391 1928 1450 277.

276 1489 384 1568 ifipae,
409 1489 519 1548 Potrol.
543 1492 593 1548 lat.
620 1489 728 1560 CXVI,
745 1493 795 1551 17.

381 1682 576 1778 Deserente
607 1714 695 1778 omni
725 1713 844 1800 populo
874 1713 1081 1779 Ludovicum
1109 1716 1340 1803 imperatorem
1370 1725 1403 1781 et
1431 1726 1619 1782 transeunte
1649 1717 1692 1782 ad
1721 1717 1823 1783 filium
1857 1720 1928 1784 eius

230 1850 256 1889 m
275 1821 464 1886 Lotbarium
487 1819 584 1885 Ebbo
615 1822 714 1885 etiam
744 1821 917 1908 episeopus
947 1822 1032 1886 inter
1062 1844 1118 1886 eos
1148 1821 1190 1886 ad
1221 1822 1361 1887 eundem
1391 1845 1426 1888 se
1458 1824 1593 1889 contulit
1616 1823 1814 1891 Lotbarium.
1861 1824 1928 1906 Qui

275 1927 400 1993 scilicet
421 1927 604 2009 Lotbarius,
629 1928 766 1991 veniens
790 1950 849 2014 per
877 1928 1061 2014 imperialia
1083 1928 1214 2015 palatia,
1246 1928 1386 1994 adduxit
1415 1952 1526 1995 secum
1556 1940 1682 2017 patrem
1712 1953 1806 1997 suum
1830 1930 1927 1998 Saes-

275 2037 373 2101 sionis
389 2034 432 2099 ad
447 2036 677 2100 monasterium
695 2035 800 2099 sancti
816 2033 976 2116 hledardi,
1000 2034 1111 2122 ibique
1135 2034 1339 2100 hortantibus
1364 2046 1397 2101 et
1418 2036 1606 2102 iubentibus
1623 2041 1739 2104 ceteris
1763 2040 1927 2127 episcopis

274 2165 332 2207 scu
355 2139 550 2229 primoribus
574 2142 666 2226 regni
690 2153 822 2206 coactus
847 2151 896 2205 est
918 2140 1025 2224 Ebbo,
1050 2143 1126 2229 quia
1144 2143 1178 2206 in
1195 2141 1320 2207 diocesi
1336 2145 1406 2208 eins
1423 2155 1501 2225 erat,
1526 2142 1573 2207 illi
1589 2146 1745 2232 inponere
1761 2144 1927 2232 publicam

274 2249 531 2335 penitenciam13
555 2247 641 2312 unde
665 2248 799 2312 nimiam
823 2259 856 2312 et
878 2260 1069 2335 perpetuam
1094 2250 1163 2313 eius
1186 2250 1325 2316 incurrit
1348 2250 1515 2314 offensam.

229 2383 255 2422 a
380 2354 462 2420 Inde
493 2378 571 2419 vero
600 2354 742 2441 plurima
771 2378 848 2442 pars
878 2377 1050 2440 procerum
1082 2377 1121 2419 ac
1138 2354 1259 2442 populi
1281 2366 1450 2421 verterunt
1472 2379 1507 2421 se
1530 2358 1649 2422 iterum
1672 2357 1715 2422 ad
1738 2358 1926 2425 iamdictam

274 2464 512 2549 imperatorem,
537 2460 725 2526 deserentes
749 2462 818 2526 eius
841 2461 943 2526 filium
966 2461 1167 2544 lmtharium,
1199 2474 1232 2527 et
1255 2464 1466 2529 restituerunt
1489 2487 1562 2528 eum
1586 2465 1621 2528 in
1644 2466 1814 2552 imperium
1839 2466 1927 2553 apud

273 2570 504 2634 monasterium
527 2569 630 2633 sancti
646 2567 830 2655 Dyonisii2.
869 2566 1060 2632 Morabatur
1083 2578 1192 2633 autem
1216 2583 1294 2633 tunc
1314 2571 1469 2657 temporis
1485 2569 1581 2635 Ebbo
1606 2572 1836 2658 episcopusin
1859 2596 1926 2638 mo·

273 2677 414 2741 nasterio
445 2676 550 2739 sancti
573 2675 708 2740 Basoli³
737 2675 822 2739 infra
852 2674 1057 2761 parrochiam
1080 2674 1286 2756 Remensem,
1318 2675 1453 2741 claudus
1482 2689 1620 2763 utroque
1650 2677 1734 2764 pede
1765 2689 1797 2743 et
1826 2680 1928 2743 nimia

273 2782 414 2848 afflictus
437 2782 632 2847 infirmitate.
680 2781 814 2847 Timone
838 2803 927 2864 vero,
958 2782 1036 2868 quia
1065 2803 1127 2846 nec
1153 2804 1228 2846 cum
1251 2781 1407 2847 Lotbario
1432 2784 1523 2848 exire
1546 2795 1675 2871 poterat
1697 2807 1759 2851 nee
1782 2787 1926 2851 animum

227 2919 255 2957 so
273 2891 477 2976 imperatoris
501 2888 676 2954 adversum
700 2911 734 2952 se
760 2889 935 2975 quicquam
951 2887 1128 2952 emollitum
1151 2886 1306 2970 babebat,
1330 2911 1382 2971 nc,
1406 2890 1490 2954 sicut
1505 2890 1562 2954 tali
1578 2889 1706 2956 turbine
1722 2891 1840 2956 furoris
1855 2892 1926 2957 fieri

273 2996 364 3078 solet,
389 3018 409 3060 a
431 2994 559 3060 levibns
583 3007 616 3060 et
638 2994 888 3082 indisciplinatis
912 2993 1096 3059 hominibus
1121 2996 1215 3082 quasi
1239 3018 1298 3082 pro
1317 2995 1472 3061 fidelitate
1492 2996 1602 3062 domni
1625 2999 1831 3084 imperatoris
1855 3022 1926 3086 per·

273 3102 414 3184 deretur,
437 3103 532 3167 iussit
555 3125 590 3167 se
614 3101 778 3189 deportari
802 3100 844 3166 ad
869 3101 1032 3188 quendam
1055 3100 1191 3166 fluvium
1213 3104 1345 3167 nomine
1361 3103 1576 3186 Matronam⁴,
1609 3105 1665 3191 qui
1688 3106 1822 3192 propius
1845 3115 1925 3188 erat,

273 3219 306 3274 et
328 3210 411 3274 mitti
435 3210 469 3273 in
491 3210 602 3273 navim
626 3217 723 3295 atque
746 3208 915 3272 Parisius⁵
937 3208 981 3273 ad
1004 3207 1168 3294 quandam
1192 3207 1312 3273 deduci
1336 3208 1484 3274 callrrlam
1509 3210 1677 3275 cuiusdam
1700 3211 1830 3295 reclusi,
1855 3235 1926 3299 spe·

272 3339 347 3381 rans
378 3339 411 3380 se
442 3314 488 3380 ibi
511 3326 579 3380 tute
604 3337 699 3401 posse
723 3336 865 3396 manere,
896 3313 1101 3401 usquedum
1124 3326 1180 3379 aut
1203 3316 1347 3380 animum
1378 3316 1582 3403 imperatoris
1606 3318 1834 3405 quoquomodo
1858 3319 1925 3407 pla-

227 3450 253 3490 ra
272 3445 348 3488 care
372 3424 529 3510 potuisset
551 3433 608 3487 aut
630 3433 765 3509 recepta
787 3423 925 3486 sanitate
949 3423 996 3485 ire
1020 3431 1094 3509 post
1115 3420 1308 3486 Lotbarium
1330 3422 1465 3488 valeret.
1511 3422 1658 3489 Audiens
1681 3447 1760 3490 vero
1788 3425 1925 3491 domnus

271 3531 448 3617 imperator
471 3553 546 3594 eum
568 3528 646 3595 illue
669 3528 893 3614 transfugisse,
924 3529 1012 3592 misit
1035 3538 1068 3592 et
1090 3529 1184 3592 iussit
1207 3551 1282 3593 eum
1306 3528 1424 3594 deduci
1449 3529 1509 3595 sub
1534 3531 1682 3596 custodia
1704 3531 1747 3596 ad
1762 3531 1926 3598 Voldam⁶

271 3639 502 3702 monasterinm
525 3636 629 3702 sancti
644 3635 808 3700 Boniiacii
830 3635 942 3722 ibique
966 3637 1089 3700 servari
1113 3646 1146 3700 et
1168 3645 1243 3723 post
1265 3634 1431 3701 biennium
1453 3636 1574 3703 adduci
1597 3637 1640 3703 ad
1655 3638 1924 3706 Teotonisvillam

271 3746 305 3808 in
328 3744 501 3830 parrochia
523 3744 686 3825 Mettensi,
715 3743 772 3808 ubi
796 3754 866 3808 erat
892 3742 1046 3829 placitum
1076 3743 1282 3829 imperatoris
1312 3741 1479 3830 publicum
1491 3748 1510 3809 ⁷.
1558 3745 1788 3812 praesentatus
1816 3757 1925 3813 autem

272 3850 408 3915 concilio
433 3852 670 3937 episcoporum,
702 3861 875 3915 accusatus
906 3863 955 3913 est
979 3847 1020 3913 ab
1045 3850 1240 3935 imperatore
1265 3861 1373 3937 atque,
1405 3851 1461 3915 diu
1485 3852 1593 3916 nimiis
1616 3851 1795 3918 terroribus
1818 3877 1923 3920 mace·

226 3983 253 4023 so
271 3968 370 4040 ratus,
401 3958 481 4021 inito
511 3956 643 4021 tandem
675 3956 811 4022 consilio
834 3979 909 4021 cum
932 3958 1049 4020 ceteris
1074 3958 1276 4043 coepiscopis
1301 3968 1333 4022 et
1355 3956 1510 4023 fratribus
1533 3960 1611 4041 suis,
1643 3960 1721 4046 quia
1750 3962 1924 4047 episcopus

271 4086 332 4128 nec
355 4064 621 4151 archiepiscopus
645 4064 711 4128 suis
735 4062 885 4128 omnibns
908 4061 1002 4127 bonis
1026 4063 1208 4150 expoliatus
1232 4062 1358 4150 subque
1383 4064 1531 4129 custodia
1553 4076 1662 4129 tentus
1677 4077 1710 4130 et
1725 4065 1767 4130 ab
1784 4066 1925 4132 ecclesia

271 4193 329 4235 sua
353 4182 573 4257 sequestratus
604 4171 637 4234 in
665 4169 791 4257 synodo
821 4169 1000 4256 apostolica
1030 4171 1221 4234 anctoritate
1244 4193 1310 4235 non
1334 4181 1515 4236 convocata
1537 4194 1644 4258 neque
1668 4173 1737 4237 eius
1760 4172 1923 4260 legatione

377 4443 480 4494 &aare
505 4443 643 4494 edideram
664 4441 843 4507 patriorum:
870 4442 998 4491 Narratio
1025 4439 1186 4492 clericorum
1210 4443 1392 4500 Remansium,
1418 4442 1538 4510 qualiter
1564 4443 1642 4494 Ebbo
1664 4444 1810 4495 Remorum
1836 4446 1922 4496 archi·

271 4535 426 4601 episcopus,
440 4531 513 4597 qnod
527 4533 556 4582 in
565 4532 738 4582 Lndovicnm
751 4531 830 4581 Pium
842 4532 1035 4596 imperatorem
1048 4533 1262 4596 conspiraverat,
1282 4532 1317 4582 ab
1330 4533 1467 4598 episcopis
1480 4532 1620 4599 depositus
1633 4549 1706 4583 anno
1716 4533 1924 4587 Dcccxxxn

226 4630 252 4670 to
271 4631 298 4673 et
316 4629 377 4688 post
395 4623 483 4689 ipsius
503 4620 639 4672 landerici
658 4626 771 4671 mortam
790 4619 849 4670 sedi
868 4634 933 4670 suaa
953 4620 1094 4670 restitutus
1113 4636 1145 4670 ae
1166 4619 1266 4670 deinde
1285 4621 1382 4671 iterum
1401 4619 1526 4671 deiectus
1545 4628 1595 4672 eat.

377 4732 393 4780 9
412 4723 612 4794 imperatorem]
631 4729 720 4794 inpar·
738 4727 837 4792 saepsisse
856 4723 887 4777 Ρ.
962 4729 991 4776 11
1014 4724 1156 4791 inperialia
1175 4725 1206 4777 P.
1282 4729 1314 4778 13
1333 4726 1472 4794 plubieam
1491 4727 1523 4777 P.
1615 4730 1648 4779 16
1668 4744 1728 4780 eum
1748 4724 1785 4792 in]
1806 4731 1870 4780 euni
1891 4728 1923 4780 P.

270 4820 403 4884 inperium
423 4818 454 4870 P.
528 4819 559 4869 l'l
579 4818 706 4883 Dionysii
726 4819 759 4876 A,
778 4817 898 4867 Dionisii
917 4816 948 4867 P.
1024 4819 1055 4866 18
1074 4816 1245 4881 parrochiam
1263 4815 1303 4866 hic
1320 4824 1344 4866 et
1361 4815 1434 4882 insro
1453 4815 1484 4867 P.
1552 4819 1584 4868 la
1604 4813 1675 4882 eum]
1695 4834 1757 4870 com
1774 4819 1874 4884 saepiae
1892 4819 1923 4870 P.

271 4910 304 4959 22
323 4902 487 4971 Matronam]
507 4907 658 4958 Maternam
677 4906 709 4956 P.
800 4907 926 4972 proprius
946 4904 976 4955 Ρ.
1062 4906 1095 4955 23
1115 4906 1171 4955 miti
1191 4904 1222 4954 Ρ.
1308 4905 1428 4955 Parisius
1443 4930 1476 4939 —
1489 4901 1598 4969 deduci]
1619 4907 1718 4957 deduci
1739 4908 1860 4958 Parisino
1886 4907 1922 4958 ad

271 4996 405 5062 quandam
425 4995 457 5048 P.
522 4999 555 5048 24
574 5014 604 5048 se
622 4996 688 5047 deest
707 4997 740 5046 A.
804 5011 913 5047 manare
931 4995 997 5046 deest
1016 4995 1047 5045 P.
1112 4997 1144 5046 rt
1165 4995 1307 5045 Bonelacii
1325 4992 1366 5044 ln'c
1383 5002 1407 5044 et
1423 4994 1496 5060 infra
1516 4993 1546 5045 P.
1613 4997 1644 5046 sl
1666 4994 1821 5062 expoliatur
1839 4995 1872 5046 A.
1892 4995 1923 5046 P.

225 5092 253 5131 to
271 5088 404 5152 custodya
423 5086 455 5137 P.
528 5089 562 5137 32
580 5081 686 5149 sinodo]
707 5085 823 5136 sindono
843 5083 874 5135 Ρ.

382 5321 411 5390 1)
437 5319 486 5394 Os.
509 5341 600 5397 sopra
625 5340 659 5396 p.
685 5324 746 5380 695
769 5321 805 5378 de
827 5319 943 5378 masilia
968 5317 1183 5394 Compendiensr'
1203 5317 1276 5375 carri
1298 5321 1369 5378 833.
1440 5317 1470 5389 2)
1493 5319 1578 5376 Anao
1601 5321 1672 5378 834.
1696 5317 1798 5376 marris
1822 5317 1927 5377 Martii

272 5430 317 5487 die
339 5433 367 5489 1.
374 5451 385 5499 ,·
415 5430 457 5501 cf.
484 5423 692 5486 Maroneam
714 5447 744 5484 a.
761 5430 861 5503 9261).
909 5425 1030 5495 Simon,
1055 5423 1248 5482 ‘Jaabecser
1277 5426 1326 5482 des
1349 5424 1545 5497 frdakaclrcn
1567 5423 1671 5482 asca
1696 5432 1779 5482 anter
1802 5425 1925 5501 Lndwip

272 5537 332 5593 dem
353 5536 521 5595 P'rommea’
541 5534 582 5605 ΙΙ,
600 5538 692 5610 90sq.
763 5529 797 5606 3)
820 5532 915 5591 Hodie
934 5533 975 5591 St.
992 5532 1081 5600 Bora·
1105 5532 1146 5603 cf.
1165 5530 1286 5602 Simos,
1308 5532 1327 5587 l.
1345 5533 1363 5588 l.
1380 5531 1420 5601 Π,
1437 5535 1494 5591 131
1518 5551 1589 5588 aaa.
1606 5535 1636 5590 5.
1706 5529 1736 5598 4)
1763 5530 1870 5587 Marna
1885 5531 1923 5606 st.

272 5643 304 5711 5)
332 5642 381 5715 Cf.
404 5662 478 5720 quoe
503 5661 594 5718 repro
618 5661 652 5718 p.
671 5645 733 5701 696
743 5661 805 5718 sqq.
830 5660 867 5698 a
895 5639 1013 5715 epistola
1043 5637 1153 5695 concilii
1182 5637 1338 5695 marum
1368 5657 1445 5696 oaao
1468 5641 1541 5698 867.
1572 5637 1667 5708 habia
1698 5656 1734 5695 ca
1763 5635 1926 5695 Flodoordi

226 5755 254 5796 ⁴⁵
272 5749 390 5807 historia
419 5748 566 5807 Romana
595 5748 736 5818 eccloeiae,
769 5767 805 5805 cr
834 5745 933 5804 litteris
955 5744 1062 5802 Koroli
1088 5743 1164 5822 repra
1193 5744 1237 5800 ad
1263 5741 1414 5801 Mcolaara
1437 5743 1461 5800 Ι.
1490 5763 1601 5820 papam
1628 5743 1717 5801 mirra
1741 5742 1922 5819 promtiores.

273 5856 304 5925 6)
328 5855 423 5913 Hodie
446 5855 552 5912 riddo.
660 5853 691 5924 l)
714 5854 746 5912 V.
770 5873 860 5930 supra
877 5873 912 5930 p.
930 5855 988 5912 701
1000 5870 1062 5927 sqq.
