4884 6717
1085 500 1137 554 44.
1175 498 1393 555 CONCILIUM
1415 497 1643 554 PARISIENSE
1667 499 1703 553 A.
1725 497 1799 554 825.

989 695 1030 752 Ut
1053 696 1270 765 circumseptam
1293 694 1468 765 praescripto
1491 693 1580 747 limite
1604 693 1742 748 flammam

989 800 1090 857 Sidere
1115 810 1145 857 et
1169 801 1296 872 extingui
1318 801 1432 856 fremitu
1455 800 1593 854 moriente
1617 801 1711 872 coegit

986 908 1026 962 Et
1049 910 1146 962 cinere
1170 915 1296 963 exortam
1319 907 1407 962 cineri
1430 923 1557 962 remeare
1582 906 1743 978 procellam.

990 1012 1104 1077 Quanta
1126 1014 1217 1069 crucis
1240 1014 1344 1068 virtus!
1377 1013 1417 1068 Ut
1440 1031 1471 1067 se
1494 1021 1596 1068 natura
1618 1013 1771 1084 relinquat,

990 1119 1091 1176 Omnia
1113 1120 1191 1192 ligna
1213 1137 1314 1175 vorans
1337 1119 1413 1191 liguo
1436 1121 1526 1174 crucis
1549 1120 1640 1173 uritur
1662 1121 1744 1190 ignis.

988 1228 1080 1283 Multa
1102 1246 1200 1282 manus
1224 1228 1332 1282 crebris
1354 1235 1421 1280 tunc
1444 1226 1493 1281 illa
1516 1227 1647 1281 incendia
1669 1228 1742 1280 vasis

987 1335 1153 1406 Aspergeus
1175 1334 1262 1406 largis
1286 1333 1421 1404 cupiebat
1443 1334 1558 1387 vincere
1582 1333 1710 1404 limphis3

988 1441 1046 1496 Sed
1070 1441 1138 1496 licet
1162 1440 1306 1497 exhaustis
1329 1447 1485 1511 pensarent
1508 1439 1634 1494 fontibus
1657 1440 1772 1507 imbres,

988 1548 1024 1602 Vi
1047 1548 1151 1603 maiore
1175 1554 1272 1602 tamen
1295 1547 1375 1601 lassis
1392 1530 1599 1616 spargentibus
1622 1563 1732 1601 omnem

989 1655 1105 1709 Vicerat
1127 1655 1198 1726 ignis
1222 1671 1334 1725 aquam.
1381 1652 1440 1706 Nos
1462 1651 1539 1722 ligno
1563 1653 1751 1724 extinguimus
1775 1654 1880 1724 iguem,

990 1760 1137 1831 Quamque
1161 1778 1237 1832 aqua
1259 1778 1315 1815 non
1338 1766 1452 1831 poterat
1475 1760 1544 1812 uicit
1564 1760 1659 1814 brevis
1682 1764 1775 1814 astula
1797 1759 1946 1815 flammam.

722 1877 845 1942 Contra
868 1899 933 1958 eos,
958 1877 1015 1961 qui
1033 1877 1162 1961 signum
1178 1887 1312 1939 sanctae
1330 1874 1435 1938 crucis
1450 1874 1484 1936 in
1500 1875 1719 1938 testimonium
1735 1874 1920 1958 adsumunt,
1944 1886 1980 1940 ut
2002 1878 2050 1940 eis
2074 1878 2121 1941 ita
2144 1877 2272 1943 licitum

614 1987 656 2049 sit
679 1984 815 2049 adorare
839 1984 999 2068 imagines
1023 1982 1119 2046 sicuti
1141 1981 1265 2067 lignum
1289 1991 1421 2045 sanctae
1446 1981 1561 2045 crucis.

722 2090 871 2156 Cultores
901 2090 1001 2175 igitur
1030 2089 1209 2174 imaginum
1239 2089 1493 2168 venerationem,
1523 2086 1748 2151 adorationem
1771 2110 1836 2152 seu
1870 2088 2103 2154 exaltationem
2136 2102 2270 2157 sauctae

615 2198 722 2263 crucis
745 2198 779 2260 in
803 2195 1024 2260 defensionem
1049 2217 1163 2259 sensus
1187 2195 1237 2258 sni
1261 2215 1427 2280 opponere
1451 2193 1537 2258 soliti
1553 2205 1637 2275 sunt,
1661 2217 1720 2258 eur
1734 2217 1799 2259 non
1815 2196 1861 2258 ita
1876 2197 2036 2281 imagines
2053 2197 2139 2261 sicut
2154 2221 2271 2262 cruces
2293 2221 2320 2260 rs

615 2303 745 2369 adorari
769 2303 875 2367 liceat.
916 2300 1043 2383 Quibus
1067 2303 1171 2387 primo
1194 2299 1459 2387 respondendum
1480 2311 1539 2382 est,
1564 2301 1641 2387 quia
1657 2299 1805 2365 Christus
1828 2323 1894 2366 non
1916 2303 1950 2365 in
1973 2304 2128 2388 imagine,
2153 2303 2211 2368 sed
2234 2307 2271 2369 in

615 2433 712 2475 cruce
737 2407 894 2496 suspendi
918 2408 1026 2493 elegit,
1058 2407 1189 2494 qnando
1213 2430 1317 2492 genus
1341 2407 1516 2472 humanum
1541 2406 1699 2471 redimere
1724 2407 1835 2489 voluit,
1867 2419 1900 2472 et
1928 2409 2003 2473 ideo
2027 2421 2141 2474 sancta
2164 2423 2272 2476 mater

615 2516 756 2582 ecclesia
778 2527 845 2580 toto
870 2515 948 2580 orbe
972 2527 1131 2579 terrarum
1155 2516 1241 2579 inter
1271 2526 1381 2578 cetera
1411 2515 1581 2577 innumera
1611 2515 1717 2578 crucis
1748 2526 1963 2615 sacramenta,
1994 2538 2079 2602 quae
2103 2539 2124 2581 a
2146 2521 2271 2582 sanctis

613 2622 761 2711 patribus
784 2622 1006 2709 multipliciter
1028 2621 1123 2707 longe
1147 2621 1277 2708 lateque
1301 2643 1360 2706 per
1383 2621 1571 2685 universum
1601 2620 1756 2685 mundum
1788 2634 1977 2687 enumerata
2007 2636 2091 2704 sunt,
2123 2624 2273 2689 decrevit

614 2730 739 2795 licitum
770 2751 841 2793 esse
866 2729 1026 2794 universis
1057 2729 1225 2792 catholicis
1256 2725 1298 2792 ob
1329 2750 1473 2792 amorem
1504 2727 1603 2791 solius
1634 2728 1793 2813 passionis
1818 2727 1950 2810 Christi,
1982 2727 2181 2818 ubicumque
2212 2754 2272 2796 eas
2294 2754 2323 2793 so

614 2836 764 2919 viderint,
788 2834 986 2918 inclinando,
1010 2837 1038 2899 si
1061 2835 1234 2916 voluerint,
1258 2836 1408 2898 venerari
1433 2846 1466 2898 et
1488 2836 1622 2920 insuper
1645 2833 1698 2898 die
1722 2845 1846 2916 sancto,
1871 2858 1935 2922 quo
1958 2838 2067 2922 passio
2085 2836 2220 2903 Domini
2236 2841 2274 2904 in

614 2945 766 3008 universo
791 2942 911 3007 mundo
936 2942 1122 3029 specialiter
1146 2940 1341 3023 celebratur,
1372 2965 1446 3005 cum
1470 2942 1557 3004 omni
1580 2940 1754 3006 devotione
1778 2943 1966 3007 universum
1991 2943 2137 3009 ordinem
2163 2968 2273 3010 sacer-

614 3049 756 3114 dotalem
780 3072 837 3113 seu
862 3059 1015 3113 cunctum
1039 3048 1193 3135 populum
1217 3060 1415 3134 prostratum
1440 3047 1587 3112 adorare.
1622 3047 1752 3112 Deinde
1777 3049 1875 3111 etiam
1899 3048 1979 3113 illud
2003 3050 2189 3136 specialiter
2204 3075 2274 3116 non

615 3168 728 3222 contra
751 3155 838 3221 licite
863 3155 1033 3236 habentes,
1057 3155 1116 3220 sed
1139 3167 1254 3220 contra
1276 3154 1434 3219 inlicitum
1459 3154 1580 3218 cultum
1604 3152 1800 3239 imaginibus
1824 3153 2018 3219 exhibentes
2038 3158 2273 3243 opponendum

615 3277 674 3346 est,
699 3262 788 3351 quod
811 3262 1000 3350 supradicta
1022 3262 1216 3327 universalis
1234 3261 1374 3327 ecclesia
1389 3275 1456 3325 tam
1473 3262 1574 3325 sacris
1590 3260 1733 3324 fontibus
1750 3261 1972 3327 consecrando
1989 3286 2152 3350 quamque
2170 3266 2272 3329 ctiam
2295 3293 2324 3332 ss

614 3368 821 3457 baptizandis
844 3370 897 3434 vel
921 3368 1094 3457 baptizatis
1118 3370 1233 3434 eodem
1257 3371 1350 3455 signo
1375 3381 1507 3432 sanctae
1532 3369 1638 3432 crucis
1663 3368 1886 3454 consignando
1901 3368 1955 3432 vel
1971 3368 2198 3436 benedicendo
2221 3374 2273 3436 uti

615 3476 762 3543 decrevit
784 3478 992 3563 omniumque
1015 3476 1092 3541 fidei
1116 3477 1296 3542 catholicae
1321 3474 1499 3540 cultoribus
1522 3475 1645 3538 frontes
1670 3486 1702 3538 et
1724 3486 1859 3561 pectora
1882 3499 1942 3539 sua
1964 3486 2039 3562 post
2061 3476 2272 3542 abrenuntia·

614 3586 736 3649 tionem
760 3595 893 3648 satanae
917 3585 1045 3670 pompis
1069 3595 1102 3648 et
1125 3582 1278 3669 operibus
1303 3585 1372 3647 eius
1397 3583 1579 3647 certissima
1602 3581 1665 3645 fide
1694 3593 1807 3645 contra
1836 3605 1948 3646 omnes
1978 3582 2114 3647 insidias
2146 3583 2273 3649 diaboli

614 3693 740 3756 munire
765 3690 876 3756 docuit
898 3691 1073 3776 gladioque
1097 3689 1345 3777 inexpugnabili
1362 3689 1494 3753 dextras
1511 3699 1701 3752 cunctorum
1716 3686 1861 3752 fidelium
1878 3712 2005 3753 armare
2022 3690 2155 3755 studuit.
2191 3691 2271 3774 Dic,

615 3821 746 3885 quaeso,
779 3811 891 3862 contra
920 3798 971 3861 fas
1002 3798 1260 3862 ecclesiasticum
1291 3797 1443 3860 adorator
1472 3796 1661 3880 imaginum,
1694 3794 1772 3881 quid
1802 3795 1865 3860 tale
1897 3796 1950 3860 uel
1980 3796 2057 3860 huic
2088 3797 2192 3862 simile
2225 3798 2270 3863 ab
2293 3824 2324 3864 so

614 3905 755 3970 ecclesia
785 3904 946 3969 catholica
976 3906 1010 3968 in
1040 3916 1107 3969 toto
1138 3904 1216 3969 orbe
1245 3916 1403 3968 terrarum
1428 3903 1468 3966 de
1493 3900 1690 3987 imaginibus
1714 3903 1875 3966 sancitum
1899 3903 1973 3967 est?
2019 3904 2063 3967 Et
2085 3904 2163 3969 licet
2185 3905 2270 3970 haec

614 4035 734 4097 magna
756 4013 830 4094 sint,
855 4011 933 4097 quid
958 4010 999 4076 de
1024 4013 1268 4076 consecratione
1287 4012 1430 4096 corporis
1450 4022 1483 4074 et
1502 4009 1669 4093 sanguinis
1693 4006 1816 4072 domini
1839 4011 1941 4073 nostri
1964 4010 2037 4074 lesu
2055 4010 2175 4076 Christi
2200 4012 2270 4077 die-

614 4120 678 4183 turi
702 4142 821 4198 sumus,
847 4141 930 4205 quae
955 4132 1092 4204 utraque
1116 4120 1150 4182 in
1174 4119 1276 4182 sacris
1300 4119 1473 4181 missarum
1497 4115 1683 4194 sollemniis,
1715 4137 1757 4178 ex
1789 4138 1852 4200 quo
1881 4119 2065 4181 consecrari
2090 4121 2269 4205 coeperint,

615 4248 717 4311 usque
741 4227 775 4288 in
799 4224 896 4288 finem
920 4247 1004 4311 pene
1029 4226 1098 4287 sine
1122 4225 1362 4289 intermissione
1387 4225 1492 4288 crucis
1517 4220 1683 4307 signaculo
1708 4220 1971 4286 benedicuntur?
2013 4224 2082 4288 Nec
2107 4236 2157 4289 est
2180 4228 2268 4312 quis·

615 4355 713 4419 quam
736 4343 802 4396 tam
826 4333 957 4417 sapiens
981 4330 1034 4395 vel
1057 4332 1225 4417 insipiens,
1257 4333 1313 4417 qui
1344 4330 1408 4394 ullo
1439 4328 1535 4394 modo
1567 4328 1651 4393 hanc
1682 4329 1958 4392 consecrationem
1990 4330 2084 4394 aliter
2113 4353 2147 4395 se
2171 4356 2268 4419 posse
2287 4357 2321 4397 aa

613 4439 769 4526 perficere
793 4437 867 4502 Deo
894 4438 1014 4524 placite
1044 4450 1242 4523 praesumat,
1274 4438 1336 4501 nisi
1367 4436 1429 4501 hoc
1461 4458 1589 4522 semper
1619 4434 1764 4498 eiusdem
1795 4447 1928 4499 sanctae
1961 4438 2066 4501 crucis
2097 4439 2268 4524 signaculo

614 4567 808 4610 consecrare
826 4545 963 4608 studeat.
1000 4543 1088 4625 Quid
1112 4545 1210 4608 etiam
1234 4545 1319 4608 sicut
1342 4544 1381 4607 de
1407 4544 1559 4607 universo
1583 4542 1724 4606 humano
1743 4563 1874 4626 genere,
1899 4543 1945 4607 ita
1967 4566 2052 4629 pene
2076 4544 2116 4608 de
2141 4548 2268 4610 cunctis

613 4652 747 4716 humani
771 4653 900 4736 generis
925 4649 1078 4737 operibus
1102 4674 1160 4714 seu
1184 4650 1357 4714 cotidianis
1382 4647 1509 4713 actibus
1533 4650 1603 4742 eius
1626 4647 1873 4734 complectendo
1897 4647 2007 4713 dicere
2027 4649 2209 4715 valebimus
2231 4654 2267 4716 in

613 4758 774 4838 omnibus,
799 4780 862 4844 que
887 4757 950 4839 die,
974 4768 1079 4836 nocte,
1104 4780 1210 4838 mane,
1236 4779 1372 4843 vespere
1397 4768 1430 4820 et
1452 4795 1496 4803 —
1519 4755 1634 4819 melius
1657 4755 1794 4819 fortasse
1819 4754 1939 4820 dieitur
1953 4759 2268 4845 -omnitempore

613 4888 711 4950 agere
736 4865 931 4929 consuevit?
979 4863 1067 4945 Quid
1091 4874 1149 4945 est,
1181 4862 1270 4950 quod
1292 4865 1326 4927 in
1349 4864 1400 4927 his
1424 4860 1584 4944 omnibus,
1615 4861 1703 4948 quod
1733 4861 1936 4927 adsalutem
1960 4864 2029 4927 eius
2053 4865 2123 4928 sive
2147 4866 2179 4928 in
2203 4865 2323 4930 hocso

614 4971 744 5036 saeculo
768 4973 838 5035 sive
862 4972 895 5034 in
919 4971 1027 5035 fixturo
1051 4972 1214 5057 pertinere
1239 4972 1351 5056 possit,
1376 4971 1445 5034 sine
1471 4969 1616 5033 eiusdem
1641 4970 1746 5033 crucis
1767 4969 1934 5054 signaculo
1951 4971 2106 5056 incipere,
2131 4972 2267 5036 actitare

612 5078 665 5142 vel
689 5100 913 5143 consummare
937 5076 1041 5141 velit?

719 5203 812 5267 Haec
835 5201 897 5266 tibi
919 5202 1088 5284 hactenus,
1120 5202 1298 5287 imaginum
1323 5203 1350 5265 si
1374 5202 1446 5287 quis
1470 5224 1504 5264 es
1529 5200 1723 5265 indiscretus
1746 5200 1859 5282 cultor,
1891 5211 1924 5265 et
1946 5200 2028 5265 haec
2051 5200 2111 5265 tibi
2134 5204 2269 5268 inantea

613 5320 757 5390 econtra,
782 5311 808 5373 si
833 5310 906 5395 quis
930 5331 965 5372 es
989 5310 1209 5394 intemperans
1234 5309 1426 5372 distructor:
1451 5307 1525 5371 vide
1550 5331 1590 5371 ne
1615 5308 1695 5373 haec
1719 5307 1855 5372 audiens
1878 5319 1972 5395 putes
1992 5310 2167 5374 temeritati
2189 5321 2268 5375 tuae

613 5415 779 5478 licentiam
803 5414 885 5496 dari,
910 5427 945 5478 ut
969 5413 1166 5502 ubicumque
1189 5438 1254 5478 non
1278 5429 1410 5501 propter
1432 5415 1590 5478 inlicitum
1616 5415 1747 5496 cultum,
1780 5414 1839 5479 sed
1867 5426 2000 5502 propter
2030 5415 2206 5481 discretum
2234 5431 2270 5482 et
2287 5439 2324 5478 ss

719 5687 843 5737 LXXVI.
873 5687 1055 5752 ¹{cupiebant
1074 5686 1105 5737 P.

722 5777 754 5825 12
781 5771 892 5839 Contra]
912 5775 1002 5841 Caput
1020 5776 1094 5825 XIV.
1110 5776 1280 5841 praemittunt
1297 5775 1352 5825 cdd.
1446 5779 1478 5825 14
1502 5774 1697 5826 exultationem
1716 5775 1747 5825 P.
1838 5779 1872 5825 43
1896 5771 1984 5838 Haec]
2007 5776 2095 5842 Caput
2114 5776 2173 5827 XV.
2189 5795 2271 5843 prae·

612 5864 716 5914 misaam
732 5864 787 5914 echi.
