4884 6717
603 502 669 566 490
1073 509 1125 576 44.
1161 508 1380 568 CONCILIUM
1404 510 1633 566 PARISIENSE
1657 511 1695 566 Α.
1715 509 1790 568 825.

602 707 694 778 pines,
717 723 790 777 quse
814 707 851 761 sd
872 705 970 761 oculos
992 706 1122 773 veniunt.
1168 706 1241 761 Nam
1265 714 1295 761 ct
1319 707 1434 762 videndi
1458 725 1571 761 causam
1593 706 1666 761 hanc
1691 725 1755 762 esse
1778 707 1848 761 dicit
1871 709 2008 780 quasdam
2035 708 2185 779 imagines,
2220 708 2259 763 ita

604 820 636 866 ut
659 813 820 867 universum
842 814 978 868 muudum
1000 811 1229 884 complectantur
1252 813 1440 869 extrinsecus.

710 909 792 973 Item
814 921 889 996 post
911 932 1035 996 panem
1065 915 1141 975 Ille¹
1165 937 1253 991 qnare
1284 939 1340 974 uon
1368 921 1439 975 vidit
1469 938 1524 975 non
1547 938 1620 992 opus
1644 938 1707 975 esse
1730 939 1784 975 neo
1807 920 1869 976 fieri
1893 939 1990 993 posse,
2021 929 2053 976 ut
2076 921 2260 993 incorporeus

603 1026 712 1080 animus
740 1027 867 1081 adventu
896 1033 985 1097 atque
1009 1033 1157 1082 conuactu
1180 1044 1378 1098 corporearum
1400 1027 1551 1099 imaginum
1575 1027 1705 1098 cogitet?
1751 1027 1797 1082 De
1821 1028 1883 1082 visu
1906 1037 1986 1083 certe
2010 1028 2154 1084 oculorum
2178 1029 2260 1084 ambo

602 1134 710 1204 pariter
731 1134 951 1204 redarguuntur.
2275 1150 2288 1190 s

710 1248 838 1315 XVIII
873 1248 956 1313 Item
980 1250 1050 1335 ipse
1073 1250 1108 1313 in
1131 1247 1214 1312 libro
1231 1248 1325 1315 VIII.
1350 1249 1391 1313 (Ie
1416 1249 1548 1313 civitate
1571 1247 1655 1312 Dei:
1683 1255 1806 1314 Ermes²
1828 1259 2003 1330 Aegyptius,
2027 1277 2110 1331 quam
2134 1259 2258 1314 'I'risme-

603 1367 698 1437 giston
720 1372 834 1433 vocant,
858 1365 949 1420 sensit
971 1366 1013 1420 ita
1035 1374 1066 1420 ct
1089 1365 1219 1436 scripsit:
1247 1364 1386 1429 Quoniam
1411 1383 1479 1436 ergo
1502 1365 1600 1436 proavi
1622 1367 1711 1420 nostri
1727 1366 1865 1420 increduli
1883 1373 1913 1420 ct
1928 1383 1985 1420 non
2000 1366 2260 1421 animadvertentes

603 1474 640 1527 ad
662 1472 769 1526 cultum
784 1472 1008 1544 relign'ousmque
1031 1473 1153 1527 divinam
1177 1473 1351 1527 invenerunt
1375 1479 1476 1538 artem,
1501 1489 1560 1543 qua
1579 1470 1731 1527 efficerent
1746 1473 1833 1538 deos3
1858 1473 1903 1527 cui
1918 1455 2054 1527 inventae
2069 1472 2260 1528 adiunxerant

603 1580 738 1634 virtutem
762 1580 799 1634 de
822 1580 919 1634 mundi
941 1587 1043 1634 notura
1065 1579 1282 1634 convenientem
1307 1596 1426 1650 eamque
1443 1579 1608 1646 miscentes,
1632 1579 1762 1649 quoniam
1786 1580 1893 1633 animas
1909 1579 2005 1634 lacere
2022 1596 2078 1634 non
2093 1586 2259 1650 potnerunt,

605 1693 759 1741 evocantes
781 1688 888 1741 animas
910 1687 1078 1740 daemonum
1100 1686 1147 1741 vel
1170 1685 1348 1757 angelorum,
1373 1703 1422 1741 ess
1446 1685 1610 1740 indiderunt
1626 1686 1796 1757 imaginibus
1811 1687 1917 1740 sanctis
1933 1686 2091 1757 divisusque
2106 1687 2260 1757 mysteriis,
2278 1698 2302 1738 ro

604 1812 657 1863 per
680 1811 750 1864 quas
773 1794 850 1848 idola
873 1801 903 1848 et
926 1793 1000 1848 bene
1024 1792 1148 1847 faciendi
1173 1801 1203 1848 et
1227 1793 1302 1847 male
1325 1794 1400 1847 sires
1423 1792 1530 1847 habere
1554 1792 1726 1864 potuissent.

711 1908 857 1972 XVIIII.
892 1907 984 1972 Idem
1008 1909 1077 1994 ipse
1101 1909 1135 1971 in
1159 1907 1299 1994 epistola
1317 1906 1364 2005 ad
1388 1905 1631 1971 Marcellinum:
1661 1912 1807 1980 Quando³
1828 1917 1948 1987 primum
1971 1918 2094 1971 insuevit
2119 1918 2261 1973 exercitus

604 2025 702 2096 populi
724 2025 843 2079 Romani
865 2042 970 2090 amare,
993 2033 1108 2096 portare
1131 2025 1223 2096 signa.
1247 2024 1361 2079 tabulas
1384 2025 1487 2095 pictas,
1518 2041 1585 2078 vasa
1608 2024 1713 2091 celata,
1744 2024 1837 2078 mirari
1861 2042 1905 2090 ca,
1937 2024 2068 2095 privatim
2092 2033 2123 2078 et
2145 2024 2261 2095 publice

604 2149 716 2202 rapere,
741 2139 809 2185 tunc
832 2132 927 2202 coepit
950 2132 1043 2202 perire
1067 2132 1212 2186 laudabile
1237 2132 1306 2186 illud
1331 2133 1419 2186 decus
1442 2131 1577 2202 salusque
1601 2129 1787 2201 reipublicae.

711 2245 790 2310 XX.
824 2245 909 2310 Item
936 2247 1006 2333 ipse
1036 2248 1072 2311 in
1100 2246 1184 2311 libro
1206 2247 1283 2310 VII.
1308 2246 1349 2310 de
1381 2248 1513 2310 cIviIate
1536 2245 1619 2310 Dei:
1650 2251 1766 2311 Unum⁴
1791 2273 1887 2309 verum
1911 2255 2015 2323 Deum,
2047 2255 2076 2309 id
2106 2263 2150 2310 est
2174 2257 2305 2309 omniura

605 2364 713 2418 animae
745 2363 926 2433 corporisque
957 2370 1126 2430 creatorem,
1157 2364 1252 2419 colere
1283 2382 1314 2418 se
1346 2364 1467 2434 quisque
1498 2364 1670 2428 contendat;
1701 2379 1757 2417 non
1788 2363 1853 2416 ideo
1884 2369 1996 2433 peccat,
2032 2363 2100 2433 quia
2129 2380 2186 2415 non
2219 2370 2264 2417 est

605 2469 741 2525 colendus
766 2487 849 2541 quern
874 2469 951 2536 colit,
983 2472 1035 2525 sed
1059 2471 1126 2541 quia
1148 2471 1299 2525 colendum
1323 2488 1379 2524 non
1402 2477 1435 2524 ut
1458 2468 1594 2524 colendus
1619 2478 1663 2524 est
1687 2469 1764 2524 colit.
1812 2468 1867 2533 Qui
1891 2486 1959 2524 vero
1982 2477 2013 2524 et
2036 2469 2122 2524 rebus
2145 2468 2263 2536 talibus,

604 2578 633 2630 id
658 2583 702 2632 est
726 2576 857 2648 turpibus
880 2585 910 2630 et
933 2577 1075 2644 scelestis,
1100 2585 1130 2632 et
1151 2595 1207 2631 nou
1224 2579 1318 2632 Deum
1341 2595 1448 2643 verum,
1474 2578 1502 2631 id
1524 2585 1569 2631 est
1592 2577 1703 2631 animae
1727 2577 1908 2647 corporisque
1931 2575 2079 2642 faetorem,
2104 2575 2156 2630 sed
2182 2593 2263 2631 crea·

604 2690 695 2738 turam
719 2685 846 2754 quamuis
869 2701 925 2739 nou
948 2685 1076 2739 vitiosam
1107 2685 1184 2752 colit,
1216 2685 1276 2738 sive
1308 2684 1357 2738 illa
1386 2685 1423 2738 sit
1454 2684 1546 2739 anima
1574 2685 1634 2738 sive
1665 2702 1767 2756 corpus
1790 2685 1849 2739 sive
1874 2685 1967 2739 anima
1989 2684 2071 2738 simul
2095 2691 2125 2738 et
2149 2701 2263 2754 corpus,

604 2791 646 2845 bis
669 2797 772 2862 peccat
794 2792 824 2845 in
847 2792 951 2856 Deum,
975 2793 1052 2864 quod
1076 2799 1107 2847 et
1128 2809 1180 2863 pro
1203 2792 1266 2863 ipso
1289 2791 1367 2858 colit,
1392 2791 1467 2861 quod
1490 2809 1546 2844 non
1571 2799 1615 2844 est
1639 2791 1711 2862 ipse,
1737 2798 1767 2846 et
1791 2791 1895 2845 talibus
1919 2791 2004 2846 rebus
2027 2790 2106 2857 colit,
2131 2790 2265 2861 qualibus
2282 2798 2309 2837 Ἀ

602 2916 656 2954 uec
680 2899 741 2968 ipse
765 2897 902 2953 colendus
926 2904 981 2953 est.

709 2995 754 3059 Et
777 2995 873 3082 paulo
897 3006 986 3081 post:
1011 3000 1120 3060 Unde5
1142 3005 1259 3061 remotis
1283 3013 1395 3060 coastat
1419 3005 1586 3076 ambagibus
1610 3004 1734 3060 nefarios
1757 3005 1911 3059 daemones
1932 3013 2020 3075 atque
2037 3005 2266 3060 inmundissimos

603 3112 719 3182 spiritus
749 3112 802 3166 bac
832 3112 907 3166 omni
938 3111 1015 3165 civili
1044 3112 1189 3183 theologia
1219 3111 1249 3165 in
1271 3112 1396 3167 risendis
1426 3112 1536 3167 stolidis
1567 3112 1736 3183 imaginibus
1767 3120 1797 3166 et
1825 3129 1880 3182 per
1903 3129 1952 3166 eas
1974 3112 2154 3182 possidendis
2179 3112 2269 3167 stiam

602 3219 699 3274 stultis
722 3219 854 3274 cordibus
877 3218 1023 3273 invitatos.

710 3352 805 3415 Haec
829 3350 870 3414 de
893 3351 994 3414 initiis
1018 3351 1260 3416 adorandarum
1284 3352 1463 3437 imaginum
1487 3351 1575 3416 dicta
1598 3353 1671 3416 sint.
1719 3351 1813 3415 Nunc
1837 3373 1926 3433 vero,
1958 3350 2038 3437 quid
2059 3351 2163 3415 nostri
2187 3350 2266 3416 doc·
2284 3376 2310 3415 so

603 3471 691 3523 tores
715 3457 757 3522 de
780 3456 927 3522 indebito
952 3458 1190 3543 superstitionis
1214 3458 1303 3524 cultu
1327 3459 1478 3538 sentiant,
1503 3457 1649 3522 breuiter
1671 3457 1919 3545 exsequendum
1943 3470 2002 3522 est.

711 3582 806 3646 XXI.
844 3582 997 3668 Origenis
1021 3583 1056 3646 in
1079 3582 1196 3647 omelia
1212 3583 1306 3646 VIII.
1331 3581 1372 3646 de
1396 3583 1488 3646 initio
1512 3581 1661 3668 decalogi
1685 3584 1771 3647 inter
1801 3594 1927 3646 cetera:
1959 3587 2041 3664 Eg0⁶
2069 3593 2109 3646 sic
2140 3593 2268 3648 arbitror

604 3700 812 3771 accipiendum,
837 3700 912 3769 quod
937 3699 1016 3754 verbi
1040 3717 1136 3766 causa,
1159 3701 1182 3754 si
1206 3700 1269 3770 quis
1293 3700 1320 3752 iu
1345 3699 1475 3770 quolibet
1498 3697 1614 3753 metallo
1637 3700 1698 3753 auri
1721 3699 1767 3754 vel
1790 3699 1902 3769 argenti
1926 3698 1972 3754 vel
1994 3699 2065 3770 ligni
2087 3698 2135 3753 vel
2159 3699 2267 3770 lapidis

604 3807 674 3860 iacit
697 3807 822 3877 speciem
847 3806 1041 3878 quadrupedis
1064 3806 1181 3861 alicusins
1198 3807 1245 3862 vel
1268 3806 1410 3876 serpentis
1432 3804 1480 3861 vel
1503 3805 1562 3860 avis
1587 3813 1616 3859 et
1639 3812 1748 3859 statuat
1771 3805 1846 3860 illam
1867 3806 2049 3872 adorandam,
2072 3823 2128 3860 non
2144 3806 2267 3874 idolum,

604 3914 657 3967 sed
680 3913 891 3968 similitudinem
915 3912 1003 3980 lecit3
1028 3912 1074 3968 vel
1098 3913 1184 3968 etiam
1207 3914 1231 3966 si
1254 3914 1380 3985 picturas
1403 3914 1440 3967 ad
1463 3911 1516 3967 hoc
1539 3913 1601 3983 ipse
1625 3918 1744 3978 statuat,
1770 3913 1830 3983 ipse
1854 3912 2033 3966 nihilominus
2049 3911 2268 3967 similitudinem
2286 3927 2312 3966 so

604 4019 708 4075 iecisse
732 4020 870 4075 dicendus
894 4027 948 4075 est.
973 4019 978 4035 ¹

711 4117 755 4181 Et
777 4116 878 4181 infra:
911 4122 1031 4182 Sermo⁷
1055 4128 1110 4183 Dei
1132 4127 1265 4182 universa
1296 4126 1489 4197 complectens
1520 4125 1603 4181 simul
1633 4127 1744 4182 abiurat
1776 4134 1805 4181 et
1836 4127 1923 4181 abicit
1954 4135 1984 4181 et
2008 4144 2063 4181 non
2087 4131 2177 4181 solum
2202 4126 2269 4183 fieri

605 4234 710 4288 idolum
733 4241 824 4300 vetat,
855 4236 906 4288 sed
939 4242 970 4289 et
997 4235 1209 4289 similitudinem
1232 4234 1365 4298 omnium,
1396 4250 1471 4304 quae
1495 4234 1523 4287 in
1547 4241 1624 4288 terra
1647 4241 1712 4288 suut
1737 4242 1767 4286 et
1791 4234 1818 4287 in
1843 4234 1923 4304 aquis
1948 4241 1978 4288 et
2001 4234 2030 4287 in
2054 4233 2150 4300 caelo;
2183 4235 2269 4289 addit

441 4357 584 4406 amasus
605 4350 702 4395 autem
726 4349 756 4395 et
779 4341 865 4395 dicit:
890 4339 956 4396 Noa
980 4339 1115 4397 adorabis
1137 4359 1172 4397 ea
1195 4358 1284 4415 aeque
1307 4341 1388 4396 coles.
1434 4341 1519 4395 Aliud
1545 4347 1589 4394 est
1613 4340 1717 4406 colere,
1743 4340 1820 4394 aliud
1843 4340 1973 4394 adorare.
2019 4340 2121 4395 Potest
2144 4341 2210 4411 quis
2237 4350 2269 4396 et

606 4448 749 4503 interdum
774 4453 804 4502 et
827 4448 931 4502 invitus
955 4449 1086 4515 adorare,
1118 4449 1191 4502 sicut
1214 4447 1342 4502 nonnulli
1366 4447 1481 4518 regibus
1504 4447 1666 4515 adulantes,
1696 4465 1759 4501 curn
1784 4464 1833 4500 eos
1855 4447 1885 4500 in
1908 4447 2067 4500 huiusmodi
2090 4447 2187 4501 studia
2212 4449 2267 4503 de·
2286 4459 2315 4499 so

605 4557 680 4610 ditos
703 4556 844 4620 viderint3
870 4556 987 4611 adorare
1011 4573 1041 4610 se
1066 4555 1199 4609 simulant
1222 4555 1308 4622 idola,
1333 4573 1396 4608 cum
1420 4555 1447 4608 in
1471 4555 1556 4608 corde
1581 4555 1703 4625 ipsorum
1727 4562 1835 4608 certum
1852 4554 1900 4621 sit,
1924 4554 1991 4625 quia
2006 4553 2074 4607 nihil
2091 4553 2127 4607 sit
2142 4554 2268 4609 idolum.

711 4764 803 4814 XVII.
831 4767 847 4814 3
867 4759 926 4828 Ille]
945 4765 1016 4829 Aug.
1036 4763 1064 4813 s'n
1081 4781 1160 4829 aurp.
1180 4763 1211 4813 P.

710 4853 817 4903 XVIII.
846 4855 862 4902 6
881 4848 985 4916 Ermas]
1005 4855 1077 4917 Aug.
1094 4853 1123 4903 in
1140 4870 1219 4918 mar-p.
1241 4852 1272 4903 P.

710 4942 827 4992 XVIIII.
858 4943 890 4992 12
910 4937 1037 5005 Quando]
1059 4943 1128 5008 Aug.
1147 4942 1176 4992 in
1194 4959 1274 5007 arara.
1295 4940 1324 4991 P.

710 5032 769 5080 XX.
799 5034 831 5081 15
851 5025 951 5094 Unum]
971 5032 1042 5096 Aug.
1061 5031 1089 5080 la
1107 5049 1185 5096 arara.
1206 5030 1237 5080 P.
1312 5033 1344 5081 ¹25
1367 5024 1453 5093 Haec]
1474 5031 1563 5095 Caput
1583 5030 1629 5079 IV.
1645 5030 1813 5094 praemittant
1830 5029 1886 5079 add.

712 5121 785 5170 xxi.
814 5122 847 5171 27
868 5115 939 5184 Ego]
961 5121 1038 5185 Orig.
1055 5120 1083 5170 s'n
1102 5137 1181 5185 marp.
1202 5119 1232 5169 P.

716 5321 744 5388 1)
770 5317 818 5391 Os.
844 5318 1023 5395 Augustinus,
1050 5317 1182 5394 Epsslola
1205 5320 1264 5376 113
1288 5319 1329 5373 ad
1352 5317 1517 5373 Dioscoron
1541 5309 1565 5394 ἕ
1580 5321 1638 5386 29,·
1662 5317 1736 5391 Opp.
1761 5317 1800 5384 II,
1817 5318 1885 5375 341.
1955 5316 1986 5385 2)
2010 5316 2193 5393 Aayrcsts'aus,
2221 5320 2272 5378 De

606 5426 716 5483 civitate
739 5425 796 5481 Dei
817 5425 893 5481 VIII
918 5447 940 5481 c.
965 5428 1006 5484 23
1028 5417 1052 5501 ὃ
1071 5427 1086 5483 1
1113 5425 1164 5494 (-
1183 5425 1317 5496 scripsit),
1350 5444 1372 5480 r.
1396 5426 1437 5483 24
1465 5416 1489 5501 ἕ
1513 5426 1529 5482 l
1553 5429 1605 5494 (1-
1624 5426 1783 5495 potuissent
1813 5426 1832 5480 l.
1856 5425 1979 5494 J—II),
2004 5444 2026 5480 c.
2050 5427 2093 5483 26
2114 5415 2139 5500 ἕ
2161 5427 2183 5484 2
2208 5427 2270 5496 (eui

607 5535 740 5590 inventae
761 5563 797 5571 -
816 5534 976 5605 potuissent
992 5534 1011 5588 l.
1028 5533 1172 5600 3-19);
1206 5534 1280 5606 Opp.
1305 5531 1368 5600 Vll,
1384 5533 1455 5592 210.
1471 5533 1543 5590 212.
1562 5533 1632 5590 216.
1724 5531 1754 5598 3)
1779 5530 1960 5606 lapsanas,
1986 5530 2117 5606 Episwla
2140 5533 2202 5591 138
2228 5535 2275 5590 ad
2315 5599 2318 5608 .

609 5639 806 5696 Marcellinum
830 5631 907 5714 §16
914 5660 923 5707 ;
941 5641 1015 5714 Opp.
1032 5638 1072 5708 II,
1088 5640 1157 5697 416.
1195 5636 1244 5708 Cf.
1264 5637 1423 5709 Sallustius,
1441 5637 1512 5693 Bell.
1531 5636 1614 5694 Catil.
1640 5657 1663 5692 c.
1681 5640 1716 5695 11
1734 5639 1777 5693 al.
1796 5637 1880 5693 Km't:
1894 5639 1943 5696 49.
2025 5637 2055 5708 4)
2078 5638 2271 5714 Arsqrsstinus,
2290 5659 2319 5699 eb

608 5745 653 5801 De
677 5745 786 5802 deitate
809 5744 866 5800 Del
886 5744 945 5801 VII
964 5765 986 5801 c.
1003 5747 1045 5805 27
1067 5739 1091 5822 ἕ
1105 5749 1144 5812 2,·
1176 5743 1250 5820 epp.
1274 5743 1337 5812 VII,
1356 5746 1422 5803 183.
1523 5744 1553 5812 5)
1579 5743 1699 5806 ibidem
1730 5746 1748 5799 l.
1766 5746 1784 5799 l.
1808 5744 1872 5814 Vll,
1890 5746 1958 5804 184.
2058 5744 2088 5815 6)
2114 5743 2272 5821 OrIyeues,

607 5851 642 5908 In
668 5851 767 5908 Exodi
789 5871 811 5906 c.
828 5855 878 5911 20.
904 5851 1017 5908 lanitia
1039 5855 1077 5920 8,·
1109 5850 1182 5926 Opp.
1208 5851 1251 5907 ed.
1278 5850 1411 5907 Basileus
1434 5853 1521 5920 1536,
1541 5871 1574 5925 p.
1591 5853 1638 5908 94.
1732 5851 1762 5919 i)
1786 5850 1905 5908 Jaaan.
