4884 6717
528 523 591 585 738
945 531 997 587 56.
1035 530 1253 588 CONCILIUM
1277 530 1606 596 AQUISGRANENSE
1630 532 1668 587 Α.
1688 531 1762 587 836.

346 741 506 792 azoaram.
526 715 669 781 dictione
693 717 758 781 Dei
782 740 817 782 se
841 716 995 803 indignos
1019 739 1254 804 usquequaque
1278 718 1359 782 fore.
1399 717 1554 804 Sequitur
1576 720 1610 782 in
1635 717 1750 782 eodem
1774 731 1848 804 post
1870 717 1988 783 multa:
2012 720 2181 786 Primitias

389 849 504 898 nesus.
519 825 659 912 frupum
683 839 785 889 terrae
808 840 878 889 tuae
902 825 1029 913 deferes
1052 828 1086 889 in
1115 826 1241 890 domium
1272 825 1397 890 donrini
1418 825 1490 889 Dei.
1545 825 1588 890 Et
1618 825 1719 888 infra:
1753 826 1877 903 Quodsi
1904 827 2049 891 audieris
2079 827 2181 893 uocem

527 931 655 995 domiui
675 931 742 995 Dei
762 935 811 996 tui
832 946 861 996 et
875 934 1001 1019 feceris
1024 955 1071 1010 eu,
1095 956 1175 1017 qrrae
1200 933 1321 1018 loquor,
1346 935 1495 996 iuimicus
1518 956 1570 996 ero
1594 934 1736 996 inimicis
1758 935 1821 997 tuis
1848 947 1876 996 et
1901 932 2055 1020 adflipam
2085 935 2181 1022 adfli-

390 1061 506 1110 rarum
523 1051 629 1123 pentes
652 1052 689 1116 te,
717 1038 922 1124 precedetque
945 1052 972 1103 te
995 1039 1126 1126 anpelus
1156 1063 1249 1102 meus.
1304 1037 1386 1101 Item
1417 1037 1518 1101 iufra:
1552 1037 1593 1103 Si
1616 1042 1792 1104 servieritis
1822 1039 1949 1103 domino
1973 1039 2041 1103 Deo
2073 1055 2181 1121 omno,

526 1143 706 1207 benedicam
727 1147 869 1230 panibus
899 1148 961 1208 tuis
986 1159 1014 1208 et
1042 1147 1137 1230 aquis
1164 1161 1192 1210 et
1220 1146 1369 1232 auferam
1404 1147 1615 1232 infirmitatem
1648 1146 1686 1210 de
1716 1146 1820 1210 medio
1850 1148 1906 1210 tui.
1954 1144 2038 1209 Vide
2070 1168 2213 1231 quasue

527 1260 607 1335 quot
629 1263 791 1336 quantave
816 1273 873 1336 pro
898 1250 1049 1336 primitiis
1073 1250 1201 1336 frugum
1225 1261 1332 1315 terrae
1349 1251 1422 1315 Deo
1439 1249 1557 1315 oblatis
1574 1261 1606 1315 et
1622 1251 1705 1330 aliis,
1730 1274 1813 1337 quae
1831 1252 1978 1316 cominus
1994 1252 2181 1338 iunguntur,

527 1353 688 1419 beneficia
711 1356 922 1421 offerentibus
946 1356 1162 1443 polliceantur
1185 1368 1218 1422 et
1242 1367 1364 1443 quanta
1386 1379 1452 1421 non
1476 1355 1698 1422 deferentibus
1715 1380 1821 1444 poena
1836 1368 1869 1422 et
1885 1357 2068 1424 maledictio
2085 1361 2181 1424 inter·

527 1464 679 1544 minetur,
704 1465 788 1527 sicut
811 1465 844 1527 in
869 1462 1142 1550 subsequentibus
1166 1464 1276 1529 multis
1300 1467 1333 1528 in
1357 1465 1437 1529 locis
1460 1463 1617 1550 perfacile
1641 1465 1781 1528 inveniri
1808 1476 1924 1551 potest.
1972 1464 2127 1552 Sequitur
2149 1468 2183 1530 in

354 1593 508 1646 tueatur.
528 1568 660 1633 eodem:
687 1569 826 1656 Scripsit
849 1586 950 1635 autem
973 1571 1100 1658 Mopses
1125 1575 1287 1637 uniuersas
1308 1597 1465 1637 sermones
1481 1571 1618 1636 Domini
1639 1587 1667 1636 et
1688 1597 1778 1636 mane
1798 1597 1986 1660 eonsurpens
2000 1574 2186 1660 aedificavit

527 1678 629 1741 altare
659 1677 705 1741 ad
732 1678 859 1741 radices
891 1681 1001 1742 inentis
1031 1694 1060 1743 et
1090 1679 1254 1743 duodecim
1286 1680 1392 1743 titulos
1414 1703 1479 1765 per
1513 1678 1679 1743 duodecim
1713 1680 1813 1743 tribus
1842 1678 1977 1743 Israhel.
2032 1680 2183 1766 diuisitque
2203 1708 2228 1746 so

529 1786 654 1847 iuuenes
670 1784 708 1847 de
716 1785 805 1870 filiis
815 1784 951 1864 Israhel,
964 1799 993 1849 et
1006 1786 1181 1850 obtulemmt
1195 1786 1375 1850 holocausta
1392 1785 1691 1870 irremoiaueruntque
1709 1788 1853 1850 m'ctimus
1865 1789 2022 1873 pacificas
2034 1786 2180 1851 Domino.

527 1891 759 1976 Assumensque
784 1892 925 1954 uolumen
942 1891 1102 1977 foederr's,
1128 1893 1203 1978 lepit
1216 1892 1363 1956 audiente
1379 1893 1512 1978 populo.
1552 1891 1618 1969 Qui
1639 1891 1807 1956 deserunt:
1825 1891 1951 1972 Ouinia,
1968 1917 2048 1978 quae
2064 1894 2184 1958 locatus

527 2011 572 2061 est
601 1997 769 2076 Dominus,
794 1999 959 2084 ⁸faciemus
990 2012 1017 2062 et
1046 2001 1163 2062 erimus
1197 1998 1400 2062 oboedientes.
1458 1996 1583 2077 Quodsi
1616 1999 1723 2083 querit
1753 1997 1881 2083 aliquis,
1913 1997 1992 2083 quid
2021 1999 2183 2063 mercedis

529 2102 650 2188 quidve
675 2104 944 2166 remunerationis
968 2126 1026 2189 pro
1051 2103 1145 2167 altari
1169 2103 1341 2168 aedificato
1366 2114 1399 2167 et
1421 2102 1538 2168 oblatis
1562 2103 1759 2168 holocaustis
1780 2114 1813 2168 et
1828 2105 1968 2168 victimis
1985 2104 2043 2168 filii
2058 2105 2183 2170 Israhel

406 2234 508 2283 usas.
527 2211 614 2273 nacti
638 2210 711 2289 sint,
736 2209 849 2273 audiat
872 2211 1058 2295 sequentia:
1084 2211 1361 2296 Ascenderuatque
1376 2211 1502 2298 Mopses
1526 2225 1553 2275 et
1567 2212 1690 2290 Aaron,
1714 2211 1833 2276 Nadab
1857 2227 1886 2275 et
1900 2213 1987 2276 Abia
2010 2226 2039 2276 et
2059 2227 2182 2299 septua-
2203 2240 2229 2279 rs

524 2319 614 2403 piata
638 2316 677 2380 ale
699 2318 876 2380 senioribus
898 2317 1026 2381 Israhel
1047 2333 1075 2381 et
1099 2318 1246 2382 siderant
1261 2318 1363 2382 Deum
1379 2317 1513 2382 Israhel.
1555 2317 1647 2397 Qirae
1664 2339 1789 2381 merces
1814 2339 1940 2403 quaeve
1964 2320 2182 2383 remuneratio

527 2422 648 2486 cultum
672 2421 737 2485 Dei
761 2421 994 2487 venerantibus
1018 2423 1121 2487 maior
1144 2435 1252 2510 potest
1275 2445 1346 2487 esse
1372 2446 1468 2509 quam
1492 2423 1605 2487 videre
1628 2423 1737 2487 Deum
1763 2446 1856 2487 suurn
1881 2424 1991 2509 specie
2014 2424 2180 2508 videlicet,

527 2551 592 2614 qua
615 2550 650 2591 se
674 2527 779 2592 videri
803 2528 915 2610 voluit,
941 2540 974 2593 et
997 2529 1085 2615 loqui
1110 2540 1142 2593 et
1165 2553 1237 2594 esse
1262 2552 1336 2594 cum
1359 2531 1433 2594 Deo
1458 2529 1542 2594 suo?

634 2671 761 2735 XXVI.
800 2672 969 2736 Hactenus
1001 2672 1040 2735 de
1073 2671 1231 2736 altaribus
1255 2673 1399 2737 Domino
1433 2673 1551 2735 erectis
1575 2682 1608 2735 et
1630 2671 1811 2736 aedificatis
1836 2683 1867 2737 et
1891 2671 2086 2758 quibusdam
2110 2671 2181 2736 oleo

527 2779 703 2863 perunctis,
728 2778 769 2841 de
793 2778 988 2842 holocaustis
1013 2790 1045 2842 et
1068 2779 1210 2843 victimis
1235 2791 1267 2843 ct
1290 2779 1404 2843 hostiis
1428 2778 1574 2865 pacificis
1590 2778 1664 2842 Deo
1688 2777 1804 2842 oblatis
1829 2789 1861 2842 et
1885 2780 2034 2864 primitiis
2051 2780 2181 2865 frugum
2201 2809 2228 2849 so

527 2895 633 2948 terrae
658 2884 832 2948 offerendis
857 2896 889 2949 et
912 2886 1040 2966 ceteris,
1071 2908 1155 2972 quae
1187 2887 1371 2949 enumerari
1402 2885 1532 2971 longum
1559 2897 1617 2966 est,
1649 2887 1763 2970 paucis
1795 2885 1965 2950 collectum
1989 2888 2040 2950 sit.
2087 2885 2182 2950 Nunc

528 3001 636 3055 autern
661 2990 821 3056 subtiliter
843 2992 1113 3078 perpendendum
1136 3003 1195 3072 est,
1221 2992 1361 3078 qualiter
1382 2991 1497 3076 religio
1522 2991 1626 3055 divini
1650 2992 1755 3056 cultus
1779 2992 1821 3056 ad
1845 2994 1969 3056 maiora
1991 3005 2024 3057 et
2039 2994 2182 3057 eminen-

347 3119 507 3170 mouture.
528 3099 611 3161 tiora
627 3097 769 3162 Domino
786 3096 918 3162 iubente
935 3097 1133 3162 subcrescat.
1171 3098 1326 3184 Sequitur
1349 3100 1435 3162 enim
1460 3100 1493 3161 in
1518 3098 1633 3162 eodem
1657 3096 1756 3162 libro:
1785 3099 1878 3163 Discit
1899 3114 2001 3164 autem
2025 3099 2184 3164 Dominus

529 3206 575 3269 ad
588 3205 737 3292 Moysen:
760 3206 905 3270 Ascende
928 3205 973 3270 aal
995 3232 1042 3270 me
1067 3209 1098 3270 iu
1124 3221 1255 3270 montem
1279 3220 1307 3270 et
1329 3221 1390 3270 esto
1414 3209 1478 3287 ibi,·
1502 3206 1643 3292 daboque
1666 3208 1728 3271 tibi
1741 3208 1864 3270 tabulas
1881 3207 2028 3293 lapideas
2043 3220 2072 3271 et
2087 3208 2181 3294 lepem

394 3334 508 3383 neura.
529 3337 567 3376 ac
590 3311 752 3390 mandata,
776 3337 856 3397 quae
879 3315 1006 3397 scripsi,
1040 3327 1071 3376 ut
1094 3312 1206 3376 doceas
1228 3313 1322 3398 filios
1345 3313 1477 3377 Israhel.
1525 3312 1569 3375 Et
1592 3312 1694 3376 iufra:
1725 3313 1950 3399 Inpressusque
1973 3312 2099 3400 Moyses
2121 3337 2182 3377 me·
2200 3337 2228 3378 rs

529 3419 617 3483 (lium
642 3419 772 3482 nebulae
795 3418 937 3483 ascendit
960 3423 994 3482 in
1017 3433 1148 3483 arentem
1172 3434 1200 3482 et
1215 3420 1291 3507 fuit
1313 3420 1362 3483 ibi
1382 3419 1596 3505 quadruplata
1622 3420 1731 3484 diebus
1754 3433 1783 3483 et
1802 3420 2016 3506 quadruplata
2032 3421 2181 3484 noctibus.

392 3563 508 3616 'hm-²⁶·
636 3558 780 3623 XXVII.
826 3560 1023 3646 Locutusque
1054 3575 1098 3625 est
1120 3562 1279 3626 Dominus
1309 3559 1354 3624 acl
1379 3560 1509 3647 Mepsen
1541 3560 1666 3624 dicens:
1700 3561 1844 3646 Loquere
1867 3562 1954 3648 filiis
1986 3560 2119 3642 Israhel,
2151 3576 2184 3626 ut

421 3620 480 3660 1-a.

528 3668 639 3731 tollant
662 3667 743 3730 mihi
761 3669 945 3753 primitias,·
968 3668 1008 3731 ab
1032 3670 1120 3731 orani
1141 3668 1275 3747 horrrine,
1299 3670 1359 3752 qui
1379 3669 1471 3753 offert
1497 3668 1665 3746 ultroneum,
1690 3670 1854 3754 accipietis
1884 3693 1945 3731 eos.
1993 3668 2082 3732 Haec
2112 3682 2184 3733 sunt

527 3788 640 3854 autem,
664 3798 744 3858 quae
767 3776 911 3859 accipere
935 3773 1069 3837 dehetis:
1092 3799 1217 3852 aursana,
1242 3788 1401 3861 arpentum
1427 3787 1455 3837 et
1477 3799 1540 3852 aes,
1566 3776 1733 3838 iacinctum
1757 3789 1785 3838 et
1803 3799 1984 3861 purpuram
2000 3799 2182 3860 coccumque

528 3882 577 3944 his
600 3882 726 3944 tinctum
752 3895 780 3944 et
802 3882 931 3959 bissum,
959 3881 1046 3967 pilos
1076 3905 1248 3966 caprarum
1272 3895 1300 3944 et
1317 3881 1419 3966 pelles
1441 3883 1574 3944 arietum
1599 3882 1788 3961 rubricatas,
1813 3881 1916 3967 pelles
1944 3883 2132 3945 iacinctinas
2155 3895 2184 3945 et
2200 3906 2228 3946 so

529 3988 617 4072 lipsa
641 3988 761 4066 sethirrr,
787 3988 885 4051 alerem
910 3987 955 4050 ad
978 3988 1153 4051 luminaria
1177 3987 1407 4066 concirmauda,
1432 4001 1575 4051 aromata
1601 3989 1632 4051 in
1651 4002 1833 4074 respuentem
1851 4002 1880 4051 et
1894 3989 2092 4053 thimiamata
2108 3989 2185 4052 boni

528 4093 646 4173 odoris,
678 4093 803 4179 iapida
835 4094 997 4157 onichiuos
1021 4107 1049 4155 et
1069 4117 1208 4179 pemmas
1231 4093 1277 4157 ad
1299 4093 1474 4156 ornarrrlum
1500 4094 1591 4179 ephot
1619 4107 1647 4157 et
1672 4095 1836 4158 rationale.
1887 4094 2078 4180 Faciamque
2101 4095 2185 4159 mihi

526 4203 753 4278 sanctuarium,
779 4214 807 4263 et
829 4200 975 4264 habitabo
1001 4203 1033 4263 iu
1058 4200 1160 4264 medio
1185 4224 1302 4278 eorum,
1328 4202 1415 4263 incrta
1446 4224 1563 4264 omnem
1594 4200 1836 4264 similitudinem
1860 4202 2066 4280 tabemtaculi,
2096 4201 2183 4287 quod

528 4307 688 4370 ostendam
712 4308 780 4384 tibi,
805 4321 833 4370 et
855 4309 991 4370 omm'am
1020 4331 1162 4370 rasorum
1190 4309 1222 4371 in
1247 4307 1360 4370 cultum
1386 4309 1462 4370 eius.
1503 4304 1652 4384 Qualiter
1674 4327 1753 4369 vero
1778 4305 1923 4369 eiusdem
1948 4308 2124 4370 sanctuarii
2148 4319 2180 4371 et

527 4410 729 4476 tabernaculi
753 4413 960 4498 omniumque
992 4411 1034 4475 ad
1065 4411 1186 4476 cultum
1218 4423 1251 4475 et
1281 4411 1434 4476 honorem
1467 4413 1536 4475 eius
1560 4413 1791 4498 pertinentium
1815 4414 2012 4477 constructio
2037 4413 2178 4477 Domino
2197 4437 2224 4478 ss

526 4520 726 4605 precipiente
751 4517 917 4583 celebrata
940 4520 981 4582 sit
1012 4541 1137 4605 quaeve
1162 4519 1366 4582 sanctificata
1395 4519 1538 4605 pretiosa
1568 4518 1773 4583 sacerdotum
1803 4518 1993 4583 indumenta
2022 4542 2083 4583 nec
2113 4542 2179 4584 non

527 4638 559 4688 et
581 4625 770 4689 Levitarum
795 4637 827 4689 et
851 4637 959 4689 cetera
984 4625 1025 4688 ad
1056 4648 1133 4689 usus
1164 4647 1274 4689 eorum
1299 4626 1497 4711 pertinentia
1520 4636 1552 4688 et
1576 4624 1779 4689 diversarum
1803 4648 1921 4707 rerum,
1952 4648 2016 4689 non
2041 4625 2178 4690 aliarum

526 4733 586 4796 nisi
611 4734 837 4819 pretiosarum,
861 4733 1006 4817 ingentia
1029 4754 1068 4795 ac
1093 4731 1285 4817 multiplicia
1309 4730 1395 4795 dona
1410 4730 1553 4795 Domino
1570 4730 1679 4795 oblata
1695 4742 1727 4795 et
1743 4731 1946 4796 sanctificata
1970 4754 2026 4796 seu
2051 4746 2178 4797 sacrata

525 4840 598 4919 sint,
623 4840 699 4925 quia
723 4839 775 4903 hic
800 4838 932 4924 longum
956 4853 1005 4902 est
1029 4860 1293 4918 commemorare,
1318 4838 1346 4900 si
1370 4839 1443 4923 quis
1467 4837 1594 4925 plenius
1618 4861 1657 4901 ea
1680 4859 1775 4902 nosse
1799 4838 1878 4918 vult,
1904 4840 2074 4926 sequentia
2089 4838 2178 4925 legat

631 5128 715 5178 XXV.
744 5124 1024 5195 ‘biturgum—tuae]
1040 5137 1128 5178 terrac
1142 5135 1205 5178 tuae
1219 5127 1340 5192 frugium
1357 5127 1388 5177 L.
1455 5128 1507 5178 Dei
1526 5128 1592 5178 deest
1612 5131 1638 5184 C.
1658 5130 1697 5178 tui
1716 5128 1776 5179 adri.
1798 5129 1822 5179 B
1832 5133 1856 5181 2.
1870 5133 1894 5180 3.
1914 5130 1951 5180 Μ,
2015 5130 2177 5179 lservieris
2194 5140 2223 5178 to

524 5216 586 5266 Be.
660 5218 767 5281 ttquod
788 5217 846 5268 132.
921 5227 1055 5282 quantere
1077 5219 1104 5267 t'.
1178 5217 1388 5268 loffereutibus
1408 5213 1598 5282 polliceantur]
1619 5219 1794 5268 afferentibus
1813 5217 2175 5283 promiscepromise.

525 5308 633 5356 Ssicut
651 5301 690 5368 in]
711 5308 783 5355 sicut
803 5306 840 5356 li.
906 5310 938 5357 10
958 5304 1050 5356 titulos
1064 5323 1112 5371 per
1130 5305 1221 5355 desim
1240 5305 1300 5357 Be.
1367 5309 1398 5356 13
1418 5307 1517 5355 erimus
1532 5301 1721 5369 oboedientes]
1738 5307 1916 5356 oboediemus
1935 5306 1994 5356 Be.
2061 5309 2092 5357 15
2112 5314 2176 5357 suut

525 5395 586 5445 131.
662 5396 694 5443 te
713 5389 828 5458 quaere]
849 5410 918 5459 qnae
938 5394 998 5444 Bi.
1072 5396 1103 5445 li
1123 5409 1201 5443 suum
1220 5394 1364 5444 deesth’.
1440 5396 1472 5444 18
1493 5389 1578 5458 loqui]
1598 5395 1724 5445 concedit
1742 5395 1802 5444 aad.
1823 5413 1890 5446 maa.
1907 5394 1972 5444 mod.
1992 5394 2053 5446 Be.

631 5501 731 5551 XXVI.
763 5496 943 5564 ransmissa]
963 5500 1074 5550 DeoL.
1139 5502 1173 5550 ‘20
1193 5501 1270 5550 ostiis
1291 5500 1327 5549 II.
1391 5502 1422 5549 21
1444 5502 1580 5551 numerari
1599 5500 1632 5562 L,
1657 5517 1816 5552 enumerare
1836 5501 1896 5551 133.
1915 5501 1952 5551 tl.
2016 5496 2062 5566 sit]
2083 5501 2175 5553 estL.

524 5592 558 5641 22
577 5590 743 5656 perpendam
763 5589 822 5640 132.
896 5592 929 5639 25
949 5585 992 5653 ar]
1014 5591 1064 5640 hac
1084 5589 1144 5639 Ba.
2192 5599 2221 5639 m

631 5697 746 5746 xxvii.
775 5698 808 5747 ‘li
823 5698 943 5746 Locutus
957 5695 994 5745 ,u
1049 5698 1082 5746 ‘29
1103 5694 1270 5745 iacinchtum
1285 5694 1310 5744 B
1321 5700 1344 5744 1.
1361 5693 1390 5745 L.
1404 5694 1441 5756 M,
1453 5697 1608 5762 yacinctum
1622 5696 1647 5746 B
1657 5701 1681 5756 2,
1700 5697 1875 5762 yacinchtum
1889 5697 1915 5747 B
1924 5701 1948 5748 3.
2005 5713 2100 5748 cocum
2115 5696 2140 5747 B
2150 5701 2174 5747 2.

524 5788 558 5836 ³0
577 5787 712 5836 ianthinas
731 5786 756 5835 B
769 5791 790 5840 1,
811 5786 973 5835 iacinthinas
993 5784 1023 5845 L,
1044 5785 1197 5834 ianethinas
1217 5783 1243 5834 B
1254 5789 1277 5844 2,
1297 5784 1478 5834 iacincthinus
1498 5784 1558 5845 133,
1577 5785 1757 5835 iaccinhtinas
1776 5786 1813 5835 M.
1892 5789 1922 5837 31
1947 5792 2095 5852 ungentum
2114 5786 2174 5837 Ba.

523 5871 700 5937 thimiamata]
723 5875 816 5924 tlrimia
835 5891 848 5923 e
865 5892 929 5924 oorr.
951 5875 979 5924 C.
1051 5875 1083 5923 3i
1104 5874 1281 5924 Laevitarum
1300 5872 1326 5923 B
1337 5879 1360 5922 1.
1374 5878 1400 5924 3.
1473 5868 1549 5936 usus]
1569 5874 1652 5924 husus
1671 5874 1731 5924 Bu.
1804 5877 1838 5925 38
1858 5870 1986 5938 Domino]
2006 5876 2066 5925 Deo
2085 5875 2123 5925 M.
