4884 6717
718 494 769 548 44.
806 493 1026 550 conclurus
1049 492 1277 549 PARISIENSE
1301 494 1338 548 Α.
1359 492 1433 549 825.
1840 489 1904 551 527

248 681 452 758 interserant,
469 680 560 743 iuxta
582 679 669 766 qnod
694 703 808 745 sensus
831 680 884 745 ille
908 680 1060 767 postulat,
1084 680 1171 744 unde
1195 677 1365 764 agebatur,
1389 680 1503 744 merito
1527 691 1636 744 tomen
1660 680 1705 745 illi
1729 681 1770 745 ad
1794 681 1904 746 buius-

248 785 336 849 modi
362 787 636 850 examinationem
660 788 756 873 primi
780 799 952 873 ponantur,
977 788 1033 873 qui
1057 786 1097 851 de
1122 786 1183 850 hae
1207 808 1243 850 re
1267 785 1453 872 specialiter
1476 798 1509 850 et
1532 785 1574 850 ob
1598 787 1682 852 hano
1702 788 1904 854 solummodo

249 891 440 956 solvendam
464 894 688 978 quaestionem
713 895 883 980 scripsisse
907 894 1147 981 repperiuntur.
1662 975 1664 978 Ι

356 998 384 1062 Ε
408 996 527 1084 quibus
550 998 645 1063 nobis
662 999 776 1064 beatus
793 1023 880 1086 papa
897 999 1076 1086 Gregorius
1093 1000 1187 1064 huius
1205 1011 1337 1064 sanotae
1355 999 1420 1063 Dei
1437 999 1596 1064 eeclesiae
1614 1001 1762 1086 pontifex
1781 1003 1904 1088 primus

212 1107 400 1186 soccurrit,
432 1106 488 1191 qui
519 1105 561 1169 ad
586 1105 745 1170 Serenum
769 1107 989 1170 Massiliensem
1021 1109 1211 1193 episcopum
1235 1107 1296 1171 boe
1321 1106 1506 1194 specialiter
1536 1109 1676 1194 scripsit,
1708 1109 1792 1172 sicut
1815 1121 1848 1173 et
1870 1109 1904 1173 in

249 1211 385 1298 epistola
415 1211 502 1276 illius
532 1211 573 1275 ad
605 1235 679 1276 eum
710 1213 798 1277 faeta
826 1214 860 1276 iu
892 1215 1032 1278 armario
1057 1226 1188 1278 sanetae
1212 1214 1277 1278 Dei
1300 1226 1431 1278 nostrae
1455 1214 1614 1279 ecclesiae
1640 1217 1832 1298 continetur,
1865 1238 1904 1281 eo

249 1318 336 1405 quod
360 1317 489 1383 audiret
512 1318 600 1382 illurn
625 1334 768 1405 propter,
800 1334 835 1383 ut
865 1318 927 1384 sibi
952 1319 1134 1401 videbatur,
1168 1320 1367 1408 superfluum
1397 1322 1575 1407 imaginum
1608 1321 1728 1386 cultum
1753 1322 1809 1386 tali
1834 1322 1904 1386 zelo

249 1447 440 1490 succensum
465 1448 577 1489 omnes
602 1427 770 1511 imagines,
788 1449 869 1512 quas
892 1428 927 1490 in
950 1427 1091 1491 eeclesia
1114 1450 1174 1491 sua
1197 1438 1397 1514 reppererat,
1420 1427 1621 1514 deposuisse,
1646 1428 1847 1514 confregisse
1871 1441 1904 1492 et

249 1544 343 1597 extra
373 1532 511 1596 eandem
542 1533 714 1596 eeclesiam
745 1533 891 1597 funditus
925 1535 1114 1620 proiecisse,
1149 1545 1186 1598 ut
1215 1534 1277 1598 hoe
1308 1535 1394 1598 facto
1425 1558 1444 1598 a
1475 1533 1600 1598 cultura
1629 1534 1683 1599 rel
1713 1535 1903 1599 adoratione

205 1666 231 1703 ro
248 1639 372 1704 inlicita
395 1638 549 1726 populum
574 1651 807 1725 compesceret.
856 1640 930 1721 Qua
960 1640 1001 1704 de
1031 1664 1067 1704 re
1098 1640 1143 1705 nil
1172 1642 1403 1726 congruentius
1433 1642 1467 1704 in
1497 1641 1558 1705 hae
1587 1664 1688 1706 eausa
1712 1664 1807 1728 posse
1831 1642 1904 1706 fieri

248 1744 397 1810 arbitrati
428 1769 549 1827 sumus,
581 1768 678 1832 quam
709 1759 744 1810 ut
774 1748 878 1833 primo
909 1748 1023 1812 eadem
1056 1748 1192 1834 epistola
1219 1747 1295 1812 huie
1320 1758 1430 1811 nostro
1455 1748 1556 1834 operi,
1581 1748 1669 1834 quod
1692 1750 1835 1813 maxime
1860 1747 1902 1812 ob

249 1875 391 1917 amorem
416 1875 494 1916 vere
518 1854 609 1938 pacis
629 1865 761 1917 sanetae
786 1853 945 1917 ecelesiae
962 1866 1084 1935 texere,
1109 1853 1271 1934 ordinare,
1297 1853 1337 1918 de
1354 1854 1477 1918 meritis
1494 1853 1664 1918 beatorum
1681 1854 1902 1940 apostolorum

249 1961 373 2038 contisi,
404 1958 492 2022 fideli
524 1971 630 2024 mente
662 1960 809 2046 adgressi
842 1983 962 2041 sumus,
994 1960 1165 2024 eredentes
1195 1983 1255 2046 per
1285 1983 1341 2025 eos
1368 1983 1463 2047 posse
1494 1959 1652 2042 obtinere,
1684 1972 1719 2025 ut
1754 1973 1822 2026 tam
1845 1983 1904 2048 per

249 2067 469 2129 necessarium
495 2066 751 2130 ecclesiasticum
776 2089 857 2153 opus
874 2090 894 2129 a
909 2067 982 2130 Deo
1006 2066 1160 2152 placitam
1185 2068 1497 2131 consummationem
1517 2066 1695 2131 debeamus
1711 2067 1901 2154 perducere.

205 2197 231 2235 rs
250 2171 371 2238 Scribit
395 2174 480 2236 enirn
506 2175 569 2237 ita:
593 2182 690 2237 Indico
702 2182 721 2250 ¹,
746 2175 861 2259 inquit,
886 2184 922 2237 ad
946 2201 996 2237 nos
1020 2184 1126 2237 dudum
1149 2184 1328 2254 pervenisse,
1352 2184 1428 2254 quod
1451 2184 1614 2238 fraternitas
1637 2193 1744 2250 restra,
1767 2186 1902 2256 quosdam

248 2289 396 2360 imaginum
413 2291 573 2343 adoratores
588 2290 732 2359 aspicieus,
749 2291 858 2343 easdem
878 2290 914 2343 ab
931 2290 1055 2344 eeclesiis
1073 2290 1206 2360 irrragincs
1221 2290 1356 2360 confregit
1372 2297 1456 2361 atque
1472 2291 1596 2360 proiecit.
1631 2292 1667 2344 Et
1683 2291 1795 2362 (paridem
1811 2293 1901 2346 zelum

249 2413 307 2464 ros,
329 2414 364 2450 ne
388 2397 455 2466 quid
478 2396 664 2449 manufactrmr
687 2397 795 2450 aslorari
818 2398 913 2467 possit,
942 2397 1070 2450 babuisse
1101 2397 1282 2461 laudavimus,
1312 2399 1360 2450 scd
1391 2398 1520 2466 florigero
1551 2398 1661 2451 easdem
1692 2398 1825 2466 imagines
1848 2418 1902 2453 non

249 2503 374 2557 debuisse
398 2503 557 2556 iudicamus.
604 2502 709 2555 Idcirco
733 2504 803 2556 euim
827 2504 934 2573 pictura
957 2505 985 2557 iu
1008 2504 1132 2556 ecelesiis
1155 2503 1312 2570 adhibetur,
1334 2512 1364 2558 ut
1386 2505 1424 2564 bi,
1447 2506 1494 2575 (μή
1520 2505 1625 2559 litteras
1648 2505 1790 2570 ueniunt,
1804 2506 1902 2559 saltem

249 2611 276 2664 iu
299 2609 451 2679 parietibus
474 2610 594 2663 videndo
618 2611 711 2680 legant
735 2628 808 2679 quae
832 2612 925 2681 legere
949 2612 976 2665 in
999 2611 1137 2665 codicibus
1158 2629 1212 2665 nou
1235 2612 1337 2665 valent.
1372 2612 1434 2665 'sris
1450 2630 1516 2682 ergo
1539 2613 1697 2666 fratcnritas
1716 2619 1743 2667 et
1764 2612 1827 2666 illas
1846 2629 1900 2665 scr·

203 2731 231 2770 ao
249 2733 314 2769 vare
338 2725 366 2768 et
389 2716 425 2769 ab
448 2735 542 2770 consu
566 2718 682 2770 adoratu
705 2718 835 2787 populius
859 2718 1005 2786 probibere
1028 2719 1133 2782 debuit,
1162 2718 1292 2788 quafimu
1322 2726 1349 2771 et
1377 2718 1530 2771 litterarum
1559 2718 1643 2771 nescii
1671 2718 1805 2772 baberent
1828 2719 1900 2772 irride

249 2823 389 2875 scientiam
414 2823 542 2876 historiae
564 2825 728 2894 colligerent
753 2833 780 2876 ct
803 2824 921 2893 populus
943 2825 971 2877 in
995 2825 1118 2894 picturae
1142 2825 1302 2878 adoratione
1326 2824 1435 2878 minime
1459 2832 1596 2893 peccaret.

355 2919 436 2985 ltem
461 2921 548 2986 idem
573 2921 616 2984 ad
639 2920 795 2986 eundem:
826 2927 999 3000 Perierunt,
1029 2922 1144 3007 inquit,
1175 2932 1310 3001 siquidem
1333 2931 1369 2984 ad
1392 2949 1442 2984 uos
1468 2931 1567 2994 fuerat,
1594 2931 1670 3002 quod
1700 2929 1900 2986 inconsiderato

249 3038 310 3090 zelo
333 3055 479 3091 succensus
502 3045 655 3092 sanetonmr
679 3037 811 3108 imagines
841 3038 891 3090 sub
921 3038 972 3090 hac
1003 3038 1082 3108 qsrasi
1106 3038 1290 3094 excusatione.
1321 3055 1355 3091 nc
1379 3038 1486 3090 adorari
1510 3038 1678 3102 debuissent,
1705 3038 1900 3109 constringeres.

248 3145 284 3198 Et
307 3144 429 3214 qiridem,
452 3145 517 3213 quia
542 3163 589 3198 eas
612 3145 727 3198 adorare
750 3145 892 3208 vetuisses,
915 3144 1024 3198 orimino
1041 3145 1222 3212 laudavimus,
1244 3145 1358 3212 fregisse
1375 3162 1440 3197 vero
1457 3145 1688 3214 reprebendimus.
1720 3146 1782 3210 Dic,
1806 3145 1901 3215 frater,

204 3266 266 3306 rsa
290 3269 345 3322 quo
369 3252 472 3304 factum
497 3251 639 3304 sacerdote
664 3250 813 3321 aliquando
837 3252 958 3304 auditum
983 3261 1024 3304 cst
1047 3252 1121 3321 cpuod
1148 3251 1258 3305 fecisti?
1296 3251 1399 3305 Sinon
1418 3251 1493 3304 aliud
1515 3252 1560 3305 rel
1585 3252 1652 3305 illud
1675 3259 1703 3304 tc
1727 3270 1780 3304 uon
1804 3251 1900 3305 debuit

249 3377 389 3422 revocare,
411 3367 441 3411 ut
464 3358 595 3427 dispectis
618 3357 680 3410 aliis
703 3358 831 3411 fratribus
854 3359 942 3411 solum
966 3366 993 3412 tc
1017 3365 1141 3411 sanetum
1165 3367 1193 3410 ct
1216 3375 1276 3412 csse
1300 3359 1426 3411 crederes
1449 3358 1622 3427 sapientem?
1652 3357 1737 3412 Aliud
1761 3367 1802 3411 cst
1829 3358 1900 3411 enim

249 3466 380 3535 picturam
411 3466 542 3526 adorare,
574 3464 649 3518 aliud
680 3465 803 3534 picturae
834 3465 946 3518 historia
976 3465 1042 3534 qiud
1073 3466 1108 3518 sit
1138 3466 1307 3519 adoraudrun
1336 3465 1487 3518 addiscere.
1538 3464 1609 3518 Nam
1640 3465 1714 3535 quod
1746 3465 1901 3534 legentibus

249 3572 390 3641 scriptino,
414 3572 465 3625 boc
490 3572 580 3625 idiotis
602 3580 725 3640 praestat
748 3573 855 3642 pictura
878 3571 1060 3632 censentibus,
1084 3573 1151 3642 qrria
1174 3572 1200 3625 in
1225 3572 1284 3641 ipsa
1304 3573 1462 3642 ignorantes
1477 3570 1571 3624 rident
1587 3570 1662 3641 ‹prrcsd
1678 3571 1756 3641 sequti
1772 3571 1901 3634 debcant,

250 3679 276 3731 iu
299 3679 358 3748 ipsa
382 3680 477 3750 legrmt
501 3679 547 3749 spui
572 3679 678 3732 litteras
701 3680 833 3732 nesciunt.
866 3679 946 3734 l'ude
970 3680 1118 3749 praecipue
1141 3677 1271 3748 gentibus
1293 3696 1343 3747 pro
1366 3678 1484 3731 lectione
1500 3678 1608 3748 pictura
1624 3687 1674 3738 est,
1697 3678 1771 3748 quod
1788 3695 1899 3748 stragme-

204 3800 231 3839 ιο
248 3803 314 3855 pere
338 3803 355 3838 a
378 3793 415 3850 te,
438 3786 485 3855 qui
509 3786 580 3839 inter
602 3794 700 3856 gentes
722 3786 840 3850 habitas,
862 3786 966 3839 attcmli
990 3786 1130 3848 elecrrerat,
1153 3803 1198 3852 ue,
1220 3786 1284 3838 dum
1308 3793 1383 3837 recto
1407 3785 1469 3837 zelo
1492 3785 1601 3838 incaute
1625 3784 1806 3848 succenderis,
1829 3785 1899 3838 fero-

249 3893 324 3946 cibus
347 3892 444 3945 animis
466 3893 626 3946 scaudalmn
649 3911 804 3962 generares.
851 3893 953 3960 Fraugi
982 3911 1047 3960 ergo
1077 3911 1131 3947 non
1163 3891 1261 3944 debuit
1290 3892 1365 3960 quod
1389 3910 1442 3946 sion
1466 3892 1501 3944 ad
1525 3892 1694 3945 acloranduru
1719 3891 1745 3945 iu
1769 3892 1901 3957 ccelesiis,

249 4001 298 4053 sed
321 4000 355 4052 ad
380 4000 552 4052 instruendas
575 4001 745 4053 solununodo
769 4009 873 4052 mentes
898 4000 947 4052 fuit
971 4000 1148 4053 ireseicutium
1171 3998 1345 4050 collocatum.
1392 3999 1426 4051 Et
1457 3999 1523 4068 quia
1554 3999 1579 4050 iu
1605 3998 1672 4051 locis
1695 3997 1900 4052 venerabilibus

249 4113 404 4160 sauctorum
428 4106 540 4176 depingi
565 4106 692 4159 historias
718 4125 773 4159 non
800 4106 857 4159 siue
884 4107 992 4160 ratione
1019 4113 1141 4159 vetustas
1167 4105 1285 4168 admisit,
1312 4106 1333 4158 si
1361 4105 1451 4157 zelum
1479 4104 1641 4157 discretione
1669 4105 1816 4165 residisses,
1842 4105 1900 4158 sine

248 4213 330 4266 dubio
356 4223 384 4266 et
407 4231 450 4280 ea,
477 4231 551 4283 quae
574 4213 746 4274 intendebas,
773 4213 919 4266 salrrbritcr
946 4213 1070 4266 obtinere
1095 4221 1121 4264 et
1145 4212 1293 4264 collectum
1318 4229 1431 4280 gregem
1459 4229 1512 4264 rron
1539 4210 1708 4280 dispergere,
1734 4211 1782 4264 sed
1810 4211 1901 4281 potius

204 4332 230 4372 tt
248 4328 360 4390 poteras
386 4338 572 4390 congregare,
598 4330 628 4372 ut
654 4320 771 4389 pastoris
798 4320 824 4374 iu
852 4329 879 4373 te
907 4320 1003 4374 merito
1030 4337 1128 4372 nomeu
1157 4319 1320 4380 excelleret,
1347 4337 1401 4371 rum
1428 4317 1509 4387 eulpa
1536 4317 1697 4386 dispenmris
1723 4317 1900 4371 incumberet.

250 4427 321 4480 Hinc
345 4437 446 4492 autem,
469 4428 532 4480 (leun
557 4427 583 4481 in
607 4427 659 4480 lroe
682 4427 763 4480 arrirni
787 4427 825 4481 tui
849 4427 958 4480 incaute
982 4426 1061 4479 nimis
1084 4434 1172 4478 rnotus
1196 4425 1350 4494 exequeris,
1373 4424 1410 4476 itu
1434 4434 1496 4476 tuos
1519 4424 1720 4477 scarrdalizassc
1743 4423 1815 4476 tilios
1838 4442 1898 4494 per-

248 4533 358 4596 hiberis,
380 4545 410 4587 ut
433 4534 550 4587 maxima
575 4553 667 4587 eorum
691 4553 756 4604 pars
778 4553 795 4587 a
818 4543 865 4587 tua
890 4553 918 4586 sc
946 4533 1134 4586 commmrioue
1150 4532 1340 4600 suspenderet.
1370 4531 1487 4595 eraudo
1503 4549 1569 4598 crgo
1590 4531 1624 4583 ad
1647 4530 1719 4584 ovile
1736 4531 1899 4585 doruiuicusn

248 4651 371 4694 errantes
398 4659 463 4694 oves
490 4641 621 4709 adducas,
647 4642 694 4710 qui
723 4659 793 4711 spiras
820 4640 907 4694 babes
934 4640 1056 4693 detincre
1084 4658 1137 4692 mm
1165 4639 1332 4707 praevales?
1378 4637 1496 4692 l'miude
1524 4638 1673 4706 bortarnur,
1698 4645 1728 4690 ut
1755 4638 1798 4690 vel
1827 4655 1898 4691 nunc

248 4749 359 4802 studeas
386 4766 445 4802 csse
474 4749 606 4803 sollicitus
633 4757 716 4818 nuptie
744 4748 779 4800 ab
806 4749 858 4801 bae
886 4758 914 4800 te
942 4746 1162 4816 praesumptione
1189 4763 1350 4814 compescas
1377 4753 1404 4797 et
1435 4762 1528 4798 comm
1562 4745 1677 4809 smirnos,
1711 4762 1781 4814 qrrcss
1807 4763 1825 4797 a
1851 4753 1898 4797 tua

201 4865 230 4904 te
247 4855 396 4909 disiunctis
420 4856 524 4910 unitate
548 4857 698 4926 cogrmseis,
724 4865 841 4925 patema
864 4856 899 4907 ad
923 4863 950 4908 te
973 4852 1117 4907 didcediue
1141 4852 1214 4905 ourui
1238 4851 1334 4905 sanim
1358 4852 1487 4921 omnique
1511 4851 1600 4904 studio
1623 4869 1754 4904 revocare
1777 4851 1899 4905 festines.

247 4962 425 5016 f'onrocaudi
449 4963 519 5016 cuim
548 4974 609 5016 sunt
634 4962 733 5016 diuersi
762 4962 896 5016 ecclesiae
923 4959 982 5024 filii,
1009 4961 1104 5029 eisque
1128 4959 1278 5029 scripturae
1306 4958 1465 5010 testimoniis
1491 4959 1700 5020 ostendendum,
1726 4958 1793 5028 quia
1820 4975 1898 5011 onruc

247 5070 432 5123 manufactum
457 5071 573 5123 adorare
598 5088 651 5122 nou
676 5069 767 5136 liceat,
791 5069 921 5138 qrroubmr
945 5067 1073 5136 scriptum
1098 5074 1153 5118 cst:
1182 5062 1334 5120 Doruinum
1359 5063 1450 5118 Ileuru
1481 5071 1555 5118 tuuru
1579 5062 1715 5120 acloradis
1738 5071 1763 5118 et
1785 5062 1827 5118 illi
1847 5062 1901 5119 soli
1918 5075 2070 5128 ssimum.

246 5175 360 5244 seruies,
384 5195 417 5230 ac
441 5177 540 5230 deinde
564 5176 792 5244 subiungendum,
816 5175 891 5244 (laria,
914 5173 1043 5243 quoniam
1067 5174 1187 5242 pienuas
1209 5172 1368 5240 imaginum,
1391 5189 1464 5241 «pirae
1488 5172 1523 5225 ad
1547 5171 1764 5225 aedificationem
1781 5170 1898 5241 imperiti

246 5283 342 5353 populi
366 5284 457 5338 factae
480 5284 600 5346 fueraut,
626 5291 655 5336 ut
682 5282 835 5336 nescientes
863 5282 968 5334 litteras
995 5281 1081 5349 ipsam
1108 5279 1249 5332 historiam
1277 5279 1448 5332 intendentes
1475 5279 1549 5348 qnod
1573 5279 1673 5331 dictum
1697 5278 1732 5330 sit
1754 5277 1899 5338 discerent,

199 5504 228 5544 ct
354 5494 369 5542 i
389 5487 546 5557 imaginum]
568 5492 756 5555 imaginarium
776 5506 788 5539 e
806 5507 869 5539 corr.
889 5489 920 5550 P,
940 5507 961 5538 r.
981 5505 1060 5552 aspre
1075 5506 1102 5552 p.
1117 5491 1168 5536 525
1188 5488 1204 5536 1.
1219 5491 1262 5535 47.
1350 5489 1378 5536 ll
1401 5481 1527 5552 epistola]
1546 5503 1619 5536 mua
1636 5487 1796 5552 aliquatenus
1814 5485 1899 5536 tiana

247 5584 382 5632 inseratur
399 5590 445 5632 orit
462 5582 541 5630 riarde
559 5580 620 5644 quid
638 5580 782 5628 adeleidam
801 5588 844 5628 est.
937 5580 969 5627 16
996 5579 1030 5626 ab
1049 5577 1114 5627 deest
1135 5575 1164 5626 P.
1257 5578 1291 5626 30
1317 5593 1333 5625 a
1357 5576 1424 5625 deest
1448 5575 1479 5625 P.
1570 5579 1604 5626 43
1630 5577 1757 5640 quoniam
1782 5576 1848 5626 deest
1868 5575 1897 5626 P.

247 5673 371 5737 picturas
392 5670 422 5721 P.
495 5673 527 5719 44
549 5671 654 5719 discere
676 5668 704 5717 P.

358 5853 385 5920 l)
399 5852 430 5907 V.
443 5871 533 5926 supro
544 5871 576 5926 p.
589 5852 682 5910 4871.
697 5855 806 5925 PSsqq.
877 5849 908 5920 2)
922 5850 951 5905 V.
965 5868 1056 5923 supra
1068 5869 1100 5923 p.
1111 5851 1176 5906 488
1190 5848 1208 5902 l.
1222 5851 1237 5905 1
1245 5866 1322 5922 sqq.;
1336 5846 1377 5917 cs.
1389 5866 1422 5921 p.
1436 5849 1499 5905 507
1510 5848 1529 5903 l.
1543 5849 1646 5923 lisqq.
1662 5850 1770 5922 272qq.
1787 5851 1896 5923 32qu.
