<?xml version="1.0" encoding="UTF-8"?>
<!DOCTYPE html PUBLIC "-//W3C//DTD XHTML 1.0 Transitional//EN"
    "http://www.w3.org/TR/xhtml1/DTD/xhtml1-transitional.dtd">
<html xmlns="http://www.w3.org/1999/xhtml" xml:lang="en" lang="en">
 <head>
  <title>
</title>
<meta http-equiv="Content-Type" content="text/html;charset=utf-8" />
  <meta name='ocr-system' content='tesseract 3.04.00' />
  <meta name='ocr-capabilities' content='ocr_page ocr_carea ocr_par ocr_line ocrx_word'/>
</head>
<body>
  <div class='ocr_page' id='page_1' title='image "./monumentagerman02gescgoog/monumentagerman02gescgoog_0224.png"; bbox 0 0 4884 6717; ppageno 0'>
   <div class='ocr_carea' id='block_1_1' title="bbox 549 537 1731 600">
    <p class='ocr_par' dir='ltr' id='par_1_1' title="bbox 549 537 1731 600">
     <span class='ocr_line' id='line_1_1' title="bbox 549 537 1731 600; baseline 0 -1"><span class='ocrx_word' id='word_1_1' title='bbox 549 537 612 599; x_wconf 87' lang='grc'><strong>636</strong></span> <span class='ocrx_word' id='word_1_2' title='bbox 1016 543 1068 599; x_wconf 81' lang='grc'><strong>50.</strong></span> <span class='ocrx_word' id='word_1_3' title='bbox 1105 543 1324 600; x_wconf 80' lang='lat' dir='ltr'>COXCILIUM</span> <span class='ocrx_word' id='word_1_4' title='bbox 1348 543 1575 600; x_wconf 82' lang='lat' dir='ltr'>PARISIENSE</span> <span class='ocrx_word' id='word_1_5' title='bbox 1599 544 1636 598; x_wconf 83' lang='lat' dir='ltr'><strong>A.</strong></span> <span class='ocrx_word' id='word_1_6' title='bbox 1657 543 1731 599; x_wconf 82' lang='lat'><strong>829.</strong></span> 
     </span>
    </p>
   </div>
   <div class='ocr_carea' id='block_1_2' title="bbox 548 729 2234 1670">
    <p class='ocr_par' dir='ltr' id='par_1_2' title="bbox 548 729 2234 1670">
     <span class='ocr_line' id='line_1_2' title="bbox 548 729 2201 817; baseline -0.001 -23"><span class='ocrx_word' id='word_1_7' title='bbox 548 731 677 794; x_wconf 85' lang='lat' dir='ltr'><strong>toritate</strong></span> <span class='ocrx_word' id='word_1_8' title='bbox 702 729 875 813; x_wconf 84' lang='lat' dir='ltr'><strong>discordet,</strong></span> <span class='ocrx_word' id='word_1_9' title='bbox 899 733 934 795; x_wconf 93' lang='lat' dir='ltr'><strong>in</strong></span> <span class='ocrx_word' id='word_1_10' title='bbox 957 741 1108 817; x_wconf 87' lang='lat' dir='ltr'><strong>promptu</strong></span> <span class='ocrx_word' id='word_1_11' title='bbox 1132 742 1191 795; x_wconf 91' lang='lat' dir='ltr'><strong>est.</strong></span> <span class='ocrx_word' id='word_1_12' title='bbox 1239 730 1336 812; x_wconf 81' lang='lat' dir='ltr'><strong>Quod</strong></span> <span class='ocrx_word' id='word_1_13' title='bbox 1360 753 1400 795; x_wconf 93' lang='lat' dir='ltr'><strong>ne</strong></span> <span class='ocrx_word' id='word_1_14' title='bbox 1424 731 1559 795; x_wconf 91' lang='lat' dir='ltr'><strong>ulterius</strong></span> <span class='ocrx_word' id='word_1_15' title='bbox 1583 731 1649 812; x_wconf 86' lang='lat' dir='ltr'><strong>liat,</strong></span> <span class='ocrx_word' id='word_1_16' title='bbox 1674 741 1707 795; x_wconf 92' lang='lat' dir='ltr'><strong>et</strong></span> <span class='ocrx_word' id='word_1_17' title='bbox 1730 729 1772 795; x_wconf 87' lang='lat' dir='ltr'><strong>ab</strong></span> <span class='ocrx_word' id='word_1_18' title='bbox 1797 731 1959 816; x_wconf 87' lang='lat' dir='ltr'><strong>episcopis</strong></span> <span class='ocrx_word' id='word_1_19' title='bbox 1984 741 2016 794; x_wconf 86' lang='lat' dir='ltr'><strong>et</strong></span> <span class='ocrx_word' id='word_1_20' title='bbox 2040 753 2060 794; x_wconf 91' lang='lat' dir='ltr'><strong>a</strong></span> <span class='ocrx_word' id='word_1_21' title='bbox 2084 731 2201 794; x_wconf 87' lang='lat' dir='ltr'><strong>ceteris</strong></span> 
     </span>
     <span class='ocr_line' id='line_1_3' title="bbox 550 835 2203 925; baseline 0 -24"><span class='ocrx_word' id='word_1_22' title='bbox 550 836 780 902; x_wconf 88' lang='lat' dir='ltr'><strong>ecclesiasticis</strong></span> <span class='ocrx_word' id='word_1_23' title='bbox 814 837 970 925; x_wconf 88' lang='lat' dir='ltr'><strong>praelatis</strong></span> <span class='ocrx_word' id='word_1_24' title='bbox 1006 835 1126 901; x_wconf 79' lang='lat' dir='ltr'><strong>obnixe</strong></span> <span class='ocrx_word' id='word_1_25' title='bbox 1162 849 1211 902; x_wconf 92' lang='lat' dir='ltr'><strong>est</strong></span> <span class='ocrx_word' id='word_1_26' title='bbox 1246 836 1486 902; x_wconf 89' lang='lat' dir='ltr'><strong>observandum</strong></span> <span class='ocrx_word' id='word_1_27' title='bbox 1517 850 1549 902; x_wconf 90' lang='lat' dir='ltr'><strong>et</strong></span> <span class='ocrx_word' id='word_1_28' title='bbox 1579 860 1599 901; x_wconf 86' lang='lat' dir='ltr'><strong>a</strong></span> <span class='ocrx_word' id='word_1_29' title='bbox 1629 836 1820 902; x_wconf 77' lang='lat' dir='ltr'><strong>celsitudine</strong></span> <span class='ocrx_word' id='word_1_30' title='bbox 1847 836 2009 923; x_wconf 89' lang='lat' dir='ltr'><strong>imperiali</strong></span> <span class='ocrx_word' id='word_1_31' title='bbox 2038 836 2203 901; x_wconf 88' lang='lat' dir='ltr'><strong>humiliter</strong></span> 
     </span>
     <span class='ocr_line' id='line_1_4' title="bbox 549 942 2201 1031; baseline 0 -23"><span class='ocrx_word' id='word_1_32' title='bbox 549 943 736 1031; x_wconf 89' lang='lat' dir='ltr'><strong>petendum,</strong></span> <span class='ocrx_word' id='word_1_33' title='bbox 760 954 796 1008; x_wconf 87' lang='lat' dir='ltr'><strong>nt</strong></span> <span class='ocrx_word' id='word_1_34' title='bbox 818 955 978 1031; x_wconf 84' lang='lat' dir='ltr'><strong>potestate</strong></span> <span class='ocrx_word' id='word_1_35' title='bbox 1003 944 1105 1030; x_wconf 85' lang='lat' dir='ltr'><strong>regali</strong></span> <span class='ocrx_word' id='word_1_36' title='bbox 1129 942 1349 1029; x_wconf 77' lang='lat' dir='ltr'><strong>prohibeatur,</strong></span> <span class='ocrx_word' id='word_1_37' title='bbox 1373 966 1415 1009; x_wconf 93' lang='lat' dir='ltr'><strong>ne</strong></span> <span class='ocrx_word' id='word_1_38' title='bbox 1440 944 1601 1030; x_wconf 82' lang='lat' dir='ltr'><strong>quispiam</strong></span> <span class='ocrx_word' id='word_1_39' title='bbox 1618 943 1775 1008; x_wconf 91' lang='lat' dir='ltr'><strong>laicorum</strong></span> <span class='ocrx_word' id='word_1_40' title='bbox 1791 942 1967 1007; x_wconf 87' lang='lat' dir='ltr'><strong>sollicitare</strong></span> <span class='ocrx_word' id='word_1_41' title='bbox 1983 953 2038 1007; x_wconf 91' lang='lat' dir='ltr'><strong>aut</strong></span> <span class='ocrx_word' id='word_1_42' title='bbox 2055 944 2201 1029; x_wconf 88' lang='lat' dir='ltr'><strong>recipere</strong></span> 
     </span>
     <span class='ocr_line' id='line_1_5' title="bbox 548 1049 2201 1138; baseline -0.001 -23"><span class='ocrx_word' id='word_1_43' title='bbox 548 1062 736 1138; x_wconf 90' lang='lat' dir='ltr'><strong>praesumat</strong></span> <span class='ocrx_word' id='word_1_44' title='bbox 759 1051 891 1115; x_wconf 89' lang='lat' dir='ltr'><strong>alterius</strong></span> <span class='ocrx_word' id='word_1_45' title='bbox 916 1051 1080 1116; x_wconf 89' lang='lat' dir='ltr'><strong>clericum.</strong></span> <span class='ocrx_word' id='word_1_46' title='bbox 1128 1049 1194 1116; x_wconf 84' lang='lat' dir='ltr'><strong>Sed</strong></span> <span class='ocrx_word' id='word_1_47' title='bbox 1219 1062 1251 1114; x_wconf 89' lang='lat' dir='ltr'><strong>et</strong></span> <span class='ocrx_word' id='word_1_48' title='bbox 1274 1050 1335 1115; x_wconf 93' lang='lat' dir='ltr'><strong>hoc</strong></span> <span class='ocrx_word' id='word_1_49' title='bbox 1359 1051 1545 1137; x_wconf 81' lang='lat' dir='ltr'><strong>specialiter</strong></span> <span class='ocrx_word' id='word_1_50' title='bbox 1575 1049 1616 1114; x_wconf 88' lang='lat' dir='ltr'><strong>ab</strong></span> <span class='ocrx_word' id='word_1_51' title='bbox 1648 1051 1717 1114; x_wconf 87' lang='lat' dir='ltr'><strong>eius</strong></span> <span class='ocrx_word' id='word_1_52' title='bbox 1740 1049 1964 1135; x_wconf 79' lang='lat' dir='ltr'><strong>magnitudine</strong></span> <span class='ocrx_word' id='word_1_53' title='bbox 1987 1049 2201 1136; x_wconf 83' lang='lat' dir='ltr'><strong>flagitandum</strong></span> 
     </span>
     <span class='ocr_line' id='line_1_6' title="bbox 549 1154 2234 1243; baseline -0.001 -21"><span class='ocrx_word' id='word_1_54' title='bbox 549 1159 728 1222; x_wconf 82' lang='lat' dir='ltr'><strong>necessitas</strong></span> <span class='ocrx_word' id='word_1_55' title='bbox 759 1159 917 1243; x_wconf 82' lang='lat' dir='ltr'><strong>exposcit,</strong></span> <span class='ocrx_word' id='word_1_56' title='bbox 948 1168 984 1222; x_wconf 89' lang='lat' dir='ltr'><strong>ut</strong></span> <span class='ocrx_word' id='word_1_57' title='bbox 1014 1180 1073 1222; x_wconf 91' lang='lat' dir='ltr'><strong>sua</strong></span> <span class='ocrx_word' id='word_1_58' title='bbox 1103 1158 1279 1222; x_wconf 88' lang='lat' dir='ltr'><strong>auctoritas</strong></span> <span class='ocrx_word' id='word_1_59' title='bbox 1309 1155 1464 1237; x_wconf 89' lang='lat' dir='ltr'><strong>inhibeat,</strong></span> <span class='ocrx_word' id='word_1_60' title='bbox 1497 1180 1538 1221; x_wconf 91' lang='lat' dir='ltr'><strong>ne</strong></span> <span class='ocrx_word' id='word_1_61' title='bbox 1562 1156 1667 1221; x_wconf 90' lang='lat' dir='ltr'><strong>Italici</strong></span> <span class='ocrx_word' id='word_1_62' title='bbox 1698 1157 1844 1243; x_wconf 85' lang='lat' dir='ltr'><strong>episcopi</strong></span> <span class='ocrx_word' id='word_1_63' title='bbox 1868 1154 2126 1243; x_wconf 87' lang='lat' dir='ltr'><strong>abbatesque·et</strong></span> <span class='ocrx_word' id='word_1_64' title='bbox 2150 1179 2234 1222; x_wconf 80' lang='lat' dir='ltr'><strong>cos</strong></span> 
     </span>
     <span class='ocr_line' id='line_1_7' title="bbox 550 1261 2202 1349; baseline -0.001 -21"><span class='ocrx_word' id='word_1_65' title='bbox 550 1265 644 1329; x_wconf 90' lang='lat' dir='ltr'><strong>mites</strong></span> <span class='ocrx_word' id='word_1_66' title='bbox 678 1287 716 1328; x_wconf 91' lang='lat' dir='ltr'><strong>ac</strong></span> <span class='ocrx_word' id='word_1_67' title='bbox 748 1265 848 1328; x_wconf 87' lang='lat' dir='ltr'><strong>ceteri</strong></span> <span class='ocrx_word' id='word_1_68' title='bbox 878 1262 1004 1328; x_wconf 92' lang='lat' dir='ltr'><strong>nobiles</strong></span> <span class='ocrx_word' id='word_1_69' title='bbox 1027 1264 1091 1327; x_wconf 89' lang='lat' dir='ltr'><strong>viri</strong></span> <span class='ocrx_word' id='word_1_70' title='bbox 1121 1262 1259 1328; x_wconf 89' lang='lat' dir='ltr'><strong>aliorum</strong></span> <span class='ocrx_word' id='word_1_71' title='bbox 1290 1263 1426 1328; x_wconf 89' lang='lat' dir='ltr'><strong>clericos</strong></span> <span class='ocrx_word' id='word_1_72' title='bbox 1456 1286 1498 1327; x_wconf 85' lang='lat' dir='ltr'><strong>ex</strong></span> <span class='ocrx_word' id='word_1_73' title='bbox 1530 1261 1708 1327; x_wconf 84' lang='lat' dir='ltr'><strong>Germania</strong></span> <span class='ocrx_word' id='word_1_74' title='bbox 1732 1262 1905 1349; x_wconf 83' lang='lat' dir='ltr'><strong>Galliaque</strong></span> <span class='ocrx_word' id='word_1_75' title='bbox 1935 1262 2011 1327; x_wconf 92' lang='lat' dir='ltr'><strong>illuc</strong></span> <span class='ocrx_word' id='word_1_76' title='bbox 2039 1263 2202 1348; x_wconf 86' lang='lat' dir='ltr'><strong>fugientes</strong></span> 
     </span>
     <span class='ocr_line' id='line_1_8' title="bbox 549 1368 2203 1457; baseline -0.002 -22"><span class='ocrx_word' id='word_1_77' title='bbox 549 1372 697 1457; x_wconf 87' lang='lat' dir='ltr'><strong>recipere</strong></span> <span class='ocrx_word' id='word_1_78' title='bbox 721 1382 941 1457; x_wconf 89' lang='lat' dir='ltr'><strong>praesumant,</strong></span> <span class='ocrx_word' id='word_1_79' title='bbox 966 1371 1043 1456; x_wconf 90' lang='lat' dir='ltr'><strong>quia</strong></span> <span class='ocrx_word' id='word_1_80' title='bbox 1065 1371 1099 1433; x_wconf 91' lang='lat' dir='ltr'><strong>in</strong></span> <span class='ocrx_word' id='word_1_81' title='bbox 1123 1369 1185 1434; x_wconf 92' lang='lat' dir='ltr'><strong>hoc</strong></span> <span class='ocrx_word' id='word_1_82' title='bbox 1208 1369 1295 1435; x_wconf 86' lang='lat' dir='ltr'><strong>facto</strong></span> <span class='ocrx_word' id='word_1_83' title='bbox 1318 1369 1414 1435; x_wconf 86' lang='lat' dir='ltr'><strong>valde</strong></span> <span class='ocrx_word' id='word_1_84' title='bbox 1439 1381 1471 1434; x_wconf 90' lang='lat' dir='ltr'><strong>et</strong></span> <span class='ocrx_word' id='word_1_85' title='bbox 1495 1370 1735 1435; x_wconf 88' lang='lat' dir='ltr'><strong>ecclesiasticus</strong></span> <span class='ocrx_word' id='word_1_86' title='bbox 1760 1368 1865 1433; x_wconf 88' lang='lat' dir='ltr'><strong>honor</strong></span> <span class='ocrx_word' id='word_1_87' title='bbox 1880 1368 2000 1434; x_wconf 91' lang='lat' dir='ltr'><strong>leditur</strong></span> <span class='ocrx_word' id='word_1_88' title='bbox 2015 1379 2048 1434; x_wconf 88' lang='lat' dir='ltr'><strong>et</strong></span> <span class='ocrx_word' id='word_1_89' title='bbox 2062 1369 2203 1434; x_wconf 89' lang='lat' dir='ltr'><strong>violatur</strong></span> 
     </span>
     <span class='ocr_line' id='line_1_9' title="bbox 550 1474 2203 1563; baseline -0.002 -21"><span class='ocrx_word' id='word_1_90' title='bbox 550 1478 712 1563; x_wconf 83' lang='lat' dir='ltr'><strong>stragula</strong></span> <span class='ocrx_word' id='word_1_91' title='bbox 728 1480 886 1543; x_wconf 89' lang='lat' dir='ltr'><strong>canonica</strong></span> <span class='ocrx_word' id='word_1_92' title='bbox 902 1476 1120 1542; x_wconf 89' lang='lat' dir='ltr'><strong>confunditur.</strong></span> <span class='ocrx_word' id='word_1_93' title='bbox 1157 1477 1322 1557; x_wconf 81' lang='lat' dir='ltr'><strong>Quantum</strong></span> <span class='ocrx_word' id='word_1_94' title='bbox 1338 1487 1447 1541; x_wconf 90' lang='lat' dir='ltr'><strong>autem</strong></span> <span class='ocrx_word' id='word_1_95' title='bbox 1463 1477 1524 1542; x_wconf 87' lang='lat' dir='ltr'><strong>hoc</strong></span> <span class='ocrx_word' id='word_1_96' title='bbox 1541 1478 1627 1541; x_wconf 90' lang='lat' dir='ltr'><strong>sacri</strong></span> <span class='ocrx_word' id='word_1_97' title='bbox 1643 1498 1784 1541; x_wconf 88' lang='lat' dir='ltr'><strong>canones</strong></span> <span class='ocrx_word' id='word_1_98' title='bbox 1797 1480 1808 1519; x_wconf 85' lang='lat'><strong>¹</strong></span> <span class='ocrx_word' id='word_1_99' title='bbox 1823 1474 2028 1562; x_wconf 81' lang='lat' dir='ltr'><strong>prohibeant,</strong></span> <span class='ocrx_word' id='word_1_100' title='bbox 2053 1475 2203 1541; x_wconf 88' lang='lat' dir='ltr'><strong>omnibus</strong></span> 
     </span>
     <span class='ocr_line' id='line_1_10' title="bbox 548 1583 1044 1670; baseline -0.004 -21"><span class='ocrx_word' id='word_1_101' title='bbox 548 1583 733 1670; x_wconf 84' lang='lat' dir='ltr'><strong>legentibus</strong></span> <span class='ocrx_word' id='word_1_102' title='bbox 756 1585 962 1648; x_wconf 78' lang='lat' dir='ltr'><strong>manifestum</strong></span> <span class='ocrx_word' id='word_1_103' title='bbox 986 1596 1044 1648; x_wconf 90' lang='lat' dir='ltr'><strong>est.</strong></span> 
     </span>
    </p>
   </div>
   <div class='ocr_carea' id='block_1_3' title="bbox 374 1707 2250 3503">
    <p class='ocr_par' dir='ltr' id='par_1_3' title="bbox 551 1707 2249 2009">
     <span class='ocr_line' id='line_1_11' title="bbox 658 1707 2249 1796; baseline -0.001 -22"><span class='ocrx_word' id='word_1_104' title='bbox 658 1708 760 1796; x_wconf 85' lang='lat' dir='ltr'><strong>Cap.</strong></span> <span class='ocrx_word' id='word_1_105' title='bbox 786 1708 965 1773; x_wconf 78' lang='lat' dir='ltr'>XXXVII.</span> <span class='ocrx_word' id='word_1_106' title='bbox 1010 1707 1067 1773; x_wconf 91' lang='lat' dir='ltr'><strong>Ut</strong></span> <span class='ocrx_word' id='word_1_107' title='bbox 1102 1707 1304 1772; x_wconf 85' lang='lat' dir='ltr'><strong>abbates</strong></span> <span class='ocrx_word' id='word_1_108' title='bbox 1335 1709 1675 1772; x_wconf 87' lang='lat' dir='ltr'><strong>canonicorum</strong></span> <span class='ocrx_word' id='word_1_109' title='bbox 1713 1708 1863 1772; x_wconf 89' lang='lat' dir='ltr'><strong>forma</strong></span> <span class='ocrx_word' id='word_1_110' title='bbox 1901 1718 1941 1774; x_wconf 90' lang='lat' dir='ltr'><strong>et</strong></span> <span class='ocrx_word' id='word_1_111' title='bbox 1970 1707 2249 1794; x_wconf 83' lang='lat' dir='ltr'><strong>exemplumro</strong></span> 
     </span>
     <span class='ocr_line' id='line_1_12' title="bbox 552 1813 2202 1901; baseline -0.001 -21"><span class='ocrx_word' id='word_1_112' title='bbox 552 1827 750 1880; x_wconf 87' lang='lat' dir='ltr'><strong>sanctae</strong></span> <span class='ocrx_word' id='word_1_113' title='bbox 787 1816 1050 1901; x_wconf 80' lang='lat' dir='ltr'><strong>religionis</strong></span> <span class='ocrx_word' id='word_1_114' title='bbox 1081 1813 1286 1879; x_wconf 90' lang='lat' dir='ltr'><strong>debeant</strong></span> <span class='ocrx_word' id='word_1_115' title='bbox 1318 1837 1422 1878; x_wconf 90' lang='lat' dir='ltr'><strong>esse</strong></span> <span class='ocrx_word' id='word_1_116' title='bbox 1451 1813 1550 1878; x_wconf 84' lang='lat' dir='ltr'><strong>sibi</strong></span> <span class='ocrx_word' id='word_1_117' title='bbox 1581 1813 1921 1880; x_wconf 89' lang='lat' dir='ltr'><strong>subiectorum.</strong></span> <span class='ocrx_word' id='word_1_118' title='bbox 1964 1815 2080 1894; x_wconf 87' lang='lat' dir='ltr'><strong>Decet,</strong></span> <span class='ocrx_word' id='word_1_119' title='bbox 2104 1817 2202 1879; x_wconf 90' lang='lat' dir='ltr'><strong>immo</strong></span> 
     </span>
     <span class='ocr_line' id='line_1_13' title="bbox 551 1920 2203 2009; baseline -0.001 -22"><span class='ocrx_word' id='word_1_120' title='bbox 551 1944 686 1987; x_wconf 89' lang='lat' dir='ltr'><strong>necesse</strong></span> <span class='ocrx_word' id='word_1_121' title='bbox 711 1935 768 2002; x_wconf 87' lang='lat' dir='ltr'><strong>est,</strong></span> <span class='ocrx_word' id='word_1_122' title='bbox 793 1934 829 1985; x_wconf 91' lang='lat' dir='ltr'><strong>ut</strong></span> <span class='ocrx_word' id='word_1_123' title='bbox 852 1920 988 1985; x_wconf 89' lang='lat' dir='ltr'><strong>abbates</strong></span> <span class='ocrx_word' id='word_1_124' title='bbox 1013 1923 1243 1988; x_wconf 87' lang='lat' dir='ltr'><strong>canonicorum</strong></span> <span class='ocrx_word' id='word_1_125' title='bbox 1267 1921 1456 2003; x_wconf 88' lang='lat' dir='ltr'><strong>adtendant,</strong></span> <span class='ocrx_word' id='word_1_126' title='bbox 1480 1931 1516 1986; x_wconf 89' lang='lat' dir='ltr'><strong>ut</strong></span> <span class='ocrx_word' id='word_1_127' title='bbox 1540 1921 1618 2009; x_wconf 90' lang='lat' dir='ltr'><strong>quid</strong></span> <span class='ocrx_word' id='word_1_128' title='bbox 1642 1920 1778 1986; x_wconf 88' lang='lat' dir='ltr'><strong>abbates</strong></span> <span class='ocrx_word' id='word_1_129' title='bbox 1801 1928 1991 1987; x_wconf 78' lang='lat' dir='ltr'><strong>vocentur2.</strong></span> <span class='ocrx_word' id='word_1_130' title='bbox 2034 1921 2070 1987; x_wconf 89' lang='lat' dir='ltr'><strong>Si</strong></span> <span class='ocrx_word' id='word_1_131' title='bbox 2093 1934 2203 2009; x_wconf 90' lang='lat' dir='ltr'><strong>patres</strong></span> 
     </span>
    </p>

    <p class='ocr_par' dir='ltr' id='par_1_4' title="bbox 385 2027 2249 2329">
     <span class='ocr_line' id='line_1_14' title="bbox 385 2027 2202 2115; baseline 0.001 -23"><span class='ocrx_word' id='word_1_132' title='bbox 385 2050 532 2100; x_wconf 63' lang='lat' dir='ltr'><strong>tessara.</strong></span> <span class='ocrx_word' id='word_1_133' title='bbox 552 2029 712 2115; x_wconf 90' lang='lat' dir='ltr'><strong>spiritales</strong></span> <span class='ocrx_word' id='word_1_134' title='bbox 737 2040 811 2092; x_wconf 91' lang='lat' dir='ltr'><strong>sunt</strong></span> <span class='ocrx_word' id='word_1_135' title='bbox 835 2041 867 2091; x_wconf 90' lang='lat' dir='ltr'><strong>et</strong></span> <span class='ocrx_word' id='word_1_136' title='bbox 889 2027 972 2091; x_wconf 89' lang='lat' dir='ltr'><strong>filios</strong></span> <span class='ocrx_word' id='word_1_137' title='bbox 996 2027 1157 2114; x_wconf 87' lang='lat' dir='ltr'><strong>spiritales</strong></span> <span class='ocrx_word' id='word_1_138' title='bbox 1181 2028 1324 2092; x_wconf 90' lang='lat' dir='ltr'><strong>Domino</strong></span> <span class='ocrx_word' id='word_1_139' title='bbox 1348 2030 1486 2114; x_wconf 84' lang='lat' dir='ltr'><strong>gignunt</strong></span> <span class='ocrx_word' id='word_1_140' title='bbox 1509 2029 1601 2093; x_wconf 79' lang='lat' dir='ltr'><strong>iuxta</strong></span> <span class='ocrx_word' id='word_1_141' title='bbox 1623 2027 1703 2092; x_wconf 92' lang='lat' dir='ltr'><strong>illud</strong></span> <span class='ocrx_word' id='word_1_142' title='bbox 1726 2028 1878 2115; x_wconf 88' lang='lat' dir='ltr'><strong>apostoli:</strong></span> <span class='ocrx_word' id='word_1_143' title='bbox 1910 2029 2088 2095; x_wconf 81' lang='lat' dir='ltr'><strong>Secundum</strong></span> <span class='ocrx_word' id='word_1_144' title='bbox 2110 2055 2202 2094; x_wconf 76' lang='lat' dir='ltr'><strong>courr-</strong></span> 
     </span>
     <span class='ocr_line' id='line_1_15' title="bbox 549 2134 2202 2224; baseline 0 -24"><span class='ocrx_word' id='word_1_145' title='bbox 549 2138 667 2224; x_wconf 76' lang='lat' dir='ltr'><strong>9elimn</strong></span> <span class='ocrx_word' id='word_1_146' title='bbox 692 2160 791 2199; x_wconf 76' lang='grc' dir='ltr'>ιιιειιιιι</span> <span class='ocrx_word' id='word_1_147' title='bbox 815 2161 868 2222; x_wconf 73' lang='lat' dir='ltr'><strong>eqo</strong></span> <span class='ocrx_word' id='word_1_148' title='bbox 893 2160 946 2199; x_wconf 85' lang='lat' dir='ltr'><strong>ros</strong></span> <span class='ocrx_word' id='word_1_149' title='bbox 966 2138 1072 2222; x_wconf 68' lang='lat' dir='ltr'><strong>pentir,</strong></span> <span class='ocrx_word' id='word_1_150' title='bbox 1096 2136 1210 2199; x_wconf 91' lang='lat' dir='ltr'><strong>merito</strong></span> <span class='ocrx_word' id='word_1_151' title='bbox 1234 2146 1342 2220; x_wconf 89' lang='lat' dir='ltr'><strong>patres</strong></span> <span class='ocrx_word' id='word_1_152' title='bbox 1366 2134 1587 2221; x_wconf 86' lang='lat' dir='ltr'><strong>appellantur;</strong></span> <span class='ocrx_word' id='word_1_153' title='bbox 1616 2136 1643 2198; x_wconf 93' lang='lat' dir='ltr'><strong>si</strong></span> <span class='ocrx_word' id='word_1_154' title='bbox 1666 2156 1744 2199; x_wconf 89' lang='lat' dir='ltr'><strong>vero</strong></span> <span class='ocrx_word' id='word_1_155' title='bbox 1769 2158 1863 2200; x_wconf 91' lang='lat' dir='ltr'><strong>secus</strong></span> <span class='ocrx_word' id='word_1_156' title='bbox 1886 2136 2089 2218; x_wconf 88' lang='lat' dir='ltr'><strong>incesserint,</strong></span> <span class='ocrx_word' id='word_1_157' title='bbox 2113 2147 2202 2200; x_wconf 88' lang='lat' dir='ltr'><strong>tauto</strong></span> 
     </span>
     <span class='ocr_line' id='line_1_16' title="bbox 554 2240 2249 2329; baseline 0 -24"><span class='ocrx_word' id='word_1_158' title='bbox 554 2243 682 2306; x_wconf 89' lang='lat' dir='ltr'><strong>nomine</strong></span> <span class='ocrx_word' id='word_1_159' title='bbox 707 2264 742 2304; x_wconf 91' lang='lat' dir='ltr'><strong>se</strong></span> <span class='ocrx_word' id='word_1_160' title='bbox 766 2240 917 2326; x_wconf 84' lang='lat' dir='ltr'><strong>indignos</strong></span> <span class='ocrx_word' id='word_1_161' title='bbox 941 2241 1075 2305; x_wconf 86' lang='lat' dir='ltr'><strong>faciunt.</strong></span> <span class='ocrx_word' id='word_1_162' title='bbox 1113 2240 1320 2328; x_wconf 83' lang='lat' dir='ltr'><strong>Quapropter</strong></span> <span class='ocrx_word' id='word_1_163' title='bbox 1343 2254 1478 2328; x_wconf 89' lang='lat' dir='ltr'><strong>oportet,</strong></span> <span class='ocrx_word' id='word_1_164' title='bbox 1502 2252 1538 2306; x_wconf 89' lang='lat' dir='ltr'><strong>ut</strong></span> <span class='ocrx_word' id='word_1_165' title='bbox 1560 2264 1720 2306; x_wconf 88' lang='lat' dir='ltr'><strong>memores</strong></span> <span class='ocrx_word' id='word_1_166' title='bbox 1745 2243 1809 2306; x_wconf 91' lang='lat' dir='ltr'><strong>sint</strong></span> <span class='ocrx_word' id='word_1_167' title='bbox 1832 2241 1917 2307; x_wconf 88' lang='lat' dir='ltr'><strong>illins</strong></span> <span class='ocrx_word' id='word_1_168' title='bbox 1933 2241 2113 2329; x_wconf 87' lang='lat' dir='ltr'><strong>apostolici,</strong></span> <span class='ocrx_word' id='word_1_169' title='bbox 2138 2263 2202 2328; x_wconf 90' lang='lat' dir='ltr'><strong>quo</strong></span> <span class='ocrx_word' id='word_1_170' title='bbox 2224 2265 2249 2305; x_wconf 81' lang='lat' dir='ltr'><strong>rs</strong></span> 
     </span>
    </p>

    <p class='ocr_par' dir='ltr' id='par_1_5' title="bbox 374 2348 2250 3503">
     <span class='ocr_line' id='line_1_17' title="bbox 374 2348 2206 2435; baseline 0.002 -24"><span class='ocrx_word' id='word_1_171' title='bbox 374 2371 535 2420; x_wconf 56' lang='lat' dir='ltr'><strong>accusas.</strong></span> <span class='ocrx_word' id='word_1_172' title='bbox 553 2348 687 2413; x_wconf 88' lang='lat' dir='ltr'><strong>dicitur:</strong></span> <span class='ocrx_word' id='word_1_173' title='bbox 719 2349 853 2413; x_wconf 77' lang='lat' dir='ltr'><strong>Narniui</strong></span> <span class='ocrx_word' id='word_1_174' title='bbox 883 2349 991 2412; x_wconf 83' lang='lat' dir='ltr'><strong>dautes</strong></span> <span class='ocrx_word' id='word_1_175' title='bbox 1015 2349 1114 2412; x_wconf 83' lang='lat' dir='ltr'><strong>ullum</strong></span> <span class='ocrx_word' id='word_1_176' title='bbox 1137 2351 1350 2434; x_wconf 83' lang='lat' dir='ltr'><strong>offensionem,</strong></span> <span class='ocrx_word' id='word_1_177' title='bbox 1381 2364 1497 2413; x_wconf 84' lang='lat' dir='ltr'><strong>utnon</strong></span> <span class='ocrx_word' id='word_1_178' title='bbox 1521 2352 1713 2435; x_wconf 74' lang='lat' dir='ltr'><strong>ritrqreretur</strong></span> <span class='ocrx_word' id='word_1_179' title='bbox 1734 2352 1946 2415; x_wconf 72' lang='lat' dir='ltr'><strong>ministerium</strong></span> <span class='ocrx_word' id='word_1_180' title='bbox 1969 2364 2126 2416; x_wconf 83' lang='lat' dir='ltr'><strong>nostrum:</strong></span> <span class='ocrx_word' id='word_1_181' title='bbox 2148 2349 2206 2414; x_wconf 82' lang='lat' dir='ltr'><strong>sed</strong></span> 
     </span>
     <span class='ocr_line' id='line_1_18' title="bbox 555 2455 2203 2542; baseline -0.001 -22"><span class='ocrx_word' id='word_1_182' title='bbox 555 2459 588 2521; x_wconf 83' lang='lat' dir='ltr'><strong>in</strong></span> <span class='ocrx_word' id='word_1_183' title='bbox 619 2458 761 2520; x_wconf 76' lang='lat' dir='ltr'><strong>orrrnilns</strong></span> <span class='ocrx_word' id='word_1_184' title='bbox 788 2456 988 2519; x_wconf 67' lang='lat' dir='ltr'><strong>exhibeamus</strong></span> <span class='ocrx_word' id='word_1_185' title='bbox 1018 2459 1221 2542; x_wconf 72' lang='lat' dir='ltr'><strong>recensetipsos</strong></span> <span class='ocrx_word' id='word_1_186' title='bbox 1252 2458 1333 2520; x_wconf 85' lang='lat' dir='ltr'><strong>sieut</strong></span> <span class='ocrx_word' id='word_1_187' title='bbox 1354 2456 1422 2520; x_wconf 83' lang='lat' dir='ltr'><strong>Dei</strong></span> <span class='ocrx_word' id='word_1_188' title='bbox 1448 2459 1620 2536; x_wconf 79' lang='lat' dir='ltr'><strong>oriru&#39;stros,</strong></span> <span class='ocrx_word' id='word_1_189' title='bbox 1652 2467 1684 2519; x_wconf 88' lang='lat' dir='ltr'><strong>et</strong></span> <span class='ocrx_word' id='word_1_190' title='bbox 1707 2455 1869 2540; x_wconf 78' lang='lat' dir='ltr'><strong>refigiose,</strong></span> <span class='ocrx_word' id='word_1_191' title='bbox 1901 2465 1989 2519; x_wconf 85' lang='lat' dir='ltr'><strong>caste</strong></span> <span class='ocrx_word' id='word_1_192' title='bbox 2021 2478 2059 2520; x_wconf 85' lang='lat' dir='ltr'><strong>ac</strong></span> <span class='ocrx_word' id='word_1_193' title='bbox 2084 2455 2203 2542; x_wconf 88' lang='lat' dir='ltr'><strong>pudice</strong></span> 
     </span>
     <span class='ocr_line' id='line_1_19' title="bbox 552 2559 2204 2648; baseline 0 -23"><span class='ocrx_word' id='word_1_194' title='bbox 552 2564 664 2627; x_wconf 89' lang='lat' dir='ltr'><strong>vivere</strong></span> <span class='ocrx_word' id='word_1_195' title='bbox 689 2572 848 2646; x_wconf 87' lang='lat' dir='ltr'><strong>satagant,</strong></span> <span class='ocrx_word' id='word_1_196' title='bbox 872 2559 1100 2625; x_wconf 85' lang='lat' dir='ltr'><strong>venationibus</strong></span> <span class='ocrx_word' id='word_1_197' title='bbox 1124 2560 1338 2648; x_wconf 89' lang='lat' dir='ltr'><strong>turpibusque</strong></span> <span class='ocrx_word' id='word_1_198' title='bbox 1361 2561 1460 2626; x_wconf 83' lang='lat' dir='ltr'><strong>lucris</strong></span> <span class='ocrx_word' id='word_1_199' title='bbox 1485 2563 1667 2648; x_wconf 89' lang='lat' dir='ltr'><strong>ceterisque</strong></span> <span class='ocrx_word' id='word_1_200' title='bbox 1690 2560 1891 2626; x_wconf 89' lang='lat' dir='ltr'><strong>vanitatibus</strong></span> <span class='ocrx_word' id='word_1_201' title='bbox 1915 2563 2101 2648; x_wconf 87' lang='lat' dir='ltr'><strong>paternitati</strong></span> <span class='ocrx_word' id='word_1_202' title='bbox 2126 2584 2204 2626; x_wconf 90' lang='lat' dir='ltr'><strong>suae</strong></span> 
     </span>
     <span class='ocr_line' id='line_1_20' title="bbox 553 2667 2204 2755; baseline -0.001 -22"><span class='ocrx_word' id='word_1_203' title='bbox 553 2692 617 2733; x_wconf 92' lang='lat' dir='ltr'><strong>non</strong></span> <span class='ocrx_word' id='word_1_204' title='bbox 642 2667 911 2733; x_wconf 90' lang='lat' dir='ltr'><strong>convenientibus</strong></span> <span class='ocrx_word' id='word_1_205' title='bbox 934 2668 1117 2734; x_wconf 89' lang='lat' dir='ltr'><strong>nullatenus</strong></span> <span class='ocrx_word' id='word_1_206' title='bbox 1141 2670 1331 2750; x_wconf 86' lang='lat' dir='ltr'><strong>inserviant,</strong></span> <span class='ocrx_word' id='word_1_207' title='bbox 1362 2691 1402 2731; x_wconf 90' lang='lat' dir='ltr'><strong>ne</strong></span> <span class='ocrx_word' id='word_1_208' title='bbox 1434 2691 1610 2754; x_wconf 88' lang='lat' dir='ltr'><strong>persuum</strong></span> <span class='ocrx_word' id='word_1_209' title='bbox 1637 2668 1759 2732; x_wconf 90' lang='lat' dir='ltr'><strong>malum</strong></span> <span class='ocrx_word' id='word_1_210' title='bbox 1783 2668 1969 2755; x_wconf 84' lang='lat' dir='ltr'><strong>exemplum</strong></span> <span class='ocrx_word' id='word_1_211' title='bbox 1992 2667 2139 2734; x_wconf 88' lang='lat' dir='ltr'><strong>subditos</strong></span> <span class='ocrx_word' id='word_1_212' title='bbox 2162 2667 2204 2732; x_wconf 89' lang='lat' dir='ltr'><strong>ad</strong></span> 
     </span>
     <span class='ocr_line' id='line_1_21' title="bbox 553 2774 2250 2861; baseline -0.002 -21"><span class='ocrx_word' id='word_1_213' title='bbox 553 2778 681 2840; x_wconf 89' lang='lat' dir='ltr'><strong>ruinam</strong></span> <span class='ocrx_word' id='word_1_214' title='bbox 704 2774 902 2861; x_wconf 89' lang='lat' dir='ltr'><strong>pertrahant,</strong></span> <span class='ocrx_word' id='word_1_215' title='bbox 928 2777 1005 2861; x_wconf 89' lang='lat' dir='ltr'><strong>quia</strong></span> <span class='ocrx_word' id='word_1_216' title='bbox 1021 2777 1056 2838; x_wconf 91' lang='lat' dir='ltr'><strong>in</strong></span> <span class='ocrx_word' id='word_1_217' title='bbox 1071 2774 1296 2840; x_wconf 87' lang='lat' dir='ltr'><strong>huiuscemodi</strong></span> <span class='ocrx_word' id='word_1_218' title='bbox 1312 2775 1530 2861; x_wconf 90' lang='lat' dir='ltr'><strong>praelatorum</strong></span> <span class='ocrx_word' id='word_1_219' title='bbox 1548 2774 1680 2838; x_wconf 87' lang='lat' dir='ltr'><strong>inlicitis</strong></span> <span class='ocrx_word' id='word_1_220' title='bbox 1696 2774 1790 2839; x_wconf 89' lang='lat' dir='ltr'><strong>factis</strong></span> <span class='ocrx_word' id='word_1_221' title='bbox 1806 2785 1839 2839; x_wconf 91' lang='lat' dir='ltr'><strong>et</strong></span> <span class='ocrx_word' id='word_1_222' title='bbox 1854 2797 2008 2860; x_wconf 82' lang='lat' dir='ltr'><strong>magnum</strong></span> <span class='ocrx_word' id='word_1_223' title='bbox 2025 2775 2204 2839; x_wconf 86' lang='lat' dir='ltr'><strong>animarum</strong></span> <span class='ocrx_word' id='word_1_224' title='bbox 2222 2798 2250 2837; x_wconf 80' lang='lat' dir='ltr'><strong>ao</strong></span> 
     </span>
     <span class='ocr_line' id='line_1_22' title="bbox 553 2880 2203 2970; baseline -0.001 -23"><span class='ocrx_word' id='word_1_225' title='bbox 553 2881 734 2970; x_wconf 90' lang='lat' dir='ltr'><strong>periculum</strong></span> <span class='ocrx_word' id='word_1_226' title='bbox 757 2892 931 2966; x_wconf 83' lang='lat' dir='ltr'><strong>generatur</strong></span> <span class='ocrx_word' id='word_1_227' title='bbox 955 2894 987 2945; x_wconf 91' lang='lat' dir='ltr'><strong>et</strong></span> <span class='ocrx_word' id='word_1_228' title='bbox 1010 2881 1125 2967; x_wconf 83' lang='lat' dir='ltr'><strong>religio</strong></span> <span class='ocrx_word' id='word_1_229' title='bbox 1150 2880 1309 2946; x_wconf 88' lang='lat' dir='ltr'><strong>clericalis</strong></span> <span class='ocrx_word' id='word_1_230' title='bbox 1333 2904 1353 2945; x_wconf 89' lang='lat' dir='ltr'><strong>a</strong></span> <span class='ocrx_word' id='word_1_231' title='bbox 1376 2881 1484 2945; x_wconf 89' lang='lat' dir='ltr'><strong>multis</strong></span> <span class='ocrx_word' id='word_1_232' title='bbox 1508 2882 1720 2967; x_wconf 88' lang='lat' dir='ltr'><strong>vituperatur.</strong></span> <span class='ocrx_word' id='word_1_233' title='bbox 1756 2880 1852 2946; x_wconf 89' lang='lat' dir='ltr'><strong>Unde</strong></span> <span class='ocrx_word' id='word_1_234' title='bbox 1877 2882 1974 2945; x_wconf 89' lang='lat' dir='ltr'><strong>etiam</strong></span> <span class='ocrx_word' id='word_1_235' title='bbox 1999 2903 2203 2968; x_wconf 88' lang='lat' dir='ltr'><strong>summopere</strong></span> 
     </span>
     <span class='ocr_line' id='line_1_23' title="bbox 553 2986 2203 3075; baseline -0.001 -22"><span class='ocrx_word' id='word_1_236' title='bbox 553 2990 725 3075; x_wconf 88' lang='lat' dir='ltr'><strong>episeopis,</strong></span> <span class='ocrx_word' id='word_1_237' title='bbox 757 2988 799 3051; x_wconf 89' lang='lat' dir='ltr'><strong>ad</strong></span> <span class='ocrx_word' id='word_1_238' title='bbox 823 3011 959 3074; x_wconf 89' lang='lat' dir='ltr'><strong>quorum</strong></span> <span class='ocrx_word' id='word_1_239' title='bbox 991 3011 1103 3052; x_wconf 90' lang='lat' dir='ltr'><strong>curam</strong></span> <span class='ocrx_word' id='word_1_240' title='bbox 1134 2990 1307 3075; x_wconf 89' lang='lat' dir='ltr'><strong>pertinent,</strong></span> <span class='ocrx_word' id='word_1_241' title='bbox 1338 2986 1577 3074; x_wconf 89' lang='lat' dir='ltr'><strong>providendum</strong></span> <span class='ocrx_word' id='word_1_242' title='bbox 1601 2999 1658 3068; x_wconf 90' lang='lat' dir='ltr'><strong>est,</strong></span> <span class='ocrx_word' id='word_1_243' title='bbox 1689 2999 1725 3052; x_wconf 93' lang='lat' dir='ltr'><strong>ut</strong></span> <span class='ocrx_word' id='word_1_244' title='bbox 1754 2987 1979 3053; x_wconf 88' lang='lat' dir='ltr'><strong>huiuscemodi</strong></span> <span class='ocrx_word' id='word_1_245' title='bbox 2002 2986 2139 3052; x_wconf 84' lang='lat' dir='ltr'><strong>abbates</strong></span> <span class='ocrx_word' id='word_1_246' title='bbox 2162 2986 2203 3053; x_wconf 91' lang='lat' dir='ltr'><strong>ab</strong></span> 
     </span>
     <span class='ocr_line' id='line_1_24' title="bbox 552 3092 2203 3180; baseline 0.001 -21"><span class='ocrx_word' id='word_1_247' title='bbox 552 3095 684 3159; x_wconf 90' lang='lat' dir='ltr'><strong>inlicitis</strong></span> <span class='ocrx_word' id='word_1_248' title='bbox 713 3117 748 3158; x_wconf 91' lang='lat' dir='ltr'><strong>se</strong></span> <span class='ocrx_word' id='word_1_249' title='bbox 776 3093 961 3159; x_wconf 90' lang='lat' dir='ltr'><strong>abstineant</strong></span> <span class='ocrx_word' id='word_1_250' title='bbox 992 3107 1024 3158; x_wconf 91' lang='lat' dir='ltr'><strong>et</strong></span> <span class='ocrx_word' id='word_1_251' title='bbox 1055 3095 1150 3159; x_wconf 88' lang='lat' dir='ltr'><strong>dietis</strong></span> <span class='ocrx_word' id='word_1_252' title='bbox 1182 3107 1214 3158; x_wconf 91' lang='lat' dir='ltr'><strong>et</strong></span> <span class='ocrx_word' id='word_1_253' title='bbox 1238 3093 1397 3180; x_wconf 85' lang='lat' dir='ltr'><strong>exemplis</strong></span> <span class='ocrx_word' id='word_1_254' title='bbox 1421 3092 1483 3157; x_wconf 89' lang='lat' dir='ltr'><strong>sibi</strong></span> <span class='ocrx_word' id='word_1_255' title='bbox 1507 3092 1645 3158; x_wconf 89' lang='lat' dir='ltr'><strong>subditis</strong></span> <span class='ocrx_word' id='word_1_256' title='bbox 1670 3093 1835 3158; x_wconf 88' lang='lat' dir='ltr'><strong>advitam</strong></span> <span class='ocrx_word' id='word_1_257' title='bbox 1860 3105 2026 3159; x_wconf 88' lang='lat' dir='ltr'><strong>aeternam</strong></span> <span class='ocrx_word' id='word_1_258' title='bbox 2050 3094 2203 3160; x_wconf 87' lang='lat' dir='ltr'><strong>ducatum</strong></span> 
     </span>
     <span class='ocr_line' id='line_1_25' title="bbox 553 3199 2203 3289; baseline 0.001 -24"><span class='ocrx_word' id='word_1_259' title='bbox 553 3200 711 3289; x_wconf 87' lang='lat' dir='ltr'><strong>praebere</strong></span> <span class='ocrx_word' id='word_1_260' title='bbox 737 3201 945 3265; x_wconf 88' lang='lat' dir='ltr'><strong>contendant.</strong></span> <span class='ocrx_word' id='word_1_261' title='bbox 994 3201 1119 3282; x_wconf 80' lang='lat' dir='ltr'><strong>Quodsi</strong></span> <span class='ocrx_word' id='word_1_262' title='bbox 1144 3203 1298 3287; x_wconf 90' lang='lat' dir='ltr'><strong>episcopo</strong></span> <span class='ocrx_word' id='word_1_263' title='bbox 1322 3223 1380 3263; x_wconf 89' lang='lat' dir='ltr'><strong>suo</strong></span> <span class='ocrx_word' id='word_1_264' title='bbox 1405 3199 1558 3264; x_wconf 89' lang='lat' dir='ltr'><strong>oboedire</strong></span> <span class='ocrx_word' id='word_1_265' title='bbox 1583 3200 1800 3288; x_wconf 87' lang='lat' dir='ltr'><strong>superbiendo</strong></span> <span class='ocrx_word' id='word_1_266' title='bbox 1824 3202 2023 3283; x_wconf 82' lang='lat' dir='ltr'><strong>rennuerint,</strong></span> <span class='ocrx_word' id='word_1_267' title='bbox 2054 3202 2203 3288; x_wconf 85' lang='lat' dir='ltr'><strong>synodali</strong></span> 
     </span>
     <span class='ocr_line' id='line_1_26' title="bbox 551 3306 2249 3394; baseline -0.002 -21"><span class='ocrx_word' id='word_1_268' title='bbox 551 3309 673 3373; x_wconf 92' lang='lat' dir='ltr'><strong>iudicio</strong></span> <span class='ocrx_word' id='word_1_269' title='bbox 697 3321 752 3372; x_wconf 92' lang='lat' dir='ltr'><strong>aut</strong></span> <span class='ocrx_word' id='word_1_270' title='bbox 776 3310 979 3394; x_wconf 88' lang='lat' dir='ltr'><strong>corrigantur</strong></span> <span class='ocrx_word' id='word_1_271' title='bbox 1001 3320 1057 3373; x_wconf 88' lang='lat' dir='ltr'><strong>aut</strong></span> <span class='ocrx_word' id='word_1_272' title='bbox 1081 3321 1167 3374; x_wconf 89' lang='lat' dir='ltr'><strong>certe</strong></span> <span class='ocrx_word' id='word_1_273' title='bbox 1192 3307 1364 3394; x_wconf 87' lang='lat' dir='ltr'><strong>principali</strong></span> <span class='ocrx_word' id='word_1_274' title='bbox 1388 3307 1578 3371; x_wconf 88' lang='lat' dir='ltr'><strong>auctoritate</strong></span> <span class='ocrx_word' id='word_1_275' title='bbox 1602 3308 1839 3371; x_wconf 83' lang='lat' dir='ltr'><strong>interveniente</strong></span> <span class='ocrx_word' id='word_1_276' title='bbox 1856 3306 1977 3372; x_wconf 89' lang='lat' dir='ltr'><strong>honore</strong></span> <span class='ocrx_word' id='word_1_277' title='bbox 1993 3309 2203 3394; x_wconf 89' lang='lat' dir='ltr'><strong>praelationis</strong></span> <span class='ocrx_word' id='word_1_278' title='bbox 2221 3331 2249 3370; x_wconf 75' lang='lat' dir='ltr'><strong>ss</strong></span> 
     </span>
     <span class='ocr_line' id='line_1_27' title="bbox 551 3417 729 3503; baseline 0 -24"><span class='ocrx_word' id='word_1_279' title='bbox 551 3417 729 3503; x_wconf 88' lang='lat' dir='ltr'><strong>priventur.</strong></span> 
     </span>
    </p>
   </div>
   <div class='ocr_carea' id='block_1_4' title="bbox 373 3538 2249 4586">
    <p class='ocr_par' dir='ltr' id='par_1_6' title="bbox 373 3538 2249 4586">
     <span class='ocr_line' id='line_1_28' title="bbox 660 3538 2202 3626; baseline 0.001 -23"><span class='ocrx_word' id='word_1_280' title='bbox 660 3538 754 3626; x_wconf 83' lang='lat' dir='ltr'><strong>Cap.</strong></span> <span class='ocrx_word' id='word_1_281' title='bbox 778 3538 975 3602; x_wconf 89' lang='lat' dir='ltr'>XXXVIII.</span> <span class='ocrx_word' id='word_1_282' title='bbox 1011 3539 1074 3602; x_wconf 91' lang='lat' dir='ltr'><strong>De</strong></span> <span class='ocrx_word' id='word_1_283' title='bbox 1106 3538 1427 3624; x_wconf 90' lang='lat' dir='ltr'><strong>stultiloquio</strong></span> <span class='ocrx_word' id='word_1_284' title='bbox 1459 3550 1502 3602; x_wconf 88' lang='lat' dir='ltr'><strong>et</strong></span> <span class='ocrx_word' id='word_1_285' title='bbox 1532 3538 1857 3604; x_wconf 86' lang='lat' dir='ltr'><strong>scurrilitate.</strong></span> <span class='ocrx_word' id='word_1_286' title='bbox 1894 3538 2202 3605; x_wconf 80' lang='lat' dir='ltr'><strong>Oumabomnibus</strong></span> 
     </span>
     <span class='ocr_line' id='line_1_29' title="bbox 381 3644 2202 3732; baseline -0.001 -19"><span class='ocrx_word' id='word_1_287' title='bbox 381 3662 534 3714; x_wconf 63' lang='lat' dir='ltr'><strong>effluant.</strong></span> <span class='ocrx_word' id='word_1_288' title='bbox 553 3645 746 3712; x_wconf 84' lang='lat' dir='ltr'><strong>Christianis</strong></span> <span class='ocrx_word' id='word_1_289' title='bbox 777 3646 869 3709; x_wconf 86' lang='lat' dir='ltr'><strong>iuxta</strong></span> <span class='ocrx_word' id='word_1_290' title='bbox 892 3644 1030 3731; x_wconf 90' lang='lat' dir='ltr'><strong>apostoli</strong></span> <span class='ocrx_word' id='word_1_291' title='bbox 1053 3645 1283 3710; x_wconf 87' lang='lat' dir='ltr'><strong>documentum</strong></span> <span class='ocrx_word' id='word_1_292' title='bbox 1307 3645 1540 3732; x_wconf 90' lang='lat' dir='ltr'><strong>stultiloquium</strong></span> <span class='ocrx_word' id='word_1_293' title='bbox 1564 3657 1596 3709; x_wconf 90' lang='lat' dir='ltr'><strong>et</strong></span> <span class='ocrx_word' id='word_1_294' title='bbox 1619 3644 1795 3710; x_wconf 87' lang='lat' dir='ltr'><strong>scurrilitas</strong></span> <span class='ocrx_word' id='word_1_295' title='bbox 1820 3647 1884 3710; x_wconf 91' lang='lat' dir='ltr'><strong>sint</strong></span> <span class='ocrx_word' id='word_1_296' title='bbox 1913 3646 2072 3727; x_wconf 89' lang='lat' dir='ltr'><strong>cavenda,</strong></span> <span class='ocrx_word' id='word_1_297' title='bbox 2103 3647 2202 3712; x_wconf 89' lang='lat' dir='ltr'><strong>multo</strong></span> 
     </span>
     <span class='ocr_line' id='line_1_30' title="bbox 552 3750 2202 3838; baseline 0 -21"><span class='ocrx_word' id='word_1_298' title='bbox 552 3754 656 3838; x_wconf 80' lang='lat' dir='ltr'><strong>magis</strong></span> <span class='ocrx_word' id='word_1_299' title='bbox 681 3775 700 3816; x_wconf 90' lang='lat' dir='ltr'><strong>a</strong></span> <span class='ocrx_word' id='word_1_300' title='bbox 724 3750 947 3815; x_wconf 86' lang='lat' dir='ltr'><strong>sacerdotibus</strong></span> <span class='ocrx_word' id='word_1_301' title='bbox 963 3752 1109 3833; x_wconf 88' lang='lat' dir='ltr'><strong>Domini,</strong></span> <span class='ocrx_word' id='word_1_302' title='bbox 1134 3753 1189 3838; x_wconf 91' lang='lat' dir='ltr'><strong>qui</strong></span> <span class='ocrx_word' id='word_1_303' title='bbox 1214 3751 1286 3815; x_wconf 91' lang='lat' dir='ltr'><strong>aliis</strong></span> <span class='ocrx_word' id='word_1_304' title='bbox 1310 3751 1494 3837; x_wconf 87' lang='lat' dir='ltr'><strong>exemplum</strong></span> <span class='ocrx_word' id='word_1_305' title='bbox 1520 3763 1552 3816; x_wconf 91' lang='lat' dir='ltr'><strong>et</strong></span> <span class='ocrx_word' id='word_1_306' title='bbox 1575 3752 1817 3816; x_wconf 88' lang='lat' dir='ltr'><strong>condimentum</strong></span> <span class='ocrx_word' id='word_1_307' title='bbox 1841 3751 1951 3817; x_wconf 87' lang='lat' dir='ltr'><strong>salutis</strong></span> <span class='ocrx_word' id='word_1_308' title='bbox 1976 3775 2047 3817; x_wconf 88' lang='lat' dir='ltr'><strong>esse</strong></span> <span class='ocrx_word' id='word_1_309' title='bbox 2072 3752 2202 3836; x_wconf 89' lang='lat' dir='ltr'><strong>debent,</strong></span> 
     </span>
     <span class='ocr_line' id='line_1_31' title="bbox 552 3857 2249 3946; baseline -0.002 -23"><span class='ocrx_word' id='word_1_310' title='bbox 552 3861 663 3924; x_wconf 87' lang='lat' dir='ltr'><strong>caveri</strong></span> <span class='ocrx_word' id='word_1_311' title='bbox 687 3870 822 3945; x_wconf 91' lang='lat' dir='ltr'><strong>oportet.</strong></span> <span class='ocrx_word' id='word_1_312' title='bbox 869 3859 962 3922; x_wconf 89' lang='lat' dir='ltr'><strong>Haec</strong></span> <span class='ocrx_word' id='word_1_313' title='bbox 993 3860 1114 3944; x_wconf 90' lang='lat' dir='ltr'><strong>quippe</strong></span> <span class='ocrx_word' id='word_1_314' title='bbox 1139 3882 1159 3923; x_wconf 90' lang='lat' dir='ltr'><strong>a</strong></span> <span class='ocrx_word' id='word_1_315' title='bbox 1182 3860 1303 3923; x_wconf 89' lang='lat' dir='ltr'><strong>sanctis</strong></span> <span class='ocrx_word' id='word_1_316' title='bbox 1334 3860 1413 3922; x_wconf 89' lang='lat' dir='ltr'><strong>viris</strong></span> <span class='ocrx_word' id='word_1_317' title='bbox 1443 3860 1572 3945; x_wconf 90' lang='lat' dir='ltr'><strong>penitus</strong></span> <span class='ocrx_word' id='word_1_318' title='bbox 1601 3869 1676 3923; x_wconf 89' lang='lat' dir='ltr'><strong>suut</strong></span> <span class='ocrx_word' id='word_1_319' title='bbox 1698 3857 1919 3945; x_wconf 90' lang='lat' dir='ltr'><strong>propellenda,</strong></span> <span class='ocrx_word' id='word_1_320' title='bbox 1951 3858 2067 3946; x_wconf 90' lang='lat' dir='ltr'><strong>quihus</strong></span> <span class='ocrx_word' id='word_1_321' title='bbox 2097 3862 2202 3946; x_wconf 88' lang='lat' dir='ltr'><strong>magis</strong></span> <span class='ocrx_word' id='word_1_322' title='bbox 2221 3880 2249 3919; x_wconf 81' lang='lat' dir='ltr'><strong>so</strong></span> 
     </span>
     <span class='ocr_line' id='line_1_32' title="bbox 552 3964 2201 4051; baseline 0 -22"><span class='ocrx_word' id='word_1_323' title='bbox 552 3967 706 4030; x_wconf 91' lang='lat' dir='ltr'><strong>convenit</strong></span> <span class='ocrx_word' id='word_1_324' title='bbox 729 3965 839 4050; x_wconf 81' lang='lat' dir='ltr'><strong>lugere</strong></span> <span class='ocrx_word' id='word_1_325' title='bbox 865 3987 961 4051; x_wconf 90' lang='lat' dir='ltr'><strong>quam</strong></span> <span class='ocrx_word' id='word_1_326' title='bbox 987 3964 1028 4028; x_wconf 88' lang='lat' dir='ltr'><strong>ad</strong></span> <span class='ocrx_word' id='word_1_327' title='bbox 1052 3964 1264 4029; x_wconf 86' lang='lat' dir='ltr'><strong>scurrilitates</strong></span> <span class='ocrx_word' id='word_1_328' title='bbox 1289 3975 1321 4029; x_wconf 91' lang='lat' dir='ltr'><strong>et</strong></span> <span class='ocrx_word' id='word_1_329' title='bbox 1345 3965 1544 4051; x_wconf 88' lang='lat' dir='ltr'><strong>stultiloquia</strong></span> <span class='ocrx_word' id='word_1_330' title='bbox 1568 3977 1600 4029; x_wconf 92' lang='lat' dir='ltr'><strong>et</strong></span> <span class='ocrx_word' id='word_1_331' title='bbox 1622 3965 1815 4029; x_wconf 89' lang='lat' dir='ltr'><strong>histrionum</strong></span> <span class='ocrx_word' id='word_1_332' title='bbox 1838 3964 1997 4030; x_wconf 88' lang='lat' dir='ltr'><strong>obscenas</strong></span> <span class='ocrx_word' id='word_1_333' title='bbox 2023 3967 2201 4031; x_wconf 91' lang='lat' dir='ltr'><strong>iocationes</strong></span> 
     </span>
     <span class='ocr_line' id='line_1_33' title="bbox 552 4069 2201 4157; baseline 0 -20"><span class='ocrx_word' id='word_1_334' title='bbox 552 4084 584 4137; x_wconf 90' lang='lat' dir='ltr'><strong>et</strong></span> <span class='ocrx_word' id='word_1_335' title='bbox 615 4083 740 4136; x_wconf 86' lang='lat' dir='ltr'><strong>ceteras</strong></span> <span class='ocrx_word' id='word_1_336' title='bbox 775 4073 945 4150; x_wconf 84' lang='lat' dir='ltr'><strong>vanitates,</strong></span> <span class='ocrx_word' id='word_1_337' title='bbox 982 4093 1066 4157; x_wconf 90' lang='lat' dir='ltr'><strong>quae</strong></span> <span class='ocrx_word' id='word_1_338' title='bbox 1101 4073 1245 4135; x_wconf 87' lang='lat' dir='ltr'><strong>animum</strong></span> <span class='ocrx_word' id='word_1_339' title='bbox 1276 4069 1496 4136; x_wconf 85' lang='lat' dir='ltr'><strong>Christianam</strong></span> <span class='ocrx_word' id='word_1_340' title='bbox 1524 4094 1544 4135; x_wconf 90' lang='lat' dir='ltr'><strong>a</strong></span> <span class='ocrx_word' id='word_1_341' title='bbox 1571 4073 1678 4156; x_wconf 83' lang='lat' dir='ltr'><strong>rigore</strong></span> <span class='ocrx_word' id='word_1_342' title='bbox 1713 4094 1790 4136; x_wconf 90' lang='lat' dir='ltr'><strong>suae</strong></span> <span class='ocrx_word' id='word_1_343' title='bbox 1821 4073 2023 4137; x_wconf 90' lang='lat' dir='ltr'><strong>rectitudinis</strong></span> <span class='ocrx_word' id='word_1_344' title='bbox 2058 4073 2201 4138; x_wconf 90' lang='lat' dir='ltr'><strong>emollire</strong></span> 
     </span>
     <span class='ocr_line' id='line_1_34' title="bbox 553 4177 2202 4263; baseline 0.001 -21"><span class='ocrx_word' id='word_1_345' title='bbox 553 4179 665 4257; x_wconf 88' lang='lat' dir='ltr'><strong>solent,</strong></span> <span class='ocrx_word' id='word_1_346' title='bbox 690 4180 723 4242; x_wconf 92' lang='lat' dir='ltr'><strong>in</strong></span> <span class='ocrx_word' id='word_1_347' title='bbox 747 4178 923 4242; x_wconf 91' lang='lat' dir='ltr'><strong>cachinnos</strong></span> <span class='ocrx_word' id='word_1_348' title='bbox 947 4201 1005 4242; x_wconf 90' lang='lat' dir='ltr'><strong>ora</strong></span> <span class='ocrx_word' id='word_1_349' title='bbox 1028 4178 1217 4242; x_wconf 89' lang='lat' dir='ltr'><strong>dissolvere.</strong></span> <span class='ocrx_word' id='word_1_350' title='bbox 1263 4178 1379 4263; x_wconf 86' lang='lat' dir='ltr'><strong>Neque</strong></span> <span class='ocrx_word' id='word_1_351' title='bbox 1404 4179 1490 4242; x_wconf 90' lang='lat' dir='ltr'><strong>enim</strong></span> <span class='ocrx_word' id='word_1_352' title='bbox 1514 4177 1610 4242; x_wconf 88' lang='lat' dir='ltr'><strong>decet</strong></span> <span class='ocrx_word' id='word_1_353' title='bbox 1633 4190 1689 4242; x_wconf 90' lang='lat' dir='ltr'><strong>ant</strong></span> <span class='ocrx_word' id='word_1_354' title='bbox 1711 4178 1761 4242; x_wconf 86' lang='lat' dir='ltr'><strong>fas</strong></span> <span class='ocrx_word' id='word_1_355' title='bbox 1785 4188 1834 4242; x_wconf 88' lang='lat' dir='ltr'><strong>est</strong></span> <span class='ocrx_word' id='word_1_356' title='bbox 1857 4178 1966 4243; x_wconf 90' lang='lat' dir='ltr'><strong>oculos</strong></span> <span class='ocrx_word' id='word_1_357' title='bbox 1997 4178 2202 4244; x_wconf 89' lang='lat' dir='ltr'><strong>sacerdotum</strong></span> 
     </span>
     <span class='ocr_line' id='line_1_35' title="bbox 552 4283 2201 4373; baseline 0.001 -24"><span class='ocrx_word' id='word_1_358' title='bbox 552 4286 685 4349; x_wconf 91' lang='lat' dir='ltr'><strong>Domini</strong></span> <span class='ocrx_word' id='word_1_359' title='bbox 710 4284 932 4348; x_wconf 86' lang='lat' dir='ltr'><strong>huiuscemodi</strong></span> <span class='ocrx_word' id='word_1_360' title='bbox 957 4285 1151 4370; x_wconf 87' lang='lat' dir='ltr'><strong>spectaculis</strong></span> <span class='ocrx_word' id='word_1_361' title='bbox 1175 4284 1280 4349; x_wconf 87' lang='lat' dir='ltr'><strong>fedari</strong></span> <span class='ocrx_word' id='word_1_362' title='bbox 1305 4295 1361 4348; x_wconf 89' lang='lat' dir='ltr'><strong>aut</strong></span> <span class='ocrx_word' id='word_1_363' title='bbox 1383 4298 1525 4349; x_wconf 87' lang='lat' dir='ltr'><strong>urentem</strong></span> <span class='ocrx_word' id='word_1_364' title='bbox 1549 4283 1748 4370; x_wconf 87' lang='lat' dir='ltr'><strong>quibuslibet</strong></span> <span class='ocrx_word' id='word_1_365' title='bbox 1764 4284 2014 4350; x_wconf 78' lang='lat' dir='ltr'><strong>scurrilitatibus</strong></span> <span class='ocrx_word' id='word_1_366' title='bbox 2030 4299 2086 4350; x_wconf 90' lang='lat' dir='ltr'><strong>aut</strong></span> <span class='ocrx_word' id='word_1_367' title='bbox 2101 4288 2201 4373; x_wconf 90' lang='lat' dir='ltr'><strong>turpi·</strong></span> 
     </span>
     <span class='ocr_line' id='line_1_36' title="bbox 373 4391 2246 4480; baseline 0.001 -27"><span class='ocrx_word' id='word_1_368' title='bbox 373 4414 534 4466; x_wconf 65' lang='lat' dir='ltr'><strong>stanneam.</strong></span> <span class='ocrx_word' id='word_1_369' title='bbox 552 4391 669 4478; x_wconf 89' lang='lat' dir='ltr'><strong>loquiis</strong></span> <span class='ocrx_word' id='word_1_370' title='bbox 693 4391 735 4455; x_wconf 92' lang='lat' dir='ltr'><strong>ad</strong></span> <span class='ocrx_word' id='word_1_371' title='bbox 758 4393 868 4455; x_wconf 90' lang='lat' dir='ltr'><strong>inania</strong></span> <span class='ocrx_word' id='word_1_372' title='bbox 891 4392 972 4476; x_wconf 91' lang='lat' dir='ltr'><strong>rapi.</strong></span> <span class='ocrx_word' id='word_1_373' title='bbox 1008 4392 1064 4456; x_wconf 88' lang='lat' dir='ltr'><strong>Ait</strong></span> <span class='ocrx_word' id='word_1_374' title='bbox 1088 4393 1208 4478; x_wconf 89' lang='lat' dir='ltr'><strong>quippe</strong></span> <span class='ocrx_word' id='word_1_375' title='bbox 1225 4391 1387 4456; x_wconf 91' lang='lat' dir='ltr'><strong>Dominus</strong></span> <span class='ocrx_word' id='word_1_376' title='bbox 1408 4393 1441 4454; x_wconf 93' lang='lat' dir='ltr'><strong>in</strong></span> <span class='ocrx_word' id='word_1_377' title='bbox 1466 4391 1653 4477; x_wconf 83' lang='lat' dir='ltr'><strong>cvangelio:</strong></span> <span class='ocrx_word' id='word_1_378' title='bbox 1682 4393 1778 4458; x_wconf 77' lang='lat' dir='ltr'><strong>(lmus</strong></span> <span class='ocrx_word' id='word_1_379' title='bbox 1801 4395 1927 4458; x_wconf 80' lang='lat' dir='ltr'><strong>uerbum</strong></span> <span class='ocrx_word' id='word_1_380' title='bbox 1952 4396 2094 4474; x_wconf 86' lang='lat' dir='ltr'><strong>otiosum,</strong></span> <span class='ocrx_word' id='word_1_381' title='bbox 2118 4395 2204 4480; x_wconf 82' lang='lat' dir='ltr'><strong>quod</strong></span> <span class='ocrx_word' id='word_1_382' title='bbox 2219 4413 2246 4454; x_wconf 81' lang='lat' dir='ltr'><strong>ss</strong></span> 
     </span>
     <span class='ocr_line' id='line_1_37' title="bbox 418 4498 2201 4586; baseline 0.001 -23"><span class='ocrx_word' id='word_1_383' title='bbox 418 4503 531 4553; x_wconf 53' lang='lat' dir='ltr'><strong>Diffi-⁴·</strong></span> <span class='ocrx_word' id='word_1_384' title='bbox 553 4500 650 4563; x_wconf 84' lang='lat' dir='ltr'><strong>locuti</strong></span> <span class='ocrx_word' id='word_1_385' title='bbox 662 4501 793 4586; x_wconf 82' lang='lat' dir='ltr'><strong>fuerint</strong></span> <span class='ocrx_word' id='word_1_386' title='bbox 812 4500 961 4578; x_wconf 75' lang='lat' dir='ltr'><strong>hanzines,</strong></span> <span class='ocrx_word' id='word_1_387' title='bbox 986 4499 1117 4564; x_wconf 79' lang='lat' dir='ltr'><strong>reddent</strong></span> <span class='ocrx_word' id='word_1_388' title='bbox 1135 4500 1172 4564; x_wconf 81' lang='lat' dir='ltr'><strong>rle</strong></span> <span class='ocrx_word' id='word_1_389' title='bbox 1189 4525 1222 4563; x_wconf 84' lang='lat' dir='ltr'><strong>co</strong></span> <span class='ocrx_word' id='word_1_390' title='bbox 1240 4503 1389 4563; x_wconf 73' lang='lat' dir='ltr'><strong>rationein</strong></span> <span class='ocrx_word' id='word_1_391' title='bbox 1410 4503 1441 4563; x_wconf 87' lang='grc' dir='ltr'><strong>ιἰι</strong></span> <span class='ocrx_word' id='word_1_392' title='bbox 1459 4499 1511 4562; x_wconf 78' lang='lat' dir='ltr'><strong>die</strong></span> <span class='ocrx_word' id='word_1_393' title='bbox 1529 4499 1642 4563; x_wconf 81' lang='lat' dir='ltr'><strong>iuditii</strong></span> <span class='ocrx_word' id='word_1_394' title='bbox 1647 4524 1657 4580; x_wconf 90' lang='lat'><strong>,·</strong></span> <span class='ocrx_word' id='word_1_395' title='bbox 1679 4498 1801 4562; x_wconf 85' lang='lat' dir='ltr'><strong>Paulus</strong></span> <span class='ocrx_word' id='word_1_396' title='bbox 1818 4498 1860 4563; x_wconf 85' lang='lat' dir='ltr'><strong>ad</strong></span> <span class='ocrx_word' id='word_1_397' title='bbox 1875 4499 2053 4585; x_wconf 83' lang='lat' dir='ltr'><strong>Ephesios:</strong></span> <span class='ocrx_word' id='word_1_398' title='bbox 2081 4499 2201 4580; x_wconf 85' lang='lat' dir='ltr'><strong>Omnis,</strong></span> 
     </span>
    </p>
   </div>
   <div class='ocr_carea' id='block_1_5' title="bbox 435 4558 2203 4694">
    <p class='ocr_par' dir='ltr' id='par_1_7' title="bbox 435 4558 2203 4694">
     <span class='ocr_line' id='line_1_38' title="bbox 435 4558 510 4598; baseline 0.013 -1"><span class='ocrx_word' id='word_1_399' title='bbox 435 4558 510 4598; x_wconf 72' lang='lat' dir='ltr'><strong>rasa</strong></span> 
     </span>
     <span class='ocr_line' id='line_1_39' title="bbox 551 4606 2203 4694; baseline 0.003 -27"><span class='ocrx_word' id='word_1_400' title='bbox 551 4606 667 4691; x_wconf 85' lang='lat' dir='ltr'><strong>iuquit,</strong></span> <span class='ocrx_word' id='word_1_401' title='bbox 691 4630 791 4670; x_wconf 79' lang='lat' dir='ltr'><strong>sermo</strong></span> <span class='ocrx_word' id='word_1_402' title='bbox 815 4606 919 4669; x_wconf 70' lang='lat' dir='ltr'><strong>moltis</strong></span> <span class='ocrx_word' id='word_1_403' title='bbox 942 4631 981 4668; x_wconf 77' lang='lat' dir='ltr'><strong>er</strong></span> <span class='ocrx_word' id='word_1_404' title='bbox 1004 4630 1056 4669; x_wconf 85' lang='lat' dir='ltr'><strong>ore</strong></span> <span class='ocrx_word' id='word_1_405' title='bbox 1082 4621 1178 4670; x_wconf 78' lang='lat' dir='ltr'><strong>restro</strong></span> <span class='ocrx_word' id='word_1_406' title='bbox 1203 4632 1263 4670; x_wconf 76' lang='lat' dir='ltr'><strong>riou</strong></span> <span class='ocrx_word' id='word_1_407' title='bbox 1280 4607 1446 4692; x_wconf 81' lang='lat' dir='ltr'><strong>procedat,</strong></span> <span class='ocrx_word' id='word_1_408' title='bbox 1469 4606 1527 4670; x_wconf 76' lang='lat' dir='ltr'><strong>secl</strong></span> <span class='ocrx_word' id='word_1_409' title='bbox 1547 4608 1590 4670; x_wconf 87' lang='lat' dir='ltr'><strong>sit</strong></span> <span class='ocrx_word' id='word_1_410' title='bbox 1612 4607 1709 4670; x_wconf 83' lang='lat' dir='ltr'><strong>bonus</strong></span> <span class='ocrx_word' id='word_1_411' title='bbox 1724 4606 1770 4670; x_wconf 77' lang='lat' dir='ltr'><strong>acl</strong></span> <span class='ocrx_word' id='word_1_412' title='bbox 1783 4606 2035 4693; x_wconf 76' lang='lat' dir='ltr'><strong>aedificationem</strong></span> <span class='ocrx_word' id='word_1_413' title='bbox 2050 4607 2146 4694; x_wconf 80' lang='lat' dir='ltr'><strong>fidei,</strong></span> <span class='ocrx_word' id='word_1_414' title='bbox 2172 4622 2203 4672; x_wconf 90' lang='lat' dir='ltr'><strong>ut</strong></span> 
     </span>
    </p>
   </div>
   <div class='ocr_carea' id='block_1_6' title="bbox 418 4712 2247 5228">
    <p class='ocr_par' dir='ltr' id='par_1_8' title="bbox 418 4712 2201 4905">
     <span class='ocr_line' id='line_1_40' title="bbox 554 4712 2201 4800; baseline 0.001 -24"><span class='ocrx_word' id='word_1_415' title='bbox 554 4713 605 4776; x_wconf 79' lang='lat' dir='ltr'><strong>det</strong></span> <span class='ocrx_word' id='word_1_416' title='bbox 625 4715 763 4800; x_wconf 68' lang='lat' dir='ltr'><strong>qratiam</strong></span> <span class='ocrx_word' id='word_1_417' title='bbox 790 4712 1000 4776; x_wconf 77' lang='lat' dir='ltr'><strong>ozrdi&#39;entilus.</strong></span> <span class='ocrx_word' id='word_1_418' title='bbox 1035 4712 1080 4775; x_wconf 90' lang='lat' dir='ltr'><strong>Et</strong></span> <span class='ocrx_word' id='word_1_419' title='bbox 1102 4714 1196 4777; x_wconf 77' lang='lat' dir='ltr'><strong>riolite</strong></span> <span class='ocrx_word' id='word_1_420' title='bbox 1220 4715 1404 4777; x_wconf 71' lang='lat' dir='ltr'><strong>contristari</strong></span> <span class='ocrx_word' id='word_1_421' title='bbox 1418 4715 1575 4798; x_wconf 68' lang='lat' dir='ltr'><strong>Spiritum</strong></span> <span class='ocrx_word' id='word_1_422' title='bbox 1591 4727 1731 4776; x_wconf 66' lang='lat' dir='ltr'><strong>salictum</strong></span> <span class='ocrx_word' id='word_1_423' title='bbox 1746 4713 1822 4792; x_wconf 83' lang='lat' dir='ltr'><strong>Ilei,</strong></span> <span class='ocrx_word' id='word_1_424' title='bbox 1846 4715 1879 4778; x_wconf 85' lang='grc' dir='ltr'><strong>ιἰι</strong></span> <span class='ocrx_word' id='word_1_425' title='bbox 1903 4738 1964 4798; x_wconf 82' lang='lat' dir='ltr'><strong>quo</strong></span> <span class='ocrx_word' id='word_1_426' title='bbox 1986 4716 2109 4800; x_wconf 67' lang='lat' dir='ltr'><strong>srjqnnn’</strong></span> <span class='ocrx_word' id='word_1_427' title='bbox 2129 4717 2201 4778; x_wconf 73' lang='lat' dir='ltr'><strong>estis</strong></span> 
     </span>
     <span class='ocr_line' id='line_1_41' title="bbox 418 4818 2200 4905; baseline 0.002 -25"><span class='ocrx_word' id='word_1_428' title='bbox 418 4842 531 4892; x_wconf 72' lang='lat' dir='ltr'><strong>suasa</strong></span> <span class='ocrx_word' id='word_1_429' title='bbox 551 4821 584 4883; x_wconf 86' lang='lat' dir='ltr'><strong>iu</strong></span> <span class='ocrx_word' id='word_1_430' title='bbox 610 4819 662 4883; x_wconf 81' lang='lat' dir='ltr'><strong>die</strong></span> <span class='ocrx_word' id='word_1_431' title='bbox 684 4819 926 4905; x_wconf 70' lang='lat' dir='ltr'><strong>redemptionis,</strong></span> <span class='ocrx_word' id='word_1_432' title='bbox 956 4829 988 4881; x_wconf 89' lang='lat' dir='ltr'><strong>et</strong></span> <span class='ocrx_word' id='word_1_433' title='bbox 1011 4840 1076 4881; x_wconf 89' lang='lat' dir='ltr'><strong>non</strong></span> <span class='ocrx_word' id='word_1_434' title='bbox 1100 4830 1173 4904; x_wconf 90' lang='lat' dir='ltr'><strong>post</strong></span> <span class='ocrx_word' id='word_1_435' title='bbox 1196 4818 1312 4882; x_wconf 89' lang='lat' dir='ltr'><strong>multa:</strong></span> <span class='ocrx_word' id='word_1_436' title='bbox 1345 4819 1530 4883; x_wconf 84' lang='lat' dir='ltr'><strong>Fornicatio</strong></span> <span class='ocrx_word' id='word_1_437' title='bbox 1554 4834 1666 4899; x_wconf 78' lang='lat' dir='ltr'><strong>autem,</strong></span> <span class='ocrx_word' id='word_1_438' title='bbox 1689 4819 1804 4904; x_wconf 87' lang='lat' dir='ltr'><strong>iuquit,</strong></span> <span class='ocrx_word' id='word_1_439' title='bbox 1833 4834 1861 4884; x_wconf 84' lang='lat' dir='ltr'><strong>st</strong></span> <span class='ocrx_word' id='word_1_440' title='bbox 1883 4822 1984 4884; x_wconf 76' lang='lat' dir='ltr'><strong>omnis</strong></span> <span class='ocrx_word' id='word_1_441' title='bbox 2006 4820 2200 4885; x_wconf 75' lang='lat' dir='ltr'><strong>inmunditiis</strong></span> 
     </span>
    </p>

    <p class='ocr_par' dir='ltr' id='par_1_9' title="bbox 429 4925 2247 5118">
     <span class='ocr_line' id='line_1_42' title="bbox 550 4925 2247 5013; baseline 0.001 -23"><span class='ocrx_word' id='word_1_442' title='bbox 550 4940 606 4990; x_wconf 71' lang='lat' dir='ltr'><strong>nait</strong></span> <span class='ocrx_word' id='word_1_443' title='bbox 627 4929 768 4990; x_wconf 84' lang='lat' dir='ltr'><strong>aruritiu</strong></span> <span class='ocrx_word' id='word_1_444' title='bbox 791 4951 847 4989; x_wconf 84' lang='lat' dir='ltr'><strong>nec</strong></span> <span class='ocrx_word' id='word_1_445' title='bbox 868 4928 1045 4990; x_wconf 75' lang='lat' dir='ltr'><strong>rionu&#39;urtnr</strong></span> <span class='ocrx_word' id='word_1_446' title='bbox 1070 4928 1101 4990; x_wconf 84' lang='lat' dir='ltr'><strong>in</strong></span> <span class='ocrx_word' id='word_1_447' title='bbox 1129 4927 1225 5006; x_wconf 84' lang='lat' dir='ltr'><strong>robis,</strong></span> <span class='ocrx_word' id='word_1_448' title='bbox 1248 4929 1330 4989; x_wconf 85' lang='lat' dir='ltr'><strong>sicut</strong></span> <span class='ocrx_word' id='word_1_449' title='bbox 1352 4925 1438 4989; x_wconf 82' lang='lat' dir='ltr'><strong>decet</strong></span> <span class='ocrx_word' id='word_1_450' title='bbox 1458 4940 1591 5005; x_wconf 74' lang='lat' dir='ltr'><strong>satiatos,</strong></span> <span class='ocrx_word' id='word_1_451' title='bbox 1619 4940 1675 4989; x_wconf 88' lang='lat' dir='ltr'><strong>aut</strong></span> <span class='ocrx_word' id='word_1_452' title='bbox 1703 4926 1865 5011; x_wconf 67' lang='lat' dir='ltr'><strong>turpitudo</strong></span> <span class='ocrx_word' id='word_1_453' title='bbox 1895 4940 1951 4990; x_wconf 85' lang='lat' dir='ltr'><strong>out</strong></span> <span class='ocrx_word' id='word_1_454' title='bbox 1971 4927 2200 5013; x_wconf 77' lang='lat' dir='ltr'><strong>stultiloquium</strong></span> <span class='ocrx_word' id='word_1_455' title='bbox 2219 4955 2247 4992; x_wconf 79' lang='lat' dir='ltr'><strong>so</strong></span> 
     </span>
     <span class='ocr_line' id='line_1_43' title="bbox 429 5031 2199 5118; baseline 0.002 -25"><span class='ocrx_word' id='word_1_456' title='bbox 429 5055 530 5104; x_wconf 71' lang='lat' dir='ltr'><strong>raam.</strong></span> <span class='ocrx_word' id='word_1_457' title='bbox 550 5046 605 5096; x_wconf 73' lang='lat' dir='ltr'><strong>cert</strong></span> <span class='ocrx_word' id='word_1_458' title='bbox 626 5033 817 5112; x_wconf 78' lang='lat' dir='ltr'><strong>scrcrrilitos,</strong></span> <span class='ocrx_word' id='word_1_459' title='bbox 842 5057 921 5116; x_wconf 84' lang='lat' dir='ltr'><strong>quae</strong></span> <span class='ocrx_word' id='word_1_460' title='bbox 945 5032 990 5096; x_wconf 84' lang='lat' dir='ltr'><strong>ud</strong></span> <span class='ocrx_word' id='word_1_461' title='bbox 1012 5057 1076 5096; x_wconf 82' lang='lat' dir='ltr'><strong>rem</strong></span> <span class='ocrx_word' id='word_1_462' title='bbox 1101 5058 1161 5096; x_wconf 85' lang='lat' dir='ltr'><strong>non</strong></span> <span class='ocrx_word' id='word_1_463' title='bbox 1180 5035 1328 5118; x_wconf 78' lang='lat' dir='ltr'><strong>pertinet,</strong></span> <span class='ocrx_word' id='word_1_464' title='bbox 1352 5033 1409 5096; x_wconf 85' lang='lat' dir='ltr'><strong>sed</strong></span> <span class='ocrx_word' id='word_1_465' title='bbox 1422 5034 1525 5118; x_wconf 65' lang='lat' dir='ltr'><strong>stupis</strong></span> <span class='ocrx_word' id='word_1_466' title='bbox 1538 5034 1718 5117; x_wconf 73' lang='lat' dir='ltr'><strong>pretiorum</strong></span> <span class='ocrx_word' id='word_1_467' title='bbox 1734 5035 1824 5096; x_wconf 84' lang='lat' dir='ltr'><strong>actio.</strong></span> <span class='ocrx_word' id='word_1_468' title='bbox 1861 5031 2039 5096; x_wconf 82' lang='lat' dir='ltr'><strong>EtIsaias:</strong></span> <span class='ocrx_word' id='word_1_469' title='bbox 2068 5032 2199 5098; x_wconf 72' lang='lat' dir='ltr'><strong>Cithara</strong></span> 
     </span>
    </p>

    <p class='ocr_par' dir='ltr' id='par_1_10' title="bbox 550 5138 2201 5228">
     <span class='ocr_line' id='line_1_44' title="bbox 550 5138 2201 5228; baseline 0.001 -26"><span class='ocrx_word' id='word_1_470' title='bbox 550 5153 578 5202; x_wconf 85' lang='lat' dir='ltr'><strong>et</strong></span> <span class='ocrx_word' id='word_1_471' title='bbox 601 5140 672 5225; x_wconf 75' lang='lat' dir='ltr'><strong>lpru</strong></span> <span class='ocrx_word' id='word_1_472' title='bbox 696 5153 724 5203; x_wconf 84' lang='lat' dir='ltr'><strong>et</strong></span> <span class='ocrx_word' id='word_1_473' title='bbox 746 5140 921 5224; x_wconf 73' lang='lat' dir='ltr'><strong>tinqrurnun</strong></span> <span class='ocrx_word' id='word_1_474' title='bbox 945 5153 973 5202; x_wconf 84' lang='lat' dir='ltr'><strong>et</strong></span> <span class='ocrx_word' id='word_1_475' title='bbox 996 5140 1075 5202; x_wconf 81' lang='lat' dir='ltr'><strong>tibia</strong></span> <span class='ocrx_word' id='word_1_476' title='bbox 1099 5153 1128 5202; x_wconf 85' lang='lat' dir='ltr'><strong>et</strong></span> <span class='ocrx_word' id='word_1_477' title='bbox 1151 5141 1258 5202; x_wconf 84' lang='lat' dir='ltr'><strong>riuum</strong></span> <span class='ocrx_word' id='word_1_478' title='bbox 1282 5140 1317 5202; x_wconf 83' lang='lat' dir='ltr'><strong>iu</strong></span> <span class='ocrx_word' id='word_1_479' title='bbox 1340 5141 1495 5203; x_wconf 76' lang='lat' dir='ltr'><strong>corruistis</strong></span> <span class='ocrx_word' id='word_1_480' title='bbox 1521 5141 1647 5220; x_wconf 71' lang='lat' dir='ltr'><strong>restris,</strong></span> <span class='ocrx_word' id='word_1_481' title='bbox 1670 5153 1698 5202; x_wconf 87' lang='lat' dir='ltr'><strong>et</strong></span> <span class='ocrx_word' id='word_1_482' title='bbox 1713 5163 1791 5225; x_wconf 87' lang='lat' dir='ltr'><strong>opus</strong></span> <span class='ocrx_word' id='word_1_483' title='bbox 1806 5138 1945 5204; x_wconf 84' lang='lat' dir='ltr'><strong>Domini</strong></span> <span class='ocrx_word' id='word_1_484' title='bbox 1956 5162 2018 5203; x_wconf 85' lang='lat' dir='ltr'><strong>nou</strong></span> <span class='ocrx_word' id='word_1_485' title='bbox 2041 5142 2201 5228; x_wconf 72' lang='lat' dir='ltr'><strong>respicitis</strong></span> 
     </span>
    </p>
   </div>
   <div class='ocr_carea' id='block_1_7' title="bbox 655 5332 2200 5491">
    <p class='ocr_par' dir='ltr' id='par_1_11' title="bbox 655 5332 2200 5491">
     <span class='ocr_line' id='line_1_45' title="bbox 656 5332 2199 5402; baseline 0.003 -16"><span class='ocrx_word' id='word_1_486' title='bbox 656 5338 795 5388; x_wconf 84' lang='lat' dir='ltr'>XXXVII.</span> <span class='ocrx_word' id='word_1_487' title='bbox 825 5340 858 5388; x_wconf 87' lang='grc'><strong>10</strong></span> <span class='ocrx_word' id='word_1_488' title='bbox 877 5332 1082 5399; x_wconf 83' lang='lat' dir='ltr'><strong>canonicorum]</strong></span> <span class='ocrx_word' id='word_1_489' title='bbox 1104 5353 1235 5388; x_wconf 83' lang='lat' dir='ltr'><strong>canorum</strong></span> <span class='ocrx_word' id='word_1_490' title='bbox 1254 5335 1285 5386; x_wconf 89' lang='lat' dir='ltr'><strong>P.</strong></span> <span class='ocrx_word' id='word_1_491' title='bbox 1369 5340 1399 5387; x_wconf 93' lang='grc'><strong>11</strong></span> <span class='ocrx_word' id='word_1_492' title='bbox 1420 5337 1527 5387; x_wconf 88' lang='lat' dir='ltr'><strong>debean</strong></span> <span class='ocrx_word' id='word_1_493' title='bbox 1546 5337 1577 5388; x_wconf 94' lang='lat' dir='ltr'><strong>P.</strong></span> <span class='ocrx_word' id='word_1_494' title='bbox 1661 5339 1693 5387; x_wconf 85' lang='grc'>16</span> <span class='ocrx_word' id='word_1_495' title='bbox 1712 5338 1885 5389; x_wconf 73' lang='lat' dir='ltr'><strong>effossionem</strong></span> <span class='ocrx_word' id='word_1_496' title='bbox 1904 5337 1935 5389; x_wconf 80' lang='grc' dir='ltr'><strong>Ρ.</strong></span> <span class='ocrx_word' id='word_1_497' title='bbox 2021 5341 2051 5389; x_wconf 83' lang='lat'><strong>21</strong></span> <span class='ocrx_word' id='word_1_498' title='bbox 2074 5335 2117 5402; x_wconf 88' lang='lat' dir='ltr'><strong>ad]</strong></span> <span class='ocrx_word' id='word_1_499' title='bbox 2136 5357 2153 5389; x_wconf 85' lang='lat' dir='ltr'><strong>a</strong></span> <span class='ocrx_word' id='word_1_500' title='bbox 2172 5339 2199 5390; x_wconf 82' lang='lat' dir='ltr'><strong>V.</strong></span> 
     </span>
     <span class='ocr_line' id='line_1_46' title="bbox 655 5421 2200 5491; baseline 0.003 -16"><span class='ocrx_word' id='word_1_501' title='bbox 655 5427 812 5477; x_wconf 80' lang='lat' dir='ltr'><strong>XXXVIII.</strong></span> <span class='ocrx_word' id='word_1_502' title='bbox 841 5429 873 5477; x_wconf 78' lang='lat' dir='ltr'><strong>at</strong></span> <span class='ocrx_word' id='word_1_503' title='bbox 894 5421 1066 5489; x_wconf 86' lang='lat' dir='ltr'><strong>scurrilitate]</strong></span> <span class='ocrx_word' id='word_1_504' title='bbox 1085 5425 1181 5476; x_wconf 87' lang='lat' dir='ltr'><strong>scuril-</strong></span> <span class='ocrx_word' id='word_1_505' title='bbox 1202 5426 1229 5475; x_wconf 64' lang='grc' dir='ltr'><strong>Γ.</strong></span> <span class='ocrx_word' id='word_1_506' title='bbox 1295 5427 1328 5475; x_wconf 82' lang='grc'><strong>28</strong></span> <span class='ocrx_word' id='word_1_507' title='bbox 1347 5427 1383 5475; x_wconf 89' lang='lat' dir='ltr'><strong>sit</strong></span> <span class='ocrx_word' id='word_1_508' title='bbox 1402 5426 1430 5474; x_wconf 76' lang='grc' dir='ltr'><strong>Γ.</strong></span> <span class='ocrx_word' id='word_1_509' title='bbox 1450 5425 1480 5476; x_wconf 89' lang='grc' dir='ltr'><strong>Ρ.</strong></span> <span class='ocrx_word' id='word_1_510' title='bbox 1548 5427 1582 5476; x_wconf 89' lang='grc'><strong>36</strong></span> <span class='ocrx_word' id='word_1_511' title='bbox 1601 5426 1716 5477; x_wconf 89' lang='lat' dir='ltr'><strong>reddant</strong></span> <span class='ocrx_word' id='word_1_512' title='bbox 1735 5426 1762 5476; x_wconf 75' lang='lat' dir='ltr'><strong>V.</strong></span> <span class='ocrx_word' id='word_1_513' title='bbox 1819 5429 1851 5478; x_wconf 77' lang='lat'><strong>37</strong></span> <span class='ocrx_word' id='word_1_514' title='bbox 1871 5421 1973 5491; x_wconf 87' lang='lat' dir='ltr'><strong>vestro]</strong></span> <span class='ocrx_word' id='word_1_515' title='bbox 1993 5444 2026 5478; x_wconf 82' lang='lat' dir='ltr'><strong>ex</strong></span> <span class='ocrx_word' id='word_1_516' title='bbox 2046 5445 2094 5479; x_wconf 91' lang='lat' dir='ltr'><strong>ore</strong></span> <span class='ocrx_word' id='word_1_517' title='bbox 2113 5427 2200 5479; x_wconf 86' lang='lat' dir='ltr'><strong>malus</strong></span> 
     </span>
    </p>
   </div>
   <div class='ocr_carea' id='block_1_8' title="bbox 546 5515 2246 5580">
    <p class='ocr_par' dir='ltr' id='par_1_12' title="bbox 546 5515 2246 5580">
     <span class='ocr_line' id='line_1_47' title="bbox 546 5515 2246 5580; baseline 0.009 -16"><span class='ocrx_word' id='word_1_518' title='bbox 546 5515 654 5566; x_wconf 77' lang='lat' dir='ltr'><strong>addi.</strong></span> <span class='ocrx_word' id='word_1_519' title='bbox 2218 5540 2246 5580; x_wconf 78' lang='lat' dir='ltr'><strong>tt</strong></span> 
     </span>
    </p>
   </div>
   <div class='ocr_carea' id='block_1_9' title="bbox 547 5671 2199 5970">
    <p class='ocr_par' dir='ltr' id='par_1_13' title="bbox 547 5671 2199 5970">
     <span class='ocr_line' id='line_1_48' title="bbox 659 5671 2198 5755; baseline 0.002 -22"><span class='ocrx_word' id='word_1_520' title='bbox 659 5671 686 5750; x_wconf 77' lang='lat' dir='ltr'><strong>ll</strong></span> <span class='ocrx_word' id='word_1_521' title='bbox 712 5676 761 5750; x_wconf 67' lang='lat' dir='ltr'><strong>CJ.</strong></span> <span class='ocrx_word' id='word_1_522' title='bbox 786 5679 884 5735; x_wconf 85' lang='lat' dir='ltr'><strong>concil.</strong></span> <span class='ocrx_word' id='word_1_523' title='bbox 910 5677 1080 5735; x_wconf 70' lang='lat' dir='ltr'><strong>sardicense</strong></span> <span class='ocrx_word' id='word_1_524' title='bbox 1103 5697 1143 5734; x_wconf 86' lang='lat' dir='ltr'><strong>cc.</strong></span> <span class='ocrx_word' id='word_1_525' title='bbox 1168 5681 1287 5746; x_wconf 86' lang='grc'>18.19;</span> <span class='ocrx_word' id='word_1_526' title='bbox 1319 5677 1420 5735; x_wconf 78' lang='lat' dir='ltr'><strong>dluusi</strong></span> <span class='ocrx_word' id='word_1_527' title='bbox 1441 5677 1498 5749; x_wconf 89' lang='lat' dir='ltr'><strong>III,</strong></span> <span class='ocrx_word' id='word_1_528' title='bbox 1518 5681 1615 5754; x_wconf 68' lang='lat' dir='ltr'><strong>resq.</strong></span> <span class='ocrx_word' id='word_1_529' title='bbox 1655 5678 1779 5736; x_wconf 78' lang='lat' dir='ltr'><strong>Decreta</strong></span> <span class='ocrx_word' id='word_1_530' title='bbox 1803 5678 1907 5736; x_wconf 84' lang='lat' dir='ltr'><strong>Leonis</strong></span> <span class='ocrx_word' id='word_1_531' title='bbox 1931 5699 1954 5736; x_wconf 89' lang='lat' dir='ltr'><strong>c.</strong></span> <span class='ocrx_word' id='word_1_532' title='bbox 1972 5683 2012 5739; x_wconf 88' lang='lat'><strong>39</strong></span> <span class='ocrx_word' id='word_1_533' title='bbox 2035 5672 2198 5755; x_wconf 63' lang='lat' dir='ltr'><strong>(Just-K.</strong></span> 
     </span>
     <span class='ocr_line' id='line_1_49' title="bbox 548 5783 2198 5862; baseline 0.001 -21"><span class='ocrx_word' id='word_1_534' title='bbox 548 5805 578 5841; x_wconf 89' lang='grc' dir='ltr'><strong>ιι.</strong></span> <span class='ocrx_word' id='word_1_535' title='bbox 602 5783 673 5860; x_wconf 40' lang='grc' dir='ltr'><strong>1111Ῐ</strong></span> <span class='ocrx_word' id='word_1_536' title='bbox 681 5807 691 5854; x_wconf 84' lang='grc'><strong><em>;</em></strong></span> <span class='ocrx_word' id='word_1_537' title='bbox 723 5806 748 5843; x_wconf 85' lang='lat' dir='ltr'><strong>v.</strong></span> <span class='ocrx_word' id='word_1_538' title='bbox 774 5785 856 5842; x_wconf 78' lang='lat' dir='ltr'><strong>etiarn</strong></span> <span class='ocrx_word' id='word_1_539' title='bbox 879 5804 952 5861; x_wconf 83' lang='lat' dir='ltr'><strong>quoe</strong></span> <span class='ocrx_word' id='word_1_540' title='bbox 975 5804 1011 5841; x_wconf 75' lang='lat' dir='ltr'><strong>ca</strong></span> <span class='ocrx_word' id='word_1_541' title='bbox 1042 5784 1244 5860; x_wconf 83' lang='lat' dir='ltr'><strong>capitularibus</strong></span> <span class='ocrx_word' id='word_1_542' title='bbox 1268 5803 1362 5861; x_wconf 74' lang='lat' dir='ltr'><strong>repam</strong></span> <span class='ocrx_word' id='word_1_543' title='bbox 1388 5784 1568 5842; x_wconf 82' lang='lat' dir='ltr'><strong>Francorum</strong></span> <span class='ocrx_word' id='word_1_544' title='bbox 1594 5785 1703 5862; x_wconf 72' lang='lat' dir='ltr'><strong>collepit</strong></span> <span class='ocrx_word' id='word_1_545' title='bbox 1723 5786 1755 5842; x_wconf 88' lang='lat' dir='ltr'><strong>V.</strong></span> <span class='ocrx_word' id='word_1_546' title='bbox 1781 5786 1905 5856; x_wconf 72' lang='lat' dir='ltr'><strong>Kranae,</strong></span> <span class='ocrx_word' id='word_1_547' title='bbox 1939 5783 2012 5844; x_wconf 68' lang='grc' dir='ltr'><strong>ΜΟ.</strong></span> <span class='ocrx_word' id='word_1_548' title='bbox 2040 5783 2133 5862; x_wconf 80' lang='lat' dir='ltr'><strong>Capit.</strong></span> <span class='ocrx_word' id='word_1_549' title='bbox 2158 5786 2198 5856; x_wconf 87' lang='lat' dir='ltr'><strong>H,</strong></span> 
     </span>
     <span class='ocr_line' id='line_1_50' title="bbox 547 5883 2199 5970; baseline -0.001 -21"><span class='ocrx_word' id='word_1_550' title='bbox 547 5895 606 5950; x_wconf 81' lang='lat'><strong>591</strong></span> <span class='ocrx_word' id='word_1_551' title='bbox 632 5893 682 5948; x_wconf 86' lang='lat' dir='ltr'><strong>col.</strong></span> <span class='ocrx_word' id='word_1_552' title='bbox 698 5895 720 5950; x_wconf 81' lang='lat'><em>2</em></span> <span class='ocrx_word' id='word_1_553' title='bbox 738 5913 761 5948; x_wconf 86' lang='lat' dir='ltr'><strong>s.</strong></span> <span class='ocrx_word' id='word_1_554' title='bbox 783 5912 807 5948; x_wconf 82' lang='lat' dir='ltr'><strong>r.</strong></span> <span class='ocrx_word' id='word_1_555' title='bbox 828 5891 954 5950; x_wconf 72' lang='lat' dir='ltr'><strong>clericus</strong></span> <span class='ocrx_word' id='word_1_556' title='bbox 1042 5883 1073 5968; x_wconf 84' lang='lat'><strong>2)</strong></span> <span class='ocrx_word' id='word_1_557' title='bbox 1099 5888 1148 5962; x_wconf 78' lang='lat' dir='ltr'><strong>Cf.</strong></span> <span class='ocrx_word' id='word_1_558' title='bbox 1170 5891 1268 5948; x_wconf 77' lang='lat' dir='ltr'><strong>correil.</strong></span> <span class='ocrx_word' id='word_1_559' title='bbox 1287 5891 1518 5969; x_wconf 74' lang='lat' dir='ltr'><strong>Aquirprunune</strong></span> <span class='ocrx_word' id='word_1_560' title='bbox 1535 5895 1597 5951; x_wconf 85' lang='grc'>816</span> <span class='ocrx_word' id='word_1_561' title='bbox 1615 5891 1680 5950; x_wconf 84' lang='lat' dir='ltr'><strong>inst.</strong></span> <span class='ocrx_word' id='word_1_562' title='bbox 1700 5912 1765 5950; x_wconf 84' lang='lat' dir='ltr'><strong>cau.</strong></span> <span class='ocrx_word' id='word_1_563' title='bbox 1786 5913 1809 5950; x_wconf 89' lang='lat' dir='ltr'><strong>c.</strong></span> <span class='ocrx_word' id='word_1_564' title='bbox 1827 5896 1904 5963; x_wconf 79' lang='lat'><strong>123,·</strong></span> <span class='ocrx_word' id='word_1_565' title='bbox 1926 5913 2016 5970; x_wconf 81' lang='lat' dir='ltr'><strong>supra</strong></span> <span class='ocrx_word' id='word_1_566' title='bbox 2031 5913 2066 5969; x_wconf 83' lang='lat' dir='ltr'><strong>p.</strong></span> <span class='ocrx_word' id='word_1_567' title='bbox 2083 5897 2199 5968; x_wconf 72' lang='lat' dir='ltr'><strong>lOdsq.</strong></span> 
     </span>
    </p>
   </div>
   <div class='ocr_carea' id='block_1_10' title="bbox 0 0 2446 6710">
    <p class='ocr_par' dir='ltr' id='par_1_14' title="bbox 0 0 2446 6710">
     <span class='ocr_line' id='line_1_51' title="bbox 0 0 2446 6710; baseline 0 0"><span class='ocrx_word' id='word_1_568' title='bbox 0 0 2446 6710; x_wconf 95' lang='lat' dir='ltr'><strong> </strong></span> 
     </span>
    </p>
   </div>
  </div>
 </body>
</html>
