4884 6717
551 541 615 603 610
1022 546 1073 603 50.
1110 546 1330 605 concinunt
1352 547 1580 604 PARISIENSE
1604 551 1641 605 Α.
1662 548 1737 604 829.

549 734 623 798 Deo
647 735 679 797 in
704 731 899 820 baptismate
924 732 1061 798 duamm
1092 736 1280 822 pactionum
1310 732 1450 798 nexibus
1481 757 1516 799 se
1548 732 1704 820 obligare,
1735 733 1847 816 altera,
1880 757 1945 821 qna
1975 732 2204 800 abrenuntiare

549 838 680 905 diabolo
705 851 737 904 et
761 838 911 904 omnibus
935 838 1089 926 operibus
1114 842 1184 905 eius
1215 851 1249 905 et
1278 839 1428 906 omnibus
1463 843 1591 928 pompis
1627 842 1707 920 eius,
1743 841 1845 905 altera
1879 863 1968 922 vero,
2004 864 2068 928 qua
2103 865 2137 906 se
2173 844 2206 906 in

548 959 674 1033 patrem
699 957 731 1010 et
760 947 863 1011 lilium
895 958 928 1011 et
951 947 1108 1033 Spiritum
1139 958 1288 1012 sanetum
1322 947 1457 1012 credere
1493 947 1672 1035 profitetur,
1707 947 1795 1013 unde
1831 948 1929 1012 edam
1964 947 2025 1013 sub
2059 947 2206 1014 eiusdem

548 1065 680 1117 sanetae
705 1055 857 1118 trinitatis
881 1054 1088 1118 invocatione
1113 1053 1318 1141 baptismatis
1342 1056 1481 1140 gratiam
1506 1056 1724 1141 consequitur.
1772 1052 1855 1120 Cum
1887 1077 1965 1141 ergo
1995 1069 2068 1142 post
2098 1054 2207 1120 huius-

549 1159 677 1225 cemodi
707 1159 1025 1225 abrenuntiationem
1056 1159 1255 1247 quibuslibet
1285 1159 1459 1226 inlecebris
1490 1163 1643 1227 vitiorum
1673 1161 1813 1227 inlectus
1843 1162 1884 1226 ad
1916 1184 1973 1243 ea,
2009 1160 2127 1250 quibus
2158 1185 2239 1226 re·s

547 1268 719 1349 nuntiavit,
743 1267 829 1331 redit
852 1289 980 1331 necnon
1003 1278 1036 1330 et
1058 1277 1133 1354 post
1155 1279 1264 1332 tantae
1287 1267 1365 1332 fidei
1389 1269 1633 1354 perceptionem
1656 1268 1691 1332 in
1715 1270 1912 1355 apostasiam
1935 1280 1992 1333 aut
2007 1267 2206 1333 infidelitatis

548 1385 604 1438 aut
627 1373 772 1437 heretice
796 1374 967 1460 pravitatis
991 1384 1049 1437 aut
1072 1373 1208 1438 fraterni
1232 1375 1415 1440 schismatis
1440 1373 1630 1461 prolabitur,
1654 1374 1768 1462 procul
1800 1374 1899 1439 dubio
1930 1377 2099 1462 utriusque
2130 1398 2207 1462 pac·

548 1481 645 1544 tionis
669 1493 890 1565 transgressor
913 1480 1064 1545 eflicitur.
1111 1481 1259 1561 Quarum
1290 1480 1402 1562 altera,
1434 1483 1511 1568 quia
1540 1480 1694 1567 baptismi
1729 1482 1901 1547 iteratione
1936 1483 2059 1569 nequit,
2095 1484 2206 1569 paeni·

547 1588 668 1650 tentiae
693 1585 854 1667 lamentis
879 1586 1140 1673 elemosynarum
1165 1586 1391 1672 largitionibus
1415 1590 1596 1674 ceterisque
1620 1587 1780 1653 bonorum
1797 1612 1932 1675 operum
1949 1587 2206 1654 exhibitionibus

549 1692 628 1756 dilui
653 1703 769 1779 potest.
815 1692 930 1756 Altera
952 1715 1042 1775 vero,
1067 1717 1150 1780 quae
1174 1694 1364 1781 praedictae
1389 1696 1591 1780 contagionis
1615 1694 1707 1781 lepra
1739 1695 1974 1760 commaculata
2004 1695 2111 1777 fuen't,
2142 1698 2205 1760 nisi
2225 1720 2252 1758 ιο

548 1799 610 1864 hac
634 1802 774 1886 primum
797 1823 857 1886 per
880 1798 1001 1864 Christi
1026 1802 1167 1866 caruerit
1189 1803 1329 1886 gratiam
1353 1813 1385 1866 et
1407 1801 1451 1866 ad
1473 1802 1631 1865 unitatem
1655 1801 1814 1866 ecclesiae
1839 1801 1981 1883 redierit,
2006 1802 2157 1867 mundari
2173 1815 2206 1867 et

548 1908 683 1992 pristine
707 1906 785 1971 fidei
809 1906 949 1972 colorem
974 1908 1185 1993 sanitatisque
1210 1909 1357 1993 vigorem
1381 1930 1575 1995 recuperare
1605 1930 1671 1972 non
1700 1908 1830 1994 poterit.
1889 1909 1976 1989 Quia
2006 1931 2084 1995 ergo
2114 1908 2205 1974 flam·

369 2035 528 2089 cassusne.
548 2036 639 2077 meus
664 2013 717 2077 ille
742 2012 880 2098 gladius,
905 2014 961 2099 qui
985 2025 1118 2099 propter
1132 2026 1304 2100 peccatum
1321 2015 1418 2101 pn‘mi
1434 2013 1574 2079 hominis
1592 2016 1725 2079 ianuam
1742 2014 1885 2101 paradisi
1902 2014 1996 2079 obice
2012 2014 2204 2080 mortalibus

548 2118 705 2184 immobili
731 2120 921 2206 opilaverat,
946 2120 980 2182 in
1005 2133 1212 2185 sacrosancto
1236 2120 1441 2207 baptismatis
1465 2122 1554 2186 fonte
1579 2122 1781 2207 extinguitur
1805 2133 1836 2186 et
1861 2121 1977 2186 eadem
2007 2124 2105 2187 ianua
2136 2145 2204 2188 cre-

548 2224 700 2290 dentibus
724 2227 878 2312 aperitur,
903 2225 1052 2291 omnibus
1076 2227 1227 2292 fidelibus
1251 2228 1446 2293 studendum
1470 2240 1529 2309 est,
1561 2239 1598 2292 ut
1627 2229 1788 2314 pactionis
1819 2238 1852 2292 et
1881 2229 2074 2315 sponsionis,
2106 2252 2250 2316 quamn

548 2356 620 2397 cum
644 2333 718 2396 Deo
741 2335 775 2396 in
799 2331 993 2418 baptismate
1017 2333 1175 2416 feceruut,
1200 2358 1330 2421 semper
1353 2357 1513 2398 memores
1537 2335 1679 2398 existant
1702 2345 1915 2422 caveantque,
1940 2357 1981 2398 ne
2006 2334 2206 2422 quibuslibet

547 2441 699 2504 vitiorum
724 2438 875 2504 sordibus
899 2463 933 2504 se
961 2440 1162 2505 maculantes
1193 2464 1259 2505 non
1290 2441 1393 2506 solum
1424 2441 1564 2505 eundem
1594 2440 1657 2505 sibi
1688 2441 1909 2506 reaccendant
1939 2443 2060 2528 ignem,
2090 2465 2205 2507 verum

548 2547 644 2610 etiam
667 2545 858 2610 inmundum
878 2548 1027 2632 spiritum
1051 2569 1071 2610 a
1094 2571 1129 2612 sc
1145 2561 1291 2634 tempore
1308 2547 1511 2635 baptismatis
1528 2547 1700 2634 expulsum
1717 2570 1789 2612 cum
1807 2550 1992 2635 septenario
2009 2548 2204 2614 daemonum

547 2675 682 2717 numero
707 2651 769 2717 sibi
793 2652 904 2718 addito
928 2653 970 2717 ad
994 2676 1028 2718 se
1060 2654 1289 2740 quoquomodo
1319 2654 1427 2720 redire
1461 2654 1583 2719 faciant
1617 2655 1762 2741 fiantque
1792 2654 1866 2736 illis,
1897 2666 1932 2719 ut
1955 2656 2118 2721 Dominus
2148 2657 2203 2738 ait,

370 2783 530 2834 canusinae.
547 2761 725 2824 novissima
755 2761 867 2847 peiora
896 2760 1069 2847 prioribus,
1106 2771 1138 2825 et
1168 2761 1341 2847 impleatur
1370 2762 1404 2825 iu
1439 2762 1486 2825 eis
1522 2760 1610 2847 quod
1643 2759 1759 2826 beatus
1789 2761 1906 2826 Petrus
1941 2763 2106 2849 apostolus
2141 2765 2202 2827 ait:
2223 2785 2250 2823 so

377 2866 666 2942 a.esu.2,a1.Melr'ns
689 2871 773 2932 enirn
801 2883 869 2933 erat
898 2869 967 2933 illis
998 2893 1058 2932 non
1089 2893 1271 2956 cognoscere
1300 2872 1385 2934 viam
1417 2871 1557 2934 institiae
1588 2894 1683 2954 quom
1706 2883 1783 2955 post
1812 2872 2003 2956 agnitionem
2032 2884 2202 2934 retrorsum

548 2977 688 3038 conuerti
709 2976 748 3039 ab
773 2999 818 3054 eo,
842 2976 928 3061 qood
949 2976 1102 3040 traditum
1125 2990 1170 3040 est
1192 2977 1262 3040 illis
1285 2990 1391 3040 sancto
1414 2975 1575 3055 mandato,
1599 2984 1793 3061 apteturque
1819 2977 1866 3039 eis
1890 2975 1979 3056 illud,
2007 2976 2095 3062 quod
2125 2975 2204 3040 alibi

366 3135 368 3141 .
432 3105 529 3156 nans.
547 3080 608 3143 ait:
638 3080 737 3145 Corn's
759 3106 902 3146 resersus
924 3082 970 3145 nd
994 3084 1140 3146 cernitisne
1162 3107 1254 3146 suurn
1278 3097 1306 3146 et
1326 3108 1380 3147 sus
1404 3084 1467 3147 loto
1488 3086 1523 3147 in
1539 3083 1702 3147 volutabro
1718 3083 1786 3148 lusi.
1825 3081 1914 3147 Nulli
1932 3083 2052 3169 quippe
2070 3081 2204 3147 dubium

548 3196 606 3267 est,
631 3188 710 3271 quin
733 3187 847 3271 religio
873 3185 1058 3251 Christiana
1081 3186 1279 3274 baptismum
1303 3186 1424 3253 Christi
1447 3188 1588 3253 fideliter
1610 3199 1744 3276 expetat
1767 3201 1800 3254 et
1830 3188 2004 3254 salubriter
2033 3190 2203 3277 pereipiat.

548 3292 615 3357 Sed
639 3291 735 3356 valde
759 3292 977 3378 periculosum
1002 3305 1052 3358 est
1075 3305 1108 3358 et
1138 3318 1158 3358 a
1188 3294 1346 3380 religione
1372 3293 1559 3360 Christiana
1593 3295 1745 3377 alienum,
1781 3296 1869 3383 qnod
1903 3308 1977 3384 post
2011 3298 2093 3361 tanti
2127 3296 2203 3361 doni
2222 3318 2249 3359 rs

547 3401 793 3485 perceptionem
827 3402 1050 3487 unusquisque
1085 3400 1201 3482 fidelis,
1237 3424 1310 3465 curn
1347 3401 1390 3466 ad
1424 3400 1662 3487 intelligibilem
1698 3412 1838 3467 aetatem
1874 3404 1973 3483 venit,
2013 3405 2204 3490 mysterium

546 3504 753 3593 baptismatis
777 3506 903 3570 discere
928 3519 961 3571 et
985 3506 1166 3593 intelligere
1191 3506 1337 3594 neglegit
1361 3521 1459 3595 atque
1491 3531 1529 3573 eo
1560 3508 1724 3574 intellecto
1760 3509 1939 3574 secundum
1974 3509 2056 3574 illud
2091 3512 2202 3575 vivere

547 3635 613 3676 non
637 3613 765 3698 satagit.
805 3612 902 3693 Quod
926 3612 1107 3699 periculum
1131 3626 1163 3679 et
1185 3614 1228 3678 ad
1250 3614 1491 3701 neglegentiam
1514 3617 1677 3702 pertinere
1702 3616 1917 3698 sacerdotum,
1935 3617 2040 3704 quiid
2057 3616 2205 3682 sollerter

548 3718 670 3784 debent
693 3718 897 3800 adnuntiare,
922 3734 954 3784 et
985 3719 1026 3784 ad
1054 3720 1239 3785 auditorum
1269 3722 1439 3804 incuriam,
1476 3723 1532 3809 qui
1566 3722 1628 3787 hoc
1663 3734 1696 3787 et
1730 3722 1920 3809 intellegere
1957 3736 1989 3788 et
2023 3723 2203 3811 adimplere

548 3825 798 3913 parvipendunt,
822 3825 903 3890 nulli
927 3826 1062 3892 dubium
1085 3839 1143 3892 est.
2222 3854 2250 3893 so

656 3949 759 4036 Cap.
791 3951 834 4016 X.
882 3951 1030 4032 Quid¹
1061 3954 1124 4017 sit
1158 3951 1510 4018 abrenuntiare
1542 3952 1759 4036 diabolo,
1795 3954 2011 4041 operibns
2035 3956 2131 4020 eius
2162 3968 2204 4020 et

548 4059 731 4144 pompis
763 4059 876 4124 eius.
917 4058 1009 4123 Sicut
1032 4059 1228 4124 studendum
1252 4069 1301 4124 est
1324 4059 1558 4142 sacerdotibus,
1582 4072 1619 4125 ut
1641 4062 1806 4126 auditores
1830 4064 1880 4126 sui
1903 4064 2094 4149 mysterium
2117 4064 2202 4128 sacri

548 4162 752 4251 baptismatis
776 4164 958 4251 intelligant
981 4177 1014 4229 et
1037 4165 1110 4230 Deo
1134 4189 1231 4253 opem
1259 4167 1384 4231 ferente
1410 4166 1563 4253 operibus
1590 4167 1783 4254 compleant,
1814 4171 1860 4233 ita
1888 4168 2099 4234 nibilominus
2129 4193 2201 4257 pro·

549 4293 664 4335 curare
688 4270 819 4353 debent,
843 4283 880 4336 ut
903 4269 1211 4355 abrenuntiationes,
1245 4294 1326 4359 quas
1354 4274 1389 4336 in
1419 4272 1586 4339 diabolum
1616 4297 1738 4361 suaque
1770 4297 1870 4362 opera
1900 4276 2035 4363 eiusque
2065 4299 2202 4364 pompas

551 4377 710 4459 fecerunt,
743 4376 937 4464 intelligant,
969 4389 1002 4442 et
1025 4378 1075 4442 his
1099 4378 1283 4462 intellectis,
1314 4401 1356 4443 ne
1380 4379 1423 4444 ad
1447 4403 1502 4444 eas
1535 4380 1642 4445 denuo
1672 4381 1817 4464 redeant,
1853 4382 1990 4447 sollicite
2020 4383 2200 4470 invigilent.
2222 4405 2248 4446 as

549 4481 678 4563 Quibus
703 4486 800 4548 etiam
824 4484 1040 4550 ammonendo
1065 4488 1195 4571 saepius
1218 4485 1450 4551 inculcandum
1474 4498 1532 4569 est,
1556 4510 1597 4552 ne
1621 4488 1698 4575 iugo
1722 4501 1866 4572 satanae,
1898 4488 1985 4576 quod
2008 4492 2201 4573 reiecerrmt,

549 4590 685 4676 eiusque
710 4590 931 4674 dominationi,
956 4615 1055 4679 quam
1079 4593 1243 4679 aspamati
1274 4604 1358 4675 sunt,
1390 4593 1618 4681 quoquomodo
1650 4593 1874 4659 succumbant.
1927 4595 2050 4683 Magna
2080 4599 2200 4685 quippe

548 4719 591 4762 ex
614 4709 705 4784 parte
730 4695 951 4763 Christianum
974 4699 1074 4764 decus
1099 4699 1237 4781 vilescit,
1262 4698 1393 4785 quando
1417 4702 1523 4764 renati
1546 4702 1580 4764 in
1597 4699 1727 4766 Christo
1744 4723 1793 4783 ea,
1814 4702 1932 4788 quibus
1949 4703 1983 4766 in
2005 4701 2200 4791 baptismate

548 4805 825 4884 renuntiaverunt,
850 4828 912 4870 nec
936 4805 1126 4891 intellegere
1151 4817 1269 4871 curant
1288 4827 1349 4870 nec
1374 4804 1415 4870 ab
1440 4805 1490 4870 bis
1514 4829 1560 4887 se,
1585 4818 1621 4872 ut
1637 4806 1765 4872 Christo
1781 4808 1918 4895 polliciti
1934 4822 2019 4892 sunt,
2036 4810 2200 4876 abstinere

547 4921 710 4995 satagunt.
762 4910 855 4990 Quae
886 4912 914 4975 si
944 4911 1192 4994 intellexissent,
1223 4911 1337 5000 procul
1372 4911 1471 4979 dubio
1507 4913 1683 4980 adiuvante
1708 4914 1828 4980 Christi
1862 4917 1969 5002 gratia
2003 4939 2038 4982 se
2073 4917 2116 4982 ab
2151 4918 2200 4983 his
2220 4940 2248 4979 so

500 5035 502 5042 ·
547 5015 735 5102 vigilantius
759 5017 985 5082 custodissent.
1025 5019 1120 5083 Unde
1144 5042 1280 5084 neeesse
1305 5032 1363 5104 est,
1388 5031 1423 5086 ut
1445 5021 1690 5107 praedicatores
1706 5024 1740 5087 in
1756 5023 1972 5089 ammonendo
1989 5035 2022 5089 et
2037 5023 2201 5089 auditores

547 5123 580 5185 in
605 5121 762 5188 discendo
787 5135 819 5188 et
842 5146 940 5211 opere
965 5124 1157 5212 complendo
1181 5126 1311 5210 abhinc,
1335 5139 1372 5192 ut
1394 5151 1488 5192 suum
1511 5151 1629 5193 cavere
1653 5128 1835 5215 perieulum
1858 5131 1993 5217 possint,
2017 5132 2121 5196 maius
2145 5131 2201 5197 ad·

547 5227 683 5294 hibeant
705 5230 858 5299 studium.
911 5229 1154 5298 Abrenuntiare
1185 5235 1285 5319 igitur
1314 5232 1443 5299 diabolo
1472 5247 1539 5300 est:
1570 5237 1699 5322 penitus
1731 5259 1806 5302 eum
1835 5260 2000 5324 respuere,
2035 5261 2199 5325 spernere,

550 5337 675 5400 reicere
699 5337 795 5423 eique
819 5337 1043 5403 contradicere
1068 5361 1167 5427 seque
1192 5351 1225 5404 et
1254 5363 1518 5428 unumquemque
1550 5340 1592 5406 ab
1628 5365 1667 5408 eo
1703 5343 1846 5409 alienare
1881 5345 1951 5409 sive
1986 5344 2076 5409 aliud
2111 5344 2200 5432 quid,

654 5537 749 5588 VIIII.
779 5538 891 5590 iredat
911 5540 938 5590 P.
1011 5535 1211 5605 ischismatis]
1230 5541 1413 5592 schismaticis
1433 5541 1464 5593 P.
1539 5546 1572 5594 10
1591 5542 1790 5595 cummsculsts
1810 5544 1837 5593 V.
1910 5548 1940 5596 11
1961 5540 2023 5608 hac]
2043 5545 2096 5597 scil.
2116 5545 2200 5612 lepus.
2219 5562 2247 5601 ss

549 5626 580 5676 lt
601 5627 765 5678 reaccedsut
785 5628 812 5677 Γ.
887 5631 919 5679 18
938 5630 1109 5680 babtismatis
1128 5629 1158 5679 P.
1232 5631 1265 5681 29
1285 5629 1441 5697 intelligere
1458 5630 1500 5683 iric
1516 5640 1540 5682 et
1557 5631 1630 5698 infre
1648 5632 1680 5684 P.

588 5749 590 5756 .
654 5715 687 5766 X.
715 5717 747 5765 31
773 5710 842 5778 eius]
864 5718 903 5767 eis
923 5716 954 5768 Ρ.
1039 5719 1073 5769 33
1099 5717 1291 5770 nichilominus
1310 5719 1342 5770 P.
1427 5721 1461 5771 30
1487 5721 1697 5787 regenerantis.
1781 5724 1816 5772 44
1841 5716 1879 5786 st]
1899 5723 1936 5774 ita
1954 5722 2019 5785 aaa,
2038 5722 2104 5774 deest
2122 5724 2149 5774 V.
2169 5723 2201 5775 P.

658 5896 686 5964 1)
712 5895 761 5968 Cf.
785 5915 845 5954 carn
869 5908 1035 5976 argumento
1059 5908 1085 5957 et
1108 5900 1229 5977 captato
1251 5901 1353 5960 relatio
1376 5901 1570 5978 episcoporum
1593 5922 1617 5960 c.
1635 5905 1676 5962 38
1682 5923 1693 5972 ,·
1717 5905 1735 5961 l.
1753 5905 1771 5961 l.
1796 5904 1836 5974 Π,
1854 5907 1904 5964 40.
