4884 6717
555 539 620 603 628
1024 543 1075 601 50.
1112 544 1331 602 CONCILIUII
1353 544 1581 602 PARISIENSE
1604 546 1641 601 Α.
1662 545 1736 602 829.

555 732 715 814 dieantur,
755 734 848 797 cuius
887 733 1020 796 servitio
1058 733 1295 818 mancipantur.
1358 732 1432 812 Qua
1470 755 1547 818 ergo
1583 733 1780 814 temeritate,
1816 734 1914 798 immo
1947 737 2206 822 praesumptiosa

555 841 699 904 vanitate
735 838 870 925 quilibet
904 837 1124 925 praelatorum
1160 838 1269 904 dicere
1304 840 1498 925 praesumit:
1533 838 1594 903 Illa
1628 840 1837 925 congregatio
1872 862 1945 904 mea
1980 852 2029 905 est
2063 853 2118 905 aut
2152 842 2204 906 ille

555 944 738 1033 praesbiter
759 944 813 1010 vel
838 945 975 1011 clericus
998 967 1089 1009 meus
1114 956 1171 1026 est,
1197 968 1272 1010 cum
1294 968 1360 1009 non
1376 945 1461 1010 illius
1478 947 1529 1025 sit,
1547 945 1605 1010 sed
1624 945 1720 1028 illins,
1738 946 1790 1011 cui
1807 945 1934 1010 dicatus
1950 947 2023 1011 est?
2062 947 2204 1012 Proinde

556 1053 632 1140 quia
654 1052 758 1117 isdem
783 1052 912 1116 inolitus
935 1074 1013 1115 usus
1037 1050 1281 1116 ecclesiasticae
1304 1074 1370 1116 non
1394 1050 1570 1116 concordat
1597 1051 1738 1138 regulae,
1770 1054 1952 1139 corrigatur
1980 1076 2114 1118 necesse
2145 1067 2203 1119 est.

662 1153 771 1262 (lap.¹
801 1175 947 1239 XXIIII.
1006 1175 1063 1240 Ut
1099 1175 1315 1262 praelati
1356 1175 1598 1241 carnalem
1636 1177 2012 1264 spiritalemque
2051 1178 2237 1244 cibuma

555 1282 650 1348 sibi
690 1281 933 1347 subiectis
972 1281 1250 1367 impendere
1289 1281 1527 1346 studeant.
1589 1283 1672 1347 Sunt
1710 1283 1842 1369 quidam
1877 1284 2113 1370 praelatorum,
2149 1288 2204 1372 qui

555 1369 725 1476 utramque
749 1411 920 1471 annonam,
946 1387 1125 1474 spiritalem
1148 1388 1303 1453 videlieet
1326 1400 1358 1453 et
1381 1390 1555 1470 carnalem,
1573 1389 1635 1454 sibi
1651 1388 1806 1454 subiectis
1823 1400 1953 1455 strenue
1969 1390 2203 1457 administrant.

556 1496 638 1562 Sunt
661 1518 679 1560 e
703 1497 875 1576 contrario,
901 1495 987 1581 quod
1011 1494 1236 1560 emendatione
1261 1518 1341 1582 opus
1372 1494 1480 1579 habet,
1512 1497 1567 1582 qui
1598 1506 1748 1561 neutrum
1779 1495 1888 1560 cibum
1919 1496 2040 1561 utiliter
2070 1499 2117 1562 eis
2149 1499 2203 1563 ad-

555 1605 748 1668 ministrant.
796 1603 878 1666 Sunt
902 1603 1010 1683 etiam,
1035 1603 1090 1688 qui
1114 1602 1278 1666 carnalem
1302 1601 1411 1667 cibum
1435 1602 1634 1666 sufficienter
1657 1604 1704 1666 eis
1729 1602 1954 1667 administrant
1978 1614 2010 1668 et
2026 1605 2204 1691 spiritalem

555 1724 609 1774 aut
634 1711 774 1774 scienter
798 1710 844 1773 eis
869 1708 1062 1773 subtrahunt
1085 1718 1149 1790 aut,
1175 1710 1252 1795 qnia
1274 1710 1433 1790 nesciunt,
1457 1732 1522 1773 non
1544 1707 1798 1790 subministrant,
1816 1720 1987 1795 pascentes
2003 1710 2203 1776 solummodo
2224 1733 2250 1774 m

557 1840 688 1882 carnem
712 1817 776 1881 cito
801 1817 976 1902 perituram
1002 1815 1176 1902 cibumque
1199 1817 1359 1880 vermium
1382 1816 1525 1880 futurum
1550 1817 1796 1902 animarumque
1820 1815 1955 1881 salutem
1979 1818 2013 1880 in
2037 1829 2205 1883 aeternum

554 1925 754 1987 victurarum
776 1921 995 2008 neglegentes.
1043 1922 1117 1985 Non
1144 1923 1243 2008 igitur
1269 1934 1363 1986 erunt
1392 1922 1529 2008 praelati
1553 1922 1758 1987 excusabiles
1782 1934 1814 1986 et
1836 1924 1985 1987 inmunes
2009 1925 2204 2011 apericulis

555 2029 644 2117 apud
667 2029 854 2110 Dominum,
880 2030 932 2093 cui
955 2051 1013 2114 pro
1038 2027 1100 2092 sibi
1123 2031 1304 2093 commissis
1327 2030 1469 2093 rationes
1493 2040 1568 2093 sunt
1590 2029 1759 2110 reddituri,
1784 2031 1811 2092 si
1836 2031 1883 2093 eis
1914 2030 2057 2094 carnalia
2087 2031 2203 2095 soluni-

555 2137 651 2201 modo
676 2149 708 2199 et
730 2159 795 2199 non
827 2135 983 2221 spiritalia
1014 2134 1152 2199 fideliter
1184 2133 1510 2214 subministraverint,
1547 2159 1622 2200 curn
1656 2135 1696 2200 de
1731 2158 1830 2200 manu
1865 2159 1976 2201 eorum
2012 2139 2202 2222 sanguinem

556 2266 678 2324 eorum,
709 2244 736 2305 si
767 2243 932 2329 perierint,
964 2242 1005 2304 sit
1036 2252 1219 2322 exacturus,
1250 2252 1388 2306 testante
1411 2241 1586 2306 Ezechiele
1617 2242 1776 2329 propheta
1811 2254 1842 2307 et
1877 2245 2079 2329 expositione
2115 2242 2249 2309 beatius

554 2350 728 2435 Agustini¹
764 2371 861 2434 snper
896 2347 1009 2412 eodem
1043 2347 1203 2433 propheta
1237 2348 1409 2435 plurimum
1443 2348 1519 2413 huic
1554 2350 1602 2413 rei
1637 2348 1864 2436 adstipulante.
1924 2349 2066 2414 Grandis
2105 2374 2202 2438 porro

554 2457 686 2521 miseria
709 2478 873 2541 caecaque
897 2454 1067 2540 cupiditaS,
1092 2454 1168 2518 dum
1192 2454 1417 2519 huiuscemodi
1440 2454 1576 2541 praelati
1593 2456 1626 2518 in
1642 2455 1722 2520 locis
1739 2455 1802 2519 sibi
1819 2455 1974 2521 subiectis
1991 2457 2203 2544 cupiditatem

555 2586 647 2628 suarn
670 2564 777 2649 potius
802 2561 933 2648 explere
958 2583 1055 2647 quarn
1079 2562 1261 2625 animarum
1284 2584 1414 2625 suarum
1438 2561 1618 2647 periculum
1642 2562 1841 2626 contendunt
1863 2565 1976 2627 vitare.

662 2686 882 2773 CapXXV.
919 2685 2202 2772 Utepiscopinonrapaces,sedavaritiamodientes

555 2798 661 2859 vice
686 2817 765 2857 sua
788 2794 1040 2856 ministros
1065 2814 1146 2878 per
1168 2791 1457 2877 parrochias
1485 2815 1593 2856 suas
1618 2794 1935 2858 constituant.
1981 2794 2077 2858 Non²
2100 2794 2202 2858 solum
2221 2820 2249 2860 ao

555 2924 694 2982 rumore,
719 2900 777 2964 sed
801 2901 898 2963 etiam
923 2897 1127 2963 evidentibus
1151 2899 1246 2962 factis
1271 2899 1475 2985 conperimus
1500 2899 1701 2984 quorundam
1718 2901 1944 2986 episcoporum
1960 2901 2122 2965 ministros
2139 2925 2203 2964 non

555 3008 659 3073 solum
683 3009 716 3071 in
739 3005 949 3093 presbyteris,
973 3004 1152 3069 sedetiam
1176 3007 1210 3068 in
1233 3003 1385 3090 plebibus
1409 3005 1620 3092 parroechiae
1644 3028 1721 3070 suae
1738 3007 1907 3070 avaritiam
1925 3009 2031 3094 potius
2048 3030 2203 3071 exercere

556 3139 651 3201 quam
686 3113 818 3178 utilitati
853 3110 1096 3176 ecclesiastieae
1130 3110 1295 3197 dignitatis
1330 3113 1488 3176 inservire
1522 3111 1697 3199 populique
1733 3111 1827 3176 saluti
1863 3112 2042 3179 consulere.
2097 3114 2202 3194 Quam

556 3221 804 3306 neglegentiam,
835 3220 933 3282 immo
965 3216 1149 3282 execrabile
1181 3240 1219 3282 ac
1251 3217 1434 3282 damnabile
1465 3219 1651 3305 cupiditatis
1682 3220 1796 3282 vitium
1827 3242 1938 3283 omnes
1969 3222 2002 3283 in
2033 3243 2202 3284 commune

557 3329 712 3414 deinceps
735 3325 904 3390 vitandum
928 3326 1105 3388 statuimus,
1159 3324 1425 3389 Pertimescenda
1454 3348 1550 3411 porro
1582 3337 1614 3388 et
1637 3325 1811 3411 vigilanter
1841 3325 1989 3390 cavenda
2019 3339 2068 3390 est
2099 3350 2203 3391 sacer·
2222 3351 2249 3391 aa

557 3435 685 3500 dotibus
709 3433 844 3497 Domini
867 3431 943 3496 Heli
967 3430 1145 3495 sacerdotis
1168 3432 1273 3511 ruina,
1298 3433 1354 3517 qui
1376 3430 1461 3496 tilios
1486 3454 1560 3495 suos
1584 3431 1717 3517 indigne
1742 3445 1875 3518 agentes
1899 3433 2142 3520 Dominumque
2171 3436 2203 3497 in

525 3586 530 3597 ·
558 3544 623 3606 suis
649 3542 757 3627 pravis
781 3537 908 3603 actibus
932 3537 974 3601 ad
998 3537 1200 3601 iracundiam
1216 3549 1431 3624 provocantes
1449 3538 1672 3624 sacrificioque
1689 3538 1823 3602 Domini
1843 3541 1995 3604 iniuriam
2017 3541 2203 3625 inrogantes

557 3650 634 3735 quia
664 3645 773 3710 verbis
808 3657 932 3709 tanturn
963 3656 995 3707 et
1028 3667 1093 3707 non
1123 3642 1316 3708 verberibus
1351 3646 1521 3731 corripuit,
1558 3667 1631 3708 cum
1666 3646 1713 3709 eis
1751 3645 1863 3708 divina
1897 3647 2045 3731 iustaque
2081 3645 2203 3710 ultione

556 3754 724 3819 ruentibus
748 3756 821 3819 ruit.
861 3753 905 3815 At
928 3753 956 3814 si
979 3752 1071 3830 forte,
1096 3750 1183 3835 quod
1207 3749 1301 3830 absit,
1324 3751 1407 3815 ullus
1432 3753 1657 3838 episcoporum
1675 3750 1830 3837 deinceps
1854 3765 2029 3817 sectatores
2047 3754 2202 3817 avaritiae

556 3863 719 3926 ministros
754 3862 787 3924 in
819 3858 1009 3946 parroechia
1044 3880 1103 3920 sua
1138 3857 1340 3922 constituerit
1373 3868 1405 3921 et
1439 3880 1550 3921 eorum
1586 3859 1749 3942 cognitam
1783 3861 1976 3944 pravitatem
2012 3861 2203 3923 auctoritate
2222 3884 2250 3924 oo

555 3967 711 4056 pastorali
734 3969 852 4030 acriter
875 3966 971 4028 ferire
996 3963 1237 4044 detractaverit,
1262 3965 1446 4050 exemplum
1477 3964 1680 4049 neglegentis
1703 3964 1780 4028 Heli
1811 3965 1988 4029 sacerdotis
2020 3967 2138 4030 imitari
2168 3989 2202 4029 se

557 4087 733 4161 cognoscat
764 4074 920 4157 sciatque,
964 4071 1040 4155 quia
1080 4070 1235 4156 quicquid
1269 4072 1438 4156 pravitatis
1468 4071 1521 4134 vel
1556 4072 1712 4135 avaritiae
1748 4072 1971 4136 huiuscemodi
2001 4071 2140 4136 subiecti
2169 4074 2203 4136 iu

557 4181 707 4270 plebibus
739 4179 860 4244 Christi
890 4179 1025 4262 egerint,
1058 4178 1084 4240 si
1115 4199 1171 4239 eos
1202 4177 1365 4261 corrigere
1396 4178 1488 4241 iuxta
1518 4177 1595 4241 facti
1626 4177 1813 4263 qualitatem
1845 4179 2035 4264 neglexerit,
2066 4181 2100 4243 in
2130 4202 2202 4243 eum

556 4288 667 4377 procul
692 4285 800 4366 dubio,
825 4309 845 4349 a
869 4307 932 4371 quo
957 4284 1122 4346 constituti
1145 4295 1230 4362 sunt,
1261 4305 1309 4363 ea,
1341 4306 1424 4370 quae
1449 4284 1646 4366 admiserint,
1678 4283 1916 4366 redundabunt,
1941 4297 1973 4349 et
1997 4308 2030 4349 se
2055 4285 2202 4372 synodali

557 4395 750 4481 correptioni
774 4392 878 4457 modis
903 4390 1052 4454 omnibus
1083 4387 1328 4453 subiacendum.
1375 4390 1459 4454 Num
1483 4392 1570 4454 etin
1595 4393 1758 4454 communi
1782 4414 1941 4455 consensu
1965 4394 2145 4474 statuimus,
2168 4403 2203 4457 ut
2221 4416 2249 4456 ss

555 4503 777 4589 unusquisque
802 4500 1027 4584 episcoporum
1058 4518 1155 4581 super
1185 4495 1422 4560 archidiaconis
1454 4498 1520 4560 suis
1550 4497 1705 4584 deinceps
1735 4498 1974 4584 vigilantiorem
2006 4522 2118 4564 carram
2147 4499 2202 4563 ad-

556 4609 676 4688 hibeat,
702 4607 853 4693 quoniam
877 4617 1010 4690 propter
1034 4624 1143 4665 eorum
1168 4603 1338 4666 avaritiam
1362 4615 1394 4666 et
1419 4626 1542 4667 morum
1567 4604 1795 4690 inprobitatem
1819 4605 1912 4670 inulti
1942 4605 2204 4670 scandalizantur

556 4728 588 4782 et
611 4715 823 4781 ministerium
847 4708 1047 4774 sacerdotale
1071 4709 1274 4793 vituperatur
1297 4710 1386 4772 etin
1409 4710 1556 4774 ecclesiis
1580 4734 1600 4775 a
1623 4712 1845 4778 sacerdotibus
1869 4713 1969 4776 multa
1992 4724 2125 4798 propter
2147 4736 2202 4776 cos

553 4823 778 4909 negleguntur.

663 4945 766 5030 Cap.
806 4941 932 5008 XXVI.
1003 4939 1124 5019 Quid
1170 4938 1575 5005 dehonorationis
1622 4953 1665 5007 et
1711 4942 1995 5008 detrimenti
2042 4942 2250 5008 eccle-ro

555 5054 763 5118 siastica
801 5052 905 5114 iura
943 5047 1201 5134 patiuntur
1239 5069 1320 5133 pro
1360 5070 1429 5128 ec,
1470 5048 1589 5134 quod
1628 5049 1883 5114 secundum
1923 5052 2202 5114 canonicam

661 5236 766 5285 XXIII.
795 5231 1006 5298 2praesummit
1024 5229 1050 5278 l'.
1072 5228 1101 5277 P.

660 5324 782 5375 XXIIII.
812 5322 984 5371 tlsubieetus
1004 5318 1031 5367 l'.
1106 5319 1134 5366 ll
1156 5317 1274 5366 suturam
1295 5317 1321 5366 l'.
1339 5318 1368 5366 P.
1445 5321 1476 5369 12
1495 5321 1627 5370 victuram
1647 5322 1677 5371 P.
1753 5323 1784 5372 17
1805 5316 1947 5386 cupiditas]
1964 5323 2067 5387 rtrpple:
2087 5331 2136 5372 cst.

661 5415 744 5464 XXV.
773 5415 807 5463 20
827 5427 901 5460 suum
921 5409 948 5457 Γ.
1039 5408 1072 5455 26
1091 5406 1286 5470 Dominumqui
1306 5406 1333 5466 Γ,
1362 5407 1580 5472 Dorninnmquae
1602 5408 1631 5458 P.
1717 5412 1751 5460 28
1771 5427 1832 5460 curn
1851 5411 1917 5460 theat
1935 5411 1961 5459 Γ.
1983 5410 2012 5459 Ρ.
2102 5413 2135 5460 33
2155 5428 2201 5461 nc·

555 5506 688 5573 glexerint
713 5503 740 5553 l'.
822 5503 855 5550 34
883 5498 1045 5548 redunbabit
1071 5495 1097 5544 Γ.
1117 5493 1148 5545 Ρ.
1228 5511 1256 5544 se
1279 5495 1345 5544 ‹leest
1370 5495 1447 5546 111².
1529 5501 1562 5546 35
1589 5501 1761 5564 correpti0ne
1788 5499 1813 5549 l'.
1834 5499 1859 5549 P
1881 5508 1905 5549 et
1923 5500 1966 5548 rel.
1985 5499 2074 5564 epira:
2098 5501 2201 5564 supple,-
2218 5519 2248 5557 μ,

556 5601 706 5660 cognoscat
726 5591 758 5653 (r.
779 5591 796 5640 l.
809 5587 863 5648 32).

661 5682 759 5730 XXVI.
788 5683 822 5728 40
842 5674 1103 5728 dehonoratIonibus
1123 5670 1153 5720 P.

656 5847 684 5912 1)
700 5845 748 5916 (J.
763 5841 941 5917 ilrrpastiaus,
956 5839 1054 5895 Sermo
1066 5839 1107 5893 46
1119 5835 1153 5891 de
1159 5834 1323 5908 pastoribus
1333 5829 1357 5913 ,ξ
1366 5841 1407 5896 :20
1414 5861 1474 5916 sqq.
1481 5862 1491 5908 ,·
1506 5839 1578 5915 opp.
1594 5840 1704 5910 12235.
1728 5840 1759 5896 V.
1774 5840 1854 5896 etium
1867 5807 1957 5916 supra
1966 5860 1997 5915 p·
2008 5843 2115 5916 loa'sq.
2127 5843 2199 5900 Ita.

556 5955 586 6010 2]
612 5952 660 6025 Qf.
678 5951 777 6008 relatio
794 5948 983 6023 episcoporum
1008 5965 1030 6000 c.
1048 5949 1101 6018 lt),
1125 5952 1142 6005 I.
1160 5953 1179 6010 l,
1196 5938 1236 6008 II,
1254 5945 1293 6001 32
1304 5964 1346 6020 sq.
1385 5944 1489 6004 Concil.
1506 5947 1812 6023 Aquispraneasetldb'
1828 5949 1903 6003 deca
1929 5967 1991 6022 culs.
2009 5947 2044 6002 II
2054 5946 2082 6003 B
2105 5967 2128 6002 c.
2148 5951 2200 6006 28.
