4884 6717
611 519 677 582 508
1024 480 1033 499 ⁸
1081 524 1133 581 ιι.
1170 524 1389 582 coaenrmr
1411 525 1639 582 psmsmuss
1663 526 1699 582 ι.
1720 525 1795 582 aas.

717 711 762 776 Et
784 721 857 798 post
881 710 1044 798 quaedam
1067 712 1260 798 interposita
1281 712 1403 798 inquit:
1434 717 1595 794 Imagines¹
1620 723 1704 790 enim,
1737 741 1806 794 quas
1836 723 1918 777 nobis
1949 723 2001 776 tibi
2024 722 2189 794 dirigendas
2211 741 2271 793 per

611 829 767 884 Dulcitium
790 829 938 884 diaconem
961 834 1041 882 tuum
1063 828 1179 899 rogasti,
1211 829 1294 883 valde
1325 829 1406 883 nobis
1435 837 1487 883 tua
1509 829 1663 900 postulatio
1686 830 1804 900 placuit,
1837 830 1903 900 qnia
1932 828 2010 882 illum
2041 830 2070 882 in
2093 829 2179 883 corde
2203 835 2271 884 tota

610 936 769 991 intentione
800 936 924 1006 quaeris,
953 935 1032 988 cuius
1062 934 1212 1006 imaginem
1242 953 1311 1005 prae
1341 935 1429 990 oeulis
1457 935 1562 991 habere
1594 937 1753 1003 desideras,
1782 945 1814 990 nt
1844 937 1913 991 visio
1940 936 2091 1006 corporalis
2120 935 2269 989 cotidiana

609 1059 725 1113 semper
746 1042 849 1097 reddat
873 1049 1012 1110 exortum,
1035 1048 1078 1108 ut,
1106 1042 1172 1095 dum
1195 1043 1335 1112 picturam
1357 1042 1447 1108 vides,
1479 1042 1514 1096 ad
1538 1042 1616 1096 illurn
1639 1044 1731 1097 animo
1754 1043 1925 1110 inardescas,
1957 1043 2036 1096 cuius
2060 1049 2089 1096 te
2113 1042 2268 1112 imaginem

609 1150 707 1205 ridere
732 1148 903 1203 consideras.
950 1148 997 1202 Ab
1020 1165 1051 1203 re
1074 1166 1131 1202 non
1153 1147 1281 1214 facimus,
1313 1149 1336 1201 si
1360 1167 1412 1220 per
1435 1148 1556 1203 risibilia
1578 1149 1735 1203 visibilibus
1758 1149 1909 1204 invisibilia
1938 1150 2171 1203 demonstramus.
2217 1148 2302 1206 Sicu

609 1256 702 1323 homo,
727 1256 775 1326 qui
799 1255 884 1309 aliurn
908 1257 1043 1310 ardenter
1065 1255 1163 1310 videre
1188 1255 1333 1310 desiderat
1357 1264 1407 1309 aut
1430 1273 1560 1326 sponsam
1584 1257 1702 1310 amando
1726 1256 1881 1322 desiderat,
1906 1273 1989 1327 qnam
2012 1256 2110 1310 videre
2135 1263 2266 1322 conatur,

609 1364 633 1418 si
657 1363 807 1433 contingit,
831 1369 863 1415 ut
886 1362 922 1416 ad
945 1361 1080 1416 balneum
1104 1363 1144 1417 ire
1168 1369 1217 1416 ant
1242 1362 1277 1416 ad
1302 1362 1451 1416 ecclesiam
1474 1363 1630 1433 procedere
1656 1362 1809 1428 existimet,
1832 1363 1904 1416 viam
1928 1363 2115 1417 tendentibus
2131 1381 2163 1417 se
2178 1380 2265 1432 prae·

609 1479 704 1541 paret,
727 1476 760 1523 ut
784 1469 820 1523 dc
844 1469 952 1524 visione
975 1467 1070 1523 hilaris
1093 1469 1221 1523 recedat.
1270 1468 1377 1522 Scimus
1393 1486 1539 1543 namque,
1574 1470 1641 1540 quia
1669 1475 1701 1522 tu
1732 1469 1881 1539 imaginem
1911 1468 2058 1522 salvatoris
2086 1469 2174 1522 nostri
2197 1470 2265 1524 ideo

609 1593 666 1631 non
689 1576 776 1646 petis,
801 1584 832 1629 ut
856 1576 938 1646 quasi
960 1575 1054 1630 Deum
1078 1575 1164 1641 colas,
1194 1576 1246 1628 sed
1270 1576 1305 1629 ob
1329 1576 1555 1629 recordationem
1577 1575 1628 1630 lilii
1651 1575 1707 1630 Dei
1730 1575 1758 1629 in
1784 1575 1844 1629 eius
1868 1592 1961 1629 amore
1984 1580 2153 1640 recalescas,
2183 1577 2266 1630 cuius

609 1689 640 1738 te
664 1683 814 1754 imaginem
838 1684 936 1736 videre
961 1681 1132 1737 consideras.
1175 1682 1214 1736 Et
1237 1701 1288 1737 nos
1311 1683 1425 1753 quidem
1449 1675 1527 1736 non*
1552 1682 1631 1752 quasi
1654 1691 1721 1736 ante
1746 1682 1923 1736 divinitatem
1946 1689 2014 1736 ante
2038 1682 2112 1753 ipsas
2135 1691 2263 1753 proster-
2292 1703 2317 1739 m

609 1791 711 1857 nimur,
734 1790 786 1843 sed
809 1789 888 1843 illum
911 1790 1069 1856 adoramus,
1101 1807 1186 1859 quem
1215 1807 1268 1860 per
1291 1789 1438 1860 imaginem
1462 1797 1512 1842 aut
1535 1795 1631 1842 natum
1656 1797 1704 1843 aut
1728 1806 1839 1859 passum
1863 1787 1908 1842 vel
1939 1789 1967 1842 in
1990 1788 2089 1842 throno
2112 1789 2264 1843 sedentem

610 1898 792 1952 recordamur
815 1903 855 1963 et,
887 1896 954 1949 dum
976 1912 1027 1949 nos
1050 1895 1113 1966 ipsa
1134 1896 1246 1966 pictura
1270 1896 1348 1966 quasi
1373 1895 1514 1966 scriptura
1536 1896 1572 1949 ad
1595 1896 1755 1950 memoriam
1771 1894 1858 1949 filium
1876 1895 1930 1949 Dei
1947 1897 2118 1962 reducimus,
2142 1897 2264 1950 animum

610 2010 736 2057 nostrum
760 2011 809 2056 aut
833 2004 869 2056 de
893 2002 1099 2056 resurrectione
1123 2001 1262 2057 laetificat
1285 2011 1333 2056 aut
1358 2003 1393 2057 de
1418 2003 1548 2073 passione
1574 2002 1706 2058 emulcet.
1742 2002 1870 2072 Ideoque
1894 2003 2045 2056 direximus
2067 2003 2119 2056 tibi
2143 2003 2264 2074 syrtaria

611 2112 678 2177 duo,
702 2110 851 2181 imaginem
874 2109 1032 2178 salvatoris,
1056 2118 1172 2163 sanctae
1197 2109 1252 2163 Dei
1276 2110 1431 2180 genetricis
1454 2109 1562 2164 Mariae
1587 2119 1617 2164 et
1640 2110 1787 2164 beatorum
1812 2108 2001 2179 apostolorum
2024 2109 2104 2164 Pet-ri
2128 2117 2159 2164 et
2181 2110 2263 2164 Pauli

610 2234 663 2287 per
692 2217 884 2287 supradictum
915 2215 1001 2270 tilium
1030 2225 1156 2270 nostrum
1180 2217 1325 2271 diaconem
1357 2223 1386 2270 et
1416 2234 1500 2270 unam
1523 2235 1636 2271 crucem
1666 2234 1727 2270 cum
1759 2216 1830 2270 clavi
1853 2233 1904 2286 pro
1928 2216 2140 2282 benedictione,
2172 2224 2203 2270 ut
2227 2217 2264 2270 ab
2289 2234 2315 2272 rs

611 2324 672 2394 ipso
696 2341 714 2377 a
735 2323 857 2394 maligno
882 2323 1017 2379 defensus
1040 2323 1088 2390 sis,
1113 2323 1192 2377 cuius
1215 2334 1311 2378 saneto
1335 2323 1410 2394 ligno
1434 2323 1571 2394 munitum
1596 2341 1658 2377 esse
1683 2332 1713 2376 te
1738 2323 1840 2388 eredis,
1866 2325 1899 2376 et
1922 2324 2041 2376 cetera.

718 2437 801 2501 Item
826 2436 978 2523 Gregorii
1001 2461 1118 2523 papae.
1162 2435 1341 2522 Gregorius
1366 2437 1518 2502 Ianuario
1542 2439 1713 2523 episcopo:
1744 2443 1926 2502 1u‹laci²de
1950 2448 2066 2501 civitate
2090 2455 2187 2502 vestra
2209 2448 2264 2503 hnc

610 2556 761 2610 venientes
785 2555 880 2625 questi
903 2555 983 2609 nobis
1007 2562 1083 2620 srrnt,
1108 2556 1183 2625 qnod
1207 2573 1379 2625 synagogam
1405 2573 1509 2618 eorum,
1536 2573 1609 2625 quac
1634 2553 1726 2608 Carali
1750 2555 1805 2608 sita
1829 2537 1891 2620 est,
1907 2554 2021 2620 Petrus,
2046 2555 2095 2624 qui
2116 2572 2150 2610 ex
2168 2573 2264 2609 eorum

610 2661 812 2732 superstitione
836 2662 872 2715 ad
897 2659 1074 2717 Christianae
1098 2661 1166 2715 fidei
1190 2662 1296 2715 cultum
1321 2661 1440 2715 Domino
1464 2666 1579 2715 volente
1603 2662 1758 2731 perductus
1783 2667 1837 2727 est,
1862 2660 1996 2714 adhibitis
2019 2660 2071 2713 sibi
2095 2661 2264 2731 quibusdam

610 2768 827 2838 indisciplinatis
850 2768 985 2837 sequenti
1009 2768 1054 2822 die
1079 2769 1210 2839 baptismi
1242 2769 1295 2834 sni,
1327 2769 1378 2823 boe
1410 2777 1454 2822 est
1478 2768 1618 2822 dominica
1647 2768 1709 2839 ipsa
1736 2767 1894 2822 festivitate
1926 2767 2061 2837 paschali,
2092 2785 2154 2821 eum
2185 2769 2264 2838 gravi
2286 2784 2315 2822 so

610 2874 744 2929 scandalo
768 2875 828 2929 sine
852 2883 949 2930 vestra
971 2876 1155 2946 occupaverit
1177 2876 1324 2929 voluntate
1349 2885 1436 2946 atque
1461 2876 1610 2946 imaginem
1638 2874 1694 2928 illic
1724 2875 1877 2944 genetricis
1901 2874 1956 2928 Dei
1980 2874 2151 2944 Dominique
2174 2876 2265 2929 nostri

611 2989 641 3036 et
660 2982 851 3037 venerandam
871 3000 983 3037 crucem
1002 2982 1048 3037 vel
1067 2983 1181 3054 barrum
1201 2983 1306 3048 album,
1332 3000 1387 3052 qno
1410 2982 1490 3036 fonte
1510 3000 1628 3052 surgens
1651 2981 1766 3035 indutus
1789 2980 1894 3047 luerat,
1918 2982 2071 3052 posuisset,
2095 2983 2128 3034 et
2143 2983 2263 3035 cetera.

716 3079 760 3142 El
782 3090 857 3165 post
879 3101 987 3165 pauca
1010 3080 1130 3165 inquit:
1164 3085 1410 3144 Considerantes3
1439 3090 1491 3142 hac
1523 3090 1559 3143 de
1584 3106 1615 3141 re
1638 3096 1752 3142 vestrae
1776 3088 1931 3142 voluntatis
1954 3089 2095 3142 intentum
2118 3106 2151 3142 ae
2175 3088 2264 3158 magis

609 3196 744 3250 iudicium
765 3195 809 3248 his
831 3195 976 3249 hortamur
999 3195 1141 3256 affatibus,
1166 3205 1198 3248 nt
1221 3196 1334 3250 sublata
1358 3196 1459 3250 ‹irinde
1484 3214 1549 3249 eum
1573 3214 1617 3262 ea,
1643 3213 1700 3266 qua
1723 3195 1837 3266 dignum
1862 3201 1917 3260 est,
1941 3196 2124 3250 veneratione
2141 3195 2263 3265 imagine

609 3310 697 3373 atque
722 3319 805 3356 cruce
830 3302 961 3356 debeatis
985 3303 1059 3373 quod
1084 3303 1224 3356 violenter
1247 3302 1372 3356 ablatum
1397 3312 1441 3357 est
1464 3303 1628 3369 reformare,
1654 3304 1686 3355 et
1709 3302 1829 3355 cetera.
2286 3316 2315 3356 ιδ

717 3416 822 3479 Iteml
847 3415 986 3502 epistola
1010 3415 1162 3502 Gregorii
1186 3439 1292 3502 papae
1317 3418 1358 3482 ad
1384 3415 1583 3480 Germanum
1608 3416 1824 3502 patriarcham
1852 3415 2262 3501 Constantinopolitanum:

611 3528 732 3597 Qualis5
757 3540 785 3586 et
810 3551 883 3604 qnae
908 3533 1007 3587 libatio
1030 3551 1123 3588 meum
1146 3533 1185 3587 sie
1210 3534 1263 3586 seit
1286 3532 1442 3589 laetificare
1466 3534 1587 3587 animum
1611 3535 1683 3587 sicut
1707 3534 1743 3587 de
1768 3542 1798 3588 te
1822 3533 1979 3587 venerabili
2009 3551 2112 3603 nempe
2143 3532 2207 3585 mihi
2232 3539 2263 3586 et

609 3657 697 3711 super
719 3639 864 3695 landabile
888 3657 991 3694 nomen
1015 3641 1190 3694 sanctissime
1215 3647 1245 3693 et
1270 3640 1333 3694 Deo
1357 3641 1481 3696 dilectae
1505 3639 1682 3712 gratificatae
1706 3640 1901 3708 nuntiationis,
1925 3641 1958 3693 et
1981 3641 2100 3694 cetera.

717 3736 847 3801 Deinde
869 3747 946 3822 post
969 3737 1131 3823 quaedam
1155 3738 1346 3822 interposita
1369 3737 1535 3801 adiunxit:
1560 3742 1623 3801 At⁰
1646 3747 1694 3800 ubi
1719 3748 1757 3801 sic
1782 3748 1901 3818 coepisti
1918 3746 2077 3801 conflictum
2093 3747 2167 3799 sient
2182 3746 2262 3799 Dens

609 3855 670 3925 ipse
695 3854 746 3908 tibi
768 3854 955 3908 monstravit?
1000 3854 1139 3908 Praeesse
1163 3855 1342 3925 praecipiens
1367 3855 1394 3907 in
1418 3862 1511 3908 castra
1535 3853 1639 3908 Christi
1665 3863 1694 3908 et
1725 3855 1803 3925 regni
1828 3854 1976 3924 gloriosum
2008 3863 2087 3907 certe
2111 3861 2142 3906 et
2165 3859 2260 3906 notum
2284 3865 2311 3904 so

608 3962 729 4032 signum,
753 3961 890 4015 vivificam
909 3962 972 4016 dico
992 3978 1114 4027 erucem,
1138 3979 1269 4031 magnum
1294 3962 1429 4015 adversus
1452 3970 1569 4015 mortem
1594 3962 1654 4016 eius
1678 3962 1878 4031 magnitudinis
1896 3960 2076 4031 triumphum.
2101 3960 2149 4013 nbi
2166 3960 2261 4013 mnndi

721 4185 746 4261 *)
770 4197 803 4247 Iu
821 4197 901 4247 codice
918 4205 1057 4263 sequuntur
1074 4196 1133 4247 besec
1151 4196 1233 4246 eodem
1251 4206 1390 4247 ancarano
1408 4199 1488 4248 &leta
1506 4197 1593 4248 rerba:
1616 4203 1749 4262 suscepta
1771 4201 1837 4245 sunt
1855 4199 1884 4246 et
1899 4192 1953 4246 hae
1971 4193 2107 4262 imagines
2123 4199 2260 4262 oportune

770 4300 970 4371 suscipiuntur,
995 4299 1126 4371 quoniam
1149 4302 1304 4354 seeundum
1321 4301 1413 4354 Deum
1429 4299 1500 4354 liunt
1523 4301 1599 4354 unde
1625 4307 1655 4354 ct
1678 4309 1842 4370 operantur,
1866 4300 1948 4352 aienti
1974 4308 2002 4353 et
2027 4316 2093 4352 arca
2116 4299 2144 4352 in
2167 4298 2260 4351 multis

769 4407 920 4461 miraculis.
958 4406 1029 4461 Nam
1054 4414 1084 4460 et
1107 4424 1193 4460 aurea
1217 4405 1369 4460 Cherubim
1394 4412 1424 4459 et
1447 4406 1517 4460 haee
1541 4407 1601 4460 sine
1626 4407 1718 4460 anima
1742 4414 1823 4460 erant
1847 4413 1876 4458 et
1900 4405 2061 4458 manufacta
2085 4413 2115 4460 et
2138 4405 2260 4474 sculpta,

769 4515 820 4567 sed
844 4513 919 4568 sicut
942 4513 1000 4567 illie
1023 4531 1076 4584 per
1099 4513 1148 4567 illa
1171 4515 1354 4583 operabatur,
1380 4513 1459 4567 Deus
1484 4520 1513 4567 et
1537 4512 1758 4583 glorificabatur,
1783 4513 1822 4566 ita
1839 4518 1869 4566 ct
1885 4530 1958 4565 nunc
1974 4512 2003 4565 in
2021 4512 2093 4578 istis,
2118 4512 2259 4582 quoniam.
2280 4530 2309 4570 ss

775 4616 845 4665 liade
864 4615 1011 4681 depronrpta
1029 4616 1087 4676 sirit,
1106 4624 1213 4665 statuere
1233 4633 1283 4665 ison
1299 4616 1378 4680 [ictui.

717 4831 749 4879 15
770 4829 849 4879 clavo
869 4829 900 4879 P.
976 4831 1008 4878 to
1027 4831 1064 4879 sis
1082 4829 1149 4878 <eeu
1167 4828 1198 4878 P.
1271 4837 1394 4878 sanetum
1415 4829 1515 4894 lignum
1535 4830 1565 4879 P.
1640 4831 1673 4879 22
1699 4831 1822 4894 posuisse
1843 4827 1873 4878 P.
1947 4828 1981 4878 24
2007 4828 2125 4890 imagine
2144 4827 2209 4876 deest
2227 4823 2259 4875 P.

607 4922 640 4970 25
661 4936 770 4969 crucem
789 4917 820 4969 P.
893 4921 926 4969 at
948 4917 1089 4969 laetificari
1109 4919 1140 4969 P.
1213 4921 1246 4969 29
1267 4919 1404 4968 conflictui
1425 4918 1454 4969 P.

718 5118 747 5188 1)
771 5119 803 5174 V.
826 5137 917 5193 aspra
935 5138 969 5193 p.
986 5121 1049 5176 489
1072 5119 1090 5173 l.
1109 5121 1125 5176 l
1137 5138 1199 5193 sqq.
1312 5116 1342 5186 2)
1366 5117 1397 5173 V.
1421 5137 1511 5192 supra
1529 5138 1562 5192 p.
1582 5121 1646 5176 488
1669 5119 1687 5172 l.
1706 5121 1744 5175 33
1756 5137 1816 5192 sqq.
1928 5115 1958 5182 3)
1983 5115 2014 5171 V.
2037 5134 2129 5189 supra
2146 5134 2180 5189 p.
2196 5117 2260 5172 488

607 5227 625 5281 l.
644 5231 755 5301 39qu.
826 5226 856 5295 4)
883 5223 1019 5301 Gregorii
1032 5224 1072 5280 II.
1097 5219 1293 5299 (715-731)
1318 5224 1434 5299 epistole
1458 5244 1535 5280 uarro
1559 5243 1582 5280 c.
1600 5227 1670 5283 729.
1695 5225 1736 5280 ad
1756 5222 1932 5280 Gerntmuuu
1950 5221 2152 5297 patriarchatu
2175 5220 2307 5279 crassato

606 5341 737 5388 serualur
754 5331 870 5389 Graeca
889 5332 987 5408 lingua
1006 5340 1140 5406 conceptu
1158 5331 1232 5387 iuter
1250 5340 1316 5387 ueta
1335 5330 1445 5387 concilii
1460 5329 1583 5386 silicerni
1598 5326 1638 5404 (a.
1657 5327 1741 5405 787)
1758 5339 1813 5386 art.
1831 5329 1884 5386 IV.
1893 5351 1903 5398 ,·
1929 5328 2028 5385 Mauri
2043 5327 2129 5398 XIII,
2147 5331 2188 5386 92
2197 5346 2258 5402 sqq.

607 5432 769 5511 (Juffe-E.
794 5458 822 5494 ιι.
840 5435 944 5515 2181).
992 5438 1060 5495 Sine
1082 5438 1164 5495 dubio
1186 5437 1375 5494 adhibuerunt
1395 5438 1545 5510 aprrodules
1561 5437 1738 5494 Parisienses
1761 5436 1914 5493 versionem
1937 5435 2015 5491 illam
2033 5442 2160 5492 actorum
2177 5453 2261 5507 spuo·

607 5543 712 5599 dulium
733 5545 839 5602 circadis
857 5545 1083 5616 refertissimus,
1108 5546 1142 5600 de
1160 5565 1218 5620 qua
1238 5545 1279 5616 es.
1299 5545 1336 5600 K.
1354 5545 1475 5619 Ilumpc,
1501 5543 1604 5601 ‘Neues
1623 5544 1737 5601 Arelliu’
1755 5542 1839 5612 XXI,
1857 5547 1899 5600 86
1910 5561 1972 5617 sqq.
1979 5564 1990 5611 ,·
2013 5561 2104 5617 palare
2127 5561 2163 5598 ea·
2185 5548 2262 5597 tesbi

609 5647 723 5707 Graeco
744 5651 866 5727 perreriae
890 5672 1010 5720 errores,
1039 5651 1136 5727 quibus
1158 5670 1256 5708 seueras
1279 5669 1450 5727 rrzaprroperc
1473 5649 1592 5720 laborat,
1625 5651 1768 5726 corripere
1790 5669 1901 5707 necesse
1923 5657 1971 5706 est.
2017 5649 2117 5705 Altera
2141 5647 2262 5703 eiusdm

607 5755 740 5830 epistolae
759 5759 857 5828 versio,
876 5758 912 5814 ab
929 5759 1082 5815 Arrastcm'o
1101 5757 1307 5814 bibliothecario
1325 5777 1399 5814 suec.
1419 5756 1474 5813 IX.
1495 5778 1539 5814 ec.
1560 5759 1691 5829 confecta
1711 5751 1827 5833 (Mauri
1842 5755 1928 5826 XIII,
1946 5759 1983 5828 91
1994 5775 2067 5831 sqq,
2087 5755 2128 5825 cf.
2145 5753 2262 5824 Bessis,
2283 5775 2310 5813 ss

606 5862 624 5917 l.
649 5865 667 5919 l.
692 5862 748 5934 ΙΙΙ,
773 5859 858 5938 486),
884 5865 934 5921 doe
957 5865 1015 5920 loeo
1039 5864 1141 5920 tretilius
1165 5872 1206 5920 est
1228 5865 1364 5920 vrrovneuti.
1457 5863 1488 5934 5)
1516 5864 1614 5921 blansi
1636 5865 1721 5934 XIII,
1748 5869 1796 5923 92.
1890 5863 1920 5932 6)
1945 5862 2020 5919 Ibid.
2045 5861 2131 5932 XIII,
2157 5865 2206 5920 93.
