4884 6717
542 509 607 572 660
1014 511 1066 567 50.
1102 510 1321 569 CONCILIUM
1344 509 1570 567 PARISIENSE
1594 511 1631 566 Α.
1653 508 1729 565 829.

365 722 524 770 ursmari.
542 711 710 782 testantur,
734 711 767 764 et
782 698 942 763 Dominus
966 698 1000 761 in
1017 696 1188 783 evangelio
1212 696 1366 762 admonet
1385 696 1514 763 dicens:
1537 698 1675 763 Reddite
1698 722 1778 783 quae
1801 711 1873 761 sunt
1891 695 2040 761 Caesaris
2062 695 2198 760 Caesari

406 809 523 905 ¹·,¹;·⁶¹,',··²v
543 823 572 872 et
593 833 673 893 quae
695 821 767 872 sunt
780 806 849 869 Dei
861 806 938 870 Deo.
975 804 1092 868 Petrus
1108 825 1238 890 quoque
1262 805 1323 868 ait:
1349 805 1491 870 Stobiecti
1511 819 1600 868 estote
1624 807 1712 868 omni
1733 806 1887 868 humanae
1903 817 2043 868 creature
2061 817 2195 889 propoer

424 934 522 984 man.
544 914 646 978 Deum
673 916 739 978 sive
768 915 840 1001 reqi
860 914 957 998 quasi
973 912 1188 998 praerdleoti,
1213 921 1246 973 et
1268 933 1333 974 non
1357 920 1430 997 post
1446 911 1562 974 multa:
1595 911 1696 974 Deum
1721 914 1832 990 timete,
1857 935 1956 997 repom
1980 910 2192 996 honorificate.

391 1048 521 1096 semmai.
542 1019 664 1083 Paulus
694 1020 793 1083 etiam
822 1017 987 1103 apostolus
1017 1018 1051 1080 in
1081 1015 1115 1079 id
1145 1017 1251 1101 ipsum
1282 1016 1483 1082 concordans
1514 1018 1575 1081 ait:
1615 1021 1725 1082 Omnis
1753 1020 1862 1082 animo
1890 1017 2093 1103 potestatibus
2122 1017 2192 1080 sub-

543 1127 723 1192 limioribus
745 1126 871 1190 subdita
894 1127 954 1202 sit,
985 1148 1043 1188 non
1069 1138 1112 1187 est
1134 1127 1216 1187 euim
1236 1138 1374 1210 potestas
1398 1128 1465 1189 rarsi
1485 1151 1505 1189 a
1528 1125 1597 1190 Deo
1605 1150 1615 1206 ,·
1645 1150 1725 1210 quae
1751 1139 1852 1188 arsam
1876 1138 1948 1187 sunt
1969 1149 1988 1186 a
2013 1122 2081 1186 Deo
2105 1122 2224 1186 ordi-s

544 1247 713 1297 recursant.
747 1233 858 1317 Itaque
874 1234 934 1317 qui
951 1233 1067 1295 restittit
1086 1233 1243 1316 potestati,
1267 1231 1334 1294 Ilei
1347 1232 1547 1296 ordinationi
1560 1234 1679 1295 resistit
1693 1240 1725 1294 et
1741 1241 1861 1310 cetera,
1885 1250 1969 1316 quae
1986 1227 2027 1292 de
2044 1227 2192 1292 huiusce-

543 1338 630 1403 modi
655 1349 814 1425 potestate
846 1337 1043 1423 spostolicus
1074 1358 1179 1399 senno
1211 1335 1308 1400 latius
1339 1338 1539 1423 exsequitur.
1586 1336 1677 1401 Idem
1708 1338 1806 1401 etiam
1830 1334 1977 1400 scribens
2000 1335 2044 1399 ad
2067 1335 2192 1399 Titum:

543 1445 686 1510 Admone
718 1447 790 1509 illos
818 1446 1026 1531 principibus
1060 1458 1087 1506 et
1110 1445 1321 1530 potestatibus.
1348 1445 1488 1509 subditos
1523 1469 1602 1524 ease,
1638 1446 1713 1521 item
1750 1442 1793 1506 ad
1824 1442 2045 1524 Timotheum,
2081 1443 2194 1528 quanti

543 1549 666 1638 pendat
690 1574 832 1632 causam,
857 1552 955 1614 immo
980 1549 1116 1614 salutem
1133 1551 1231 1636 regis,
1255 1548 1455 1615 demonstrat
1470 1551 1516 1614 ita
1532 1548 1721 1615 scribendo:
1750 1552 1893 1629 trassero,
1918 1549 2031 1634 inquit,
2049 1552 2192 1636 primum

491 1661 497 1671 ’
544 1661 681 1722 omnium
698 1661 780 1744 fieri
801 1660 1037 1736 obsecrationes,
1061 1661 1228 1736 orationes,
1244 1659 1484 1742 postulationes,
1505 1659 1683 1744 pretiorum
1703 1659 1840 1721 actiones
1857 1681 1921 1742 pro
1938 1657 2080 1720 omatibus
2095 1656 2193 1720 torni-
2213 1679 2240 1718 ro

545 1765 647 1844 nibem,
664 1789 728 1851 pro
752 1766 877 1850 rapidus
901 1778 929 1826 ct
951 1766 1103 1842 omuibus,
1134 1765 1194 1849 qui
1222 1767 1253 1827 r‘n
1278 1764 1468 1828 serblimitate
1490 1778 1570 1844 suist,
1603 1779 1635 1828 ut
1657 1766 1793 1849 quietam
1817 1777 1846 1826 et
1867 1763 2072 1848 tranquillam
2099 1766 2192 1826 citam

544 1897 686 1957 apertius,
713 1875 744 1933 io
769 1875 858 1933 ornari
875 1875 991 1957 pr'etate
1014 1886 1042 1933 et
1064 1873 1213 1934 castitate.
1261 1870 1332 1933 Hoc
1355 1873 1437 1935 enim
1461 1872 1572 1934 bonum
1597 1885 1642 1934 eat
1664 1885 1692 1934 et
1720 1883 1879 1955 occeptum
1909 1894 2015 1932 eoram
2037 1870 2195 1933 calcatore

545 1991 648 2041 riostro
673 1977 740 2040 Deo
765 1986 797 2040 et
821 1986 939 2040 cetera.
987 1975 1022 2039 si
1047 1977 1134 2039 enim
1158 1976 1344 2039 Hieremias
1367 1975 1525 2062 propheta
1550 1975 1614 2039 Dei
1638 1999 1697 2061 pro
1721 1976 1789 2039 vita
1813 1973 1950 2040 idolatre
1974 1975 2060 2059 regis
2083 1973 2194 2039 Nabu-

465 2088 498 2108 ’‘
545 2081 749 2147 chodonosor
772 2105 865 2146 orare
889 2081 1052 2163 admonet,
1077 2093 1197 2168 quanto
1221 2082 1325 2168 magis
1349 2105 1407 2168 pro
1431 2081 1535 2146 salute
1560 2081 1818 2147 Christianorum
1842 2103 1955 2167 rogum
1980 2079 2021 2144 ab
2045 2079 2194 2144 omnibus

546 2188 714 2253 ordinibus
739 2190 811 2253 Deo
837 2200 886 2253 θεῖ
909 2188 1073 2253 humiliter
1096 2188 1355 2274 supplicandum.
1403 2188 1552 2268 Qualiter
1574 2189 1673 2273 igitur
1702 2189 1813 2273 regiae
1836 2188 1990 2274 potestati
2014 2186 2195 2273 parendum
2213 2208 2240 2248 rs

545 2295 746 2382 qualiterque
771 2298 840 2360 eius
864 2295 961 2360 saluti
985 2294 1217 2360 consulendum
1243 2307 1301 2375 est,
1333 2293 1477 2359 breviter
1507 2318 1549 2358 ex
1579 2292 1824 2359 auctoritatibus
1853 2293 1973 2358 divinis
1996 2293 2118 2358 dictum
2142 2296 2193 2358 sit.

547 2403 754 2489 Quapropter
777 2425 911 2467 necesse
937 2413 995 2482 est,
1026 2413 1061 2467 ut
1091 2403 1314 2488 unusquisque
1346 2401 1452 2465 fidelis
1482 2411 1591 2465 tantae
1622 2402 1774 2487 potestati
1803 2399 1845 2465 ad
1869 2399 2007 2465 salutem
2030 2402 2194 2487 propriam

545 2507 634 2572 etad
652 2509 805 2573 honorem
822 2511 915 2596 regni
939 2508 1118 2573 secundum
1135 2508 1199 2571 Dei
1218 2507 1429 2588 voluntatem,
1454 2519 1565 2594 utpote
1581 2505 1761 2572 membrum
1779 2509 1888 2592 capiti,
1906 2529 2001 2594 opem
2017 2530 2194 2593 congruam

545 2614 629 2679 ierat
658 2615 796 2702 plusque
827 2618 860 2679 in
892 2616 945 2680 illo
977 2615 1161 2700 generalem
1192 2614 1373 2700 profectum
1405 2626 1436 2678 et
1466 2614 1635 2679 utilitatem
1666 2625 1763 2700 atque
1794 2614 1949 2678 honorem
1980 2615 2074 2699 regni
2097 2637 2194 2699 quam

546 2719 636 2786 lucra
659 2735 795 2808 quaerat
818 2723 940 2803 mundi,
965 2734 1125 2809 quatenus
1149 2721 1198 2785 his
1215 2721 1437 2786 saluberrimis
1457 2720 1723 2807 opitulationibus
1740 2719 1801 2785 sibi
1818 2721 1961 2785 vicissim
1979 2720 2195 2806 suffragantes
2214 2743 2242 2781 ao

545 2839 677 2893 aeterno
701 2852 802 2916 reguo
826 2831 949 2916 pariter
972 2839 1157 2893 mereantur
1178 2829 1302 2915 perfrui
1325 2828 1447 2893 felices.

653 2954 734 3038 (63).
783 2953 876 3040 Cap.
904 2953 1013 3017 VIIII.
1059 2954 1118 3017 De
1154 2950 1550 3039 transgressoribus
1585 2963 1906 3038 praeceptorum
1941 2951 2027 3015 Dei.
2075 2952 2194 3032 Mata1,

545 3059 663 3145 quibus
679 3060 771 3124 Deus
788 3060 961 3124 offenditur
977 3059 1029 3124 vel
1045 3060 1249 3146 periclitatur
1264 3083 1410 3144 regnum,
1435 3061 1462 3122 si
1483 3059 1555 3144 quis
1578 3058 1702 3144 liquido
1722 3057 1791 3122 vult
1807 3080 2015 3142 cognoscere,
2040 3057 2194 3140 divinam,

545 3165 578 3230 id
603 3178 652 3230 est
675 3166 824 3253 legalem,
848 3167 1071 3253 propheticam
1097 3179 1128 3230 et
1152 3166 1377 3253 evangelicam
1402 3179 1498 3252 atque
1523 3165 1735 3251 apostolicam
1759 3165 1936 3251 perspiciat
1959 3167 2194 3230 auctoritatem.

549 3271 598 3337 lbi
623 3272 718 3359 plene
743 3274 888 3337 inveniet
911 3275 1020 3338 omnia
1043 3272 1196 3338 mandata
1227 3285 1323 3359 atque
1355 3283 1540 3358 praecepta,
1572 3271 1689 3358 quibus
1712 3271 1778 3335 Dei
1808 3270 2005 3357 adimpletur
2035 3272 2194 3336 voluntas.
2214 3291 2240 3331 rs

548 3378 597 3443 lbi
622 3381 719 3444 etiam
743 3381 887 3444 inveniet
911 3397 994 3466 quae
1019 3380 1111 3443 Deus
1134 3381 1204 3443 lieri
1229 3377 1404 3466 prohibuit,
1436 3403 1494 3465 pro
1527 3377 1644 3464 quibus
1674 3378 1716 3442 ad
1741 3401 1869 3441 omnem
1894 3377 2039 3442 ordinem
2064 3378 2195 3442 divinae

547 3487 814 3551 comminationes
838 3486 937 3551 multe
962 3497 1052 3566 sunt;
1085 3500 1116 3550 et
1147 3489 1178 3550 in
1211 3484 1416 3573 quibusdam,
1448 3487 1503 3572 qui
1526 3485 1639 3550 audire
1671 3496 1944 3571 contempserunt,
1976 3485 2054 3549 ultio
2085 3484 2197 3549 divina

546 3592 709 3679 completa
732 3604 789 3658 est.
836 3593 964 3657 Primus
989 3595 1110 3680 quippe
1140 3593 1235 3657 bomo
1267 3603 1399 3679 propter
1422 3593 1712 3678 transgressionem
1740 3591 1842 3655 divini
1866 3593 2013 3678 precepti
2037 3591 2078 3655 de
2102 3614 2196 3678 para·

546 3698 617 3763 diso
641 3701 763 3763 eiectus
788 3710 820 3764 et
843 3699 942 3764 exilio
966 3700 1160 3786 dampnatus
1184 3711 1216 3764 et
1240 3710 1342 3764 morte
1367 3698 1519 3764 multatus
1536 3710 1594 3778 est,
1619 3699 1706 3784 quod
1722 3697 1841 3762 malum
1857 3697 1964 3762 adbuc
1980 3697 2077 3762 hodie
2093 3722 2197 3784 genus

546 3806 722 3870 humanum
746 3808 840 3892 quasi
862 3819 979 3871 natura
1003 3805 1064 3870 sibi
1088 3809 1245 3871 insertum
1269 3807 1445 3893 experitur.
1483 3805 1563 3869 lndc
1580 3806 1667 3902 facta
1684 3816 1733 3868 est
1749 3804 1814 3868 alia
1830 3803 2018 3891 dampnatio
2034 3804 2196 3890 genefflis
2215 3824 2244 3864 ao

546 3914 579 3976 in
611 3911 743 3994 dduvio,
774 3936 848 3999 que,
880 3912 1102 3999 multiplicatis
1131 3915 1218 3977 vitiis
1249 3924 1282 3977 et
1312 3913 1449 3978 diversis
1480 3912 1573 3976 malis
1602 3910 1742 3975 naturali
1765 3911 1837 3996 lege
1861 3922 2022 3996 corrupta,
2047 3913 2195 3976 evenisse

545 4020 715 4084 manifesto
740 4018 903 4106 probatur.
952 4019 1059 4100 Quam
1090 4021 1131 4083 sit
1161 4022 1258 4084 etiam
1289 4020 1509 4106 praesumptio
1533 4019 1643 4104 gravis
1667 4029 1699 4082 et
1721 4017 1913 4104 periculosa,
1945 4039 2029 4104 quae
2053 4040 2095 4082 ex
2120 4041 2194 4082 con·

384 4157 526 4198 sanant.
545 4137 669 4213 temptu
699 4137 947 4213 praeceptorum
978 4127 1043 4191 Dei
1078 4127 1231 4208 nascitur,
1267 4126 1452 4190 aedificatio
1483 4127 1580 4189 turris
1611 4137 1643 4189 θῖ
1677 4124 1823 4189 confusio
1858 4123 2041 4209 linguarum
2076 4125 2193 4210 prodit.

547 4232 688 4298 Sodoma
711 4244 819 4298 autem
844 4245 876 4298 et
901 4233 1062 4297 Gomorra
1086 4244 1118 4296 et
1141 4233 1297 4297 finitimae
1322 4233 1481 4312 civitates,
1512 4230 1631 4319 quibus
1661 4230 1792 4317 flagitiis
1824 4228 1951 4294 deletae
1976 4241 2007 4294 et
2031 4230 2193 4317 quomodo

374 4368 525 4418 cusan.
546 4351 679 4404 aeterua
707 4340 937 4426 dampnatione
969 4341 1001 4403 iu
1033 4339 1219 4425 exemplum
1250 4340 1382 4404 humaui
1413 4340 1543 4424 generis
1574 4341 1638 4402 sint
1661 4337 1798 4424 perdite,
1830 4337 2037 4402 manifestum
2062 4349 2126 4402 est:
2163 4351 2195 4403 et
2213 4355 2242 4396 rs

367 4474 525 4525 erroreum.
545 4457 653 4510 nmen
684 4448 717 4510 in
748 4448 990 4533 comparatione
1021 4468 1132 4510 earum
1164 4445 1369 4510 Hierusalem
1400 4445 1533 4532 duplum
1567 4444 1689 4509 malum
1722 4445 1840 4508 fecisse
1870 4444 1998 4529 legitur,
2034 4466 2072 4508 co
2108 4445 2195 4532 quod

544 4554 691 4617 notitiam
716 4563 748 4617 et
770 4565 980 4639 praeceptum
1005 4552 1069 4616 Dei
1094 4550 1244 4616 habuerit
1268 4564 1300 4616 et
1323 4574 1454 4616 servare
1479 4553 1718 4638 contempserit,
1750 4563 1863 4616 secuta
1893 4551 2059 4638 propriam
2084 4552 2193 4616 volun-

442 4669 526 4764 ξεῖ·
545 4670 653 4724 tatem.
700 4660 783 4723 Nam
807 4661 961 4747 iniquitas
986 4658 1196 4740 Sodomitica,
1221 4661 1313 4723 iuxta
1335 4659 1538 4746 prophetam,
1569 4659 1630 4723 fuit
1653 4656 1816 4745 superbia,
1841 4659 1992 4721 saturitas
2016 4669 2049 4722 et
2071 4656 2194 4722 habun-

457 4753 463 4774 '
498 4752 505 4763 ⁰
545 4765 655 4830 dantia
679 4779 712 4831 et
735 4768 835 4831 otium
859 4779 891 4830 et
915 4768 992 4852 quia
1015 4789 1118 4852 egeno
1143 4778 1175 4830 et
1190 4766 1326 4852 pauperi
1343 4789 1474 4830 manum
1490 4788 1555 4829 non
1572 4764 1792 4850 porrigebant,
1816 4762 1902 4829 unde
1919 4766 2058 4829 accessit
2074 4763 2194 4828 oblivio

411 4881 528 4977 ἓξὲξ·
544 4873 620 4954 Dei,
644 4885 677 4937 et
700 4875 825 4960 operati
849 4885 922 4937 suut
945 4872 1052 4938 adhuc
1083 4871 1352 4937 abominationes.
1400 4871 1580 4938 Obduratio
1604 4893 1733 4958 quoque
1756 4871 1984 4957 Egyptiorum,
2013 4871 2069 4957 qui
2099 4870 2195 4935 nullis
2211 4888 2241 4928 ιο

439 4966 445 4979 ’
518 4964 646 5064 'signis
669 5002 730 5044 uec
753 4978 922 5065 prodigiis,
954 4979 1011 5044 sed
1041 5002 1147 5065 neque
1180 4978 1316 5062 flagellis
1340 4980 1460 5064 corrigi
1483 4989 1666 5065 potuerunt,
1690 4977 1733 5043 ad
1757 5001 1853 5066 quem
1876 4978 1975 5042 finem
1998 4979 2193 5064 pervenerit,

407 4673 435 4709 ri.

430 4726 440 4763 1

653 5216 731 5266 Vlll.
762 5216 905 5266 lCesaris
925 5215 1018 5266 Ceesri
1041 5215 1066 5264 l'.
1130 5215 1322 5266 sshuiusmodi
1341 5214 1372 5265 P.
1434 5211 1563 5279 llatiusl
1583 5215 1669 5266 laicus
1688 5215 1719 5266 P.
1775 5215 1928 5282 9pendoat
1948 5214 1973 5263 V.
1994 5214 2025 5264 P.
2083 5217 2114 5264 13
2133 5229 2195 5280 pro·

546 5306 628 5374 pheta
647 5305 675 5355 V.
747 5305 983 5368 Nabugodouosor
1002 5304 1028 5354 V.
1105 5307 1137 5354 14
1157 5298 1261 5368 regum]
1280 5320 1393 5368 regnum
1413 5303 1444 5353 P.
1520 5305 1551 5354 15
1571 5304 1760 5370 suplicandum
1781 5305 1807 5355 Γ.
1882 5305 1914 5354 19
1937 5303 2081 5354 utilitatem
2100 5297 2192 5367 atqua]

547 5392 745 5459 utilitatemque
766 5393 796 5443 P.
869 5395 903 5444 20
923 5389 1009 5455 lucra]
1031 5391 1105 5443 lacre
1126 5392 1151 5440 Γ.

652 5483 746 5532 V1111.
775 5484 809 5532 24
830 5481 1021 5548 euangelicam
1042 5481 1068 5531 V.
1154 5477 1311 5547 perspiciat}
1331 5484 1481 5548 prospiciat
1499 5482 1526 5532 V.
1611 5483 1644 5532 2¹1
1665 5482 1748 5533 multe
1766 5489 1830 5533 sunt
1848 5482 1938 5532 derum
1956 5480 1987 5532 P.
2078 5485 2112 5530 :33
2131 5497 2195 5530 con·
2212 5488 2241 5529 tt

544 5567 626 5635 nnio}
652 5574 798 5622 concussio
824 5570 853 5621 P.
945 5575 977 5620 34
1004 5572 1108 5632 flagitis
1134 5571 1161 5620 V.
1254 5573 1288 5620 38
1314 5566 1510 5636 habundantia]
1536 5572 1705 5623 obtrudantis
1725 5571 1754 5622 P.
1847 5574 1881 5621 40
1904 5570 2138 5622 abhominationes
2164 5568 2193 5619 P.

545 5663 741 5726 Aegyptiorum
761 5659 793 5711 P.

655 5859 684 5931 1)
709 5861 757 5932 Cf.
782 5860 869 5917 Ionas
892 5861 999 5930 Aurei„
1024 5859 1069 5916 De
1092 5860 1261 5917 institutione
1284 5858 1364 5936 regia
1387 5880 1410 5915 c.
1427 5863 1475 5920 10.
