4884 6717
682 524 732 578 56.
769 524 986 580 CONCILIUM
1010 523 1340 588 AQUISGRANENSE
1365 526 1401 581 A.
1425 525 1499 581 836.
1854 520 1916 582 729

370 709 481 774 XVII.
521 710 609 790 Quid
639 710 726 774 idem
757 710 871 774 doctor
900 712 934 773 in
965 712 1168 796 expositione
1191 711 1311 776 Esaiae
1341 712 1519 799 prophetae
1550 712 1590 776 de
1614 712 1675 794 his,
1707 714 1762 798 qui
1786 712 1916 799 plebem

263 814 325 880 sibi
350 815 530 881 subiectam
555 816 706 880 adterunt
729 829 761 880 et
785 818 900 902 rapina
923 839 1104 902 pauperum
1127 819 1160 881 in
1185 817 1335 882 domibus
1360 842 1471 884 eorum
1488 831 1547 900 est,
1572 832 1604 883 et
1620 818 1779 883 ccclesiae
1796 819 1913 906 opibus

263 922 439 987 abutuntur
461 924 494 986 in
519 923 653 987 delicias
677 921 824 1009 publicas
849 934 881 987 et
905 925 1014 1009 stipes,
1040 946 1124 1010 quae
1147 924 1190 988 ad
1214 927 1482 990 sustentationem
1505 948 1685 1013 pauperum
1709 926 1804 990 datae
1829 937 1914 1008 sunt,

263 1028 315 1093 vel
339 1029 402 1094 sibi
424 1041 594 1093 reservant
617 1029 669 1093 vel
693 1028 768 1092 filiis
793 1028 999 1093 distribuunt.

229 1159 242 1198 s
368 1135 497 1200 XVIII.
537 1135 625 1217 Quid
649 1135 820 1220 significet,
845 1136 933 1222 quod
956 1136 1117 1201 Dominus
1148 1147 1180 1201 et
1203 1138 1390 1224 redemptor
1415 1149 1527 1203 noster
1548 1139 1704 1225 templum
1727 1138 1915 1226 Hierosoly-

262 1244 418 1307 mitanum
442 1244 569 1306 statutis
593 1240 793 1328 temporibus
817 1242 934 1306 adierit
956 1241 1067 1328 ibique
1092 1242 1250 1326 docuerit,
1274 1245 1368 1330 signa
1390 1245 1492 1309 multa
1507 1245 1622 1309 feeerit
1638 1256 1671 1309 et
1687 1256 1805 1328 cetera,
1830 1268 1915 1331 quae

263 1372 356 1414 sacra
379 1360 538 1414 testantur
561 1349 743 1434 evangelia.

369 1456 513 1520 XVIIII.
554 1455 724 1536 Quomodo
749 1455 888 1519 ecclesia
912 1454 1032 1519 Christi
1063 1468 1136 1540 post
1164 1458 1234 1520 eius
1258 1459 1442 1543 passionem
1467 1469 1499 1522 et
1522 1460 1793 1524 resurrectionem
1818 1459 1915 1523 etad

262 1562 369 1628 caelos
393 1563 617 1626 ascensionem
641 1585 700 1648 per
723 1561 886 1649 apostolos
909 1559 1062 1626 roborata
1086 1574 1119 1626 et
1141 1575 1323 1650 propagata
1345 1574 1442 1650 atque
1465 1563 1612 1629 fidelium
1631 1564 1849 1630 oblationibus
1873 1566 1915 1629 sit

219 1692 244 1730 ιο
262 1669 363 1733 ditata
388 1682 420 1732 ct
443 1679 610 1733 exornata.
893 1661 895 1664 ¹

368 1776 446 1839 XX.
486 1774 583 1855 Quod
618 1774 658 1838 ad
693 1774 949 1862 predicationem
983 1773 1070 1839 beati
1100 1776 1190 1839 Petri
1226 1799 1285 1862 per
1319 1777 1481 1863 apostolos
1516 1777 1657 1842 ecelesia
1687 1779 1720 1841 in
1751 1777 1914 1844 Christum

262 1884 405 1968 coeperit
429 1882 562 1946 credere
588 1892 620 1946 et
643 1904 791 1946 creseere
815 1905 853 1945 ac
878 1880 1087 1968 multiplicari
1111 1883 1199 1946 etin
1224 1882 1359 1947 exordio
1384 1886 1433 1947 sui
1457 1884 1659 1948 inchoaverit
1674 1895 1752 1949 vota
1769 1884 1915 1950 fidelium

262 1990 437 2075 suscipere.

369 2096 462 2159 XXI.
503 2095 600 2176 Quod
629 2095 775 2158 Ananias
806 2117 928 2181 suaque
959 2118 1043 2158 uxor
1072 2117 1131 2181 pro
1162 2117 1211 2176 eo,
1244 2095 1331 2181 quod
1362 2096 1403 2160 de
1426 2098 1566 2184 propriis
1597 2096 1704 2180 rebus,
1735 2121 1817 2184 quas
1840 2099 1914 2163 Deo

217 2224 242 2263 rs
261 2217 429 2274 voverant.
453 2202 577 2288 aliquid
600 2201 831 2266 abstraxerunt
853 2201 906 2265 vel
930 2201 1113 2265 defraudati
1136 2213 1220 2282 sunt,
1245 2201 1392 2267 horribili
1417 2217 1519 2268 morte
1543 2202 1669 2268 multati
1693 2215 1777 2269 sunt.

368 2310 480 2374 XXII.
521 2309 617 2390 Quod
647 2309 796 2373 Herodes
832 2307 995 2395 parricida
1031 2319 1063 2371 ct
1092 2308 1381 2374 scaeleratissimus
1413 2332 1482 2391 rex,
1518 2321 1554 2374 ut
1584 2321 1692 2375 cetera
1723 2312 1793 2375 cius
1828 2311 1915 2376 nrala

261 2417 458 2498 omittantur,
489 2439 548 2502 pro
579 2439 628 2496 eo,
661 2415 749 2503 quod
779 2415 966 2479 sacerdotes
996 2415 1131 2478 Domini
1162 2415 1325 2479 interemit
1355 2438 1531 2502 eorumque
1562 2418 1776 2481 ministerium
1808 2431 1839 2481 et
1863 2441 1912 2499 ea,

262 2545 345 2609 quae
369 2522 411 2586 ad
435 2523 555 2586 cultum
580 2522 695 2587 domus
719 2522 853 2586 Domini
878 2532 1069 2585 consecrata
1093 2533 1195 2603 erant,
1226 2521 1289 2585 sibi
1321 2523 1486 2609 surripuit,
1518 2523 1669 2587 credatur
1700 2526 1856 2588 meruisse
1882 2535 1914 2588 et

261 2628 302 2693 ab
327 2629 443 2714 angelo
467 2631 593 2715 percuti
618 2641 649 2692 ct
673 2652 692 2692 a
715 2627 882 2692 vermibus
906 2627 1051 2713 depasci.

216 2757 243 2796 so
368 2736 497 2800 XXIII.
537 2734 633 2815 Quod
658 2734 797 2798 ecelesia
814 2734 934 2798 Christi
958 2757 1016 2820 per
1037 2757 1242 2798 successores
1258 2734 1476 2821 apostolorum
1494 2734 1554 2800 sub
1571 2737 1759 2800 orthodoxis
1775 2739 1913 2824 impera·

261 2842 383 2907 toribus
408 2854 440 2906 et
463 2841 595 2927 regibus
619 2865 658 2906 ac
681 2841 883 2928 principibus
907 2843 1089 2926 ceterisque
1113 2839 1263 2905 fidelibus
1288 2864 1347 2904 sua
1362 2853 1439 2905 vota
1454 2842 1527 2906 Deo
1548 2843 1757 2908 offerentibus
1781 2843 1914 2908 inaltata

261 2952 311 3030 sit,
336 2949 437 3013 ditata
461 2972 499 3012 ac
524 2947 707 3012 sublimata.

368 3056 514 3119 XXIIII.
555 3055 652 3135 Quod
682 3055 784 3118 multa
815 3066 999 3118 sanctorum
1023 3065 1150 3140 patrum
1174 3054 1367 3118 Latinorum
1390 3067 1487 3141 atque
1512 3055 1693 3121 Grecorunr
1718 3057 1914 3122 documenta

262 3164 554 3249 pretennittantur‚
601 3163 656 3247 qui
703 3185 754 3225 res
793 3161 866 3224 Deo
910 3161 1033 3225 dicatas
1073 3175 1169 3246 atque
1209 3171 1355 3224 sacratas
1394 3163 1515 3247 inpune
1554 3164 1676 3227 auferri
1714 3187 1780 3227 non
1817 3187 1913 3250 posse

216 3279 429 3333 attestantur.

370 3376 479 3440 XXV.
519 3375 615 3456 Quod
639 3386 751 3461 aperte
771 3375 854 3438 sacri
873 3397 1014 3438 canones
1030 3373 1284 3437 auferendorum
1300 3397 1408 3438 renim
1431 3374 1725 3441 ecclesiasticarum
1746 3376 1914 3441 inhibeant

262 3483 441 3547 audaciam.

369 3590 494 3653 XXVI.
534 3589 586 3652 De
619 3587 745 3652 dnobus
777 3586 926 3673 capitulis
958 3585 1159 3671 Gangronsis
1191 3587 1332 3668 concilii,
1363 3586 1480 3673 quibus
1503 3590 1577 3653 Deo
1608 3589 1716 3655 oblata
1746 3593 1852 3679 accipi
1883 3603 1915 3656 et

263 3695 331 3759 dari
356 3694 577 3782 prohibentur.

217 3822 243 3860 so
369 3802 512 3867 XXVII.
552 3802 590 3865 In
614 3801 704 3866 calce
727 3800 824 3864 huius
848 3801 955 3885 operis
979 3799 1015 3863 fit
1037 3799 1079 3863 ad
1097 3799 1251 3864 domnum
1268 3823 1378 3886 regern
1394 3802 1599 3867 sacerdotum
1616 3803 1768 3869 allocutio
1785 3804 1914 3869 humilis

262 3921 358 3996 atquc
382 3908 497 3973 tidelis.
1259 3902 1263 3909 ¹

369 4129 494 4223 Inclito
519 4158 716 4244 caelestique
741 4159 847 4242 gratia
870 4157 961 4240 regio
985 4178 1118 4219 munere
1143 4156 1314 4238 insigniter
1337 4155 1508 4221 sublimato
1533 4156 1651 4222 domno
1668 4160 1819 4246 Pippin0,
1843 4162 1912 4246 regi

262 4265 462 4330 nobilissimo
494 4277 526 4328 et
556 4288 615 4351 per
638 4266 820 4327 inmensum
844 4286 864 4326 a
887 4263 960 4326 Deo
993 4262 1229 4342 conservande,
1262 4274 1373 4326 coetus
1403 4262 1638 4329 venerabilium
1669 4267 1854 4351 praesulum
1882 4280 1913 4330 et

262 4372 573 4460 sequentis-ordinis
598 4371 821 4454 religiosorum
846 4369 1061 4448 sacerdotum,
1086 4368 1173 4455 apud
1189 4368 1412 4454 Aquasgranii
1435 4371 1525 4433 iussu
1550 4371 1717 4436 salutifero
1744 4384 1776 4436 ct
1799 4373 1912 4437 ordine

217 4498 244 4537 as
262 4479 546 4567 providentissimo
570 4479 707 4564 piissimi
731 4490 763 4540 et
787 4475 957 4540 orthodoxi
982 4476 1137 4560 genitoris
1163 4476 1263 4538 vestri
1287 4475 1397 4539 domni
1420 4478 1521 4539 nostri
1543 4477 1737 4560 llludowici‚
1763 4479 1913 4543 Caesaris

262 4588 384 4666 eximii,
408 4585 449 4650 ob
474 4585 626 4649 honorem
651 4594 684 4648 et
708 4583 858 4647 decorem
883 4597 1016 4645 sanctae
1034 4582 1098 4644 Ilei
1123 4580 1282 4644 ecelesiae
1306 4582 1548 4669 procurandum
1572 4597 1603 4647 et
1627 4585 1784 4670 quasdam
1808 4585 1911 4668 digni-

262 4706 344 4758 tates
380 4692 618 4756 ecclesiastieas
653 4713 772 4776 magna
807 4713 848 4752 ex
880 4703 971 4775 parte
1004 4689 1174 4774 conlapsas
1208 4697 1305 4775 atque
1335 4689 1478 4752 fuscatas
1511 4690 1553 4754 ad
1587 4692 1759 4776 pristinum
1794 4705 1911 4756 statum

261 4803 463 4886 nitoremque
489 4800 629 4862 Domino
653 4821 747 4884 opem
772 4797 894 4860 ferente
919 4795 1123 4860 revocandas
1147 4794 1347 4881 synodaliter
1371 4809 1598 4881 congregatus,
1627 4809 1781 4861 aeternas
1811 4796 1913 4861 beati-

262 4907 382 4972 tudinis
406 4919 521 4992 optans
545 4906 743 4969 felicitatem.

215 5194 243 5231 to
370 5185 379 5229 l
403 5175 701 5240 d‹›etor]scil.serrtiat;
720 5194 742 5226 a.
759 5194 787 5240 p.
804 5180 853 5225 fas·
872 5177 945 5225 LI).
1001 5175 1091 5223 Isaiae
1106 5173 1138 5223 B.
1194 5173 1494 5224 trtisrosotiminnnm
1507 5174 1567 5224 151.
1622 5171 1914 5242 Ievangclialrelipua

259 5270 349 5319 desunt
369 5269 416 5318 DI
432 5268 498 5332 solio
516 5266 616 5316 absciso.
697 5269 725 5315 Il
748 5260 805 5331 per]
827 5272 889 5330 post
910 5267 937 5314 (ἱ
1015 5267 1048 5312 24
1068 5269 1149 5326 atqua
1170 5263 1196 5312 C.
1271 5265 1305 5312 26
1325 5264 1522 5313 offerendarum
1544 5264 1571 5313 C.
1645 5267 1679 5313 28
1699 5265 1864 5326 Grangrcnsi
1887 5267 1913 5316 t'.

368 5361 401 5406 32
427 5351 534 5420 Inclita]
563 5357 622 5404 IIoe
643 5371 721 5419 opus,
748 5372 764 5402 a
784 5355 852 5403 Iona
880 5356 1009 5418 episcopo
1030 5349 1245 5400 Aurelianicnsis
1272 5352 1346 5400 urbis
1373 5353 1558 5416 praecipiente
1584 5353 1759 5404 serenIasinro
1786 5357 1913 5418 Augusto

261 5447 385 5496 Ludoico
406 5448 433 5496 in
452 5462 569 5511 persona
588 5446 776 5508 episcoporum
797 5442 870 5508 apud
884 5442 1049 5506 Aquisgrani
1070 5440 1165 5506 palatii
1188 5447 1416 5506 congregatorum
1437 5443 1547 5500 editum,
1566 5442 1684 5507 Pippino
1704 5444 1762 5506 regi
1782 5443 1913 5492 directum

262 5545 310 5586 cst.
340 5536 441 5601 Incipit
461 5533 529 5584 liber
548 5535 649 5599 prinms
665 5532 805 5597 praemittit
824 5531 849 5580 B
860 5535 883 5590 2,
903 5531 945 5578 ubi
964 5530 990 5578 in
1009 5547 1103 5578 suntme
1122 5530 1234 5594 nrarpine
1247 5529 1310 5593 folii
1324 5530 1405 5593 primi
1417 5529 1476 5580 ltace
1488 5531 1620 5594 leputatur:
1640 5530 1742 5580 Inclito
1763 5531 1913 5596 celantique

215 5637 243 5675 tt
261 5626 294 5675 dc
315 5626 394 5674 rebus
414 5623 609 5674 ecclesiasticis
629 5639 682 5671 nou
708 5621 869 5670 invadendis
889 5621 956 5668 Ione
977 5616 1181 5667 Aurelianensis
1208 5619 1332 5683 epIscopi
1356 5619 1390 5668 ad
1410 5619 1570 5684 I'ippinum3
1597 5621 1697 5686 Incipit
1721 5618 1790 5670 liber
1812 5622 1915 5685 primus

257 5714 398 5778 praenrittit
416 5713 483 5771 Β3;
503 5713 604 5776 incipit
625 5709 733 5760 libellus
753 5710 786 5758 do
806 5707 939 5773 religione
960 5706 1131 5757 oblationum
1145 5707 1197 5755 Dei
1217 5708 1336 5756 directus
1350 5708 1448 5772 I'Ipino
1462 5710 1519 5770 regi
1532 5710 1699 5760 Francorum
1715 5709 1856 5773 praenrittit
1876 5709 1914 5759 rt.

262 5804 378 5869 Pippino
407 5797 474 5866 regi]
503 5801 601 5865 I'ipino
630 5801 687 5862 regi
716 5799 776 5859 aa,
805 5799 863 5860 regi
892 5799 990 5861 Pipino
1022 5796 1058 5845 JI.
1154 5797 1188 5844 33
1217 5797 1434 5845 conservandum
1465 5798 1502 5847 Il.
1592 5801 1625 5848 34
1654 5800 1826 5862 Aquasgrani
1855 5798 1914 5848 Ba

262 5894 295 5942 35
315 5892 417 5941 domini
437 5892 495 5941 Its.
569 5890 703 5939 Ludovici
723 5888 782 5947 133,
810 5888 951 5938 Ludowiri
972 5886 1009 5936 II.
1082 5887 1115 5935 39
1135 5879 1245 5949 optans]
1267 5886 1345 5934 obtat
1364 5884 1423 5946 Jrs,
1449 5895 1526 5952 optat
1545 5887 1604 5937 133.
1624 5888 1660 5937 tr.

316 5993 359 6034 1211.
373 5993 471 6033 eonctua
486 5992 515 6035 11.
1665 5996 1698 6044 92
