4884 6717
571 561 623 617 52.
658 560 924 617 PRAECEP'I'UM
948 559 1158 616 SYNODALE
1182 560 1279 616 ANNI
1305 560 1427 617 829ex.
1444 562 1491 618 vel
1508 561 1572 618 830
1584 564 1624 620 in.
1856 562 1921 626 685

265 752 300 814 in
319 772 358 814 eo
382 750 452 835 ipae
472 749 550 814 ordo
574 770 677 833 usque
701 747 744 811 ad
767 757 906 833 tempus,
931 746 1007 835 quo]
1033 757 1163 832 sceptra
1186 746 1370 833 imperialia
1391 747 1496 812 isdem
1519 750 1664 836 suscepit
1693 752 1857 840 princeps,
1889 766 1923 820 et

266 856 413 922 eiusdem
436 855 586 919 Hildnini
610 853 738 918 abbatis
768 853 1013 940 praelationem,
1044 851 1167 917 ibidem
1197 865 1373 941 utcumque
1397 855 1549 940 viguerit,
1580 857 1760 922 manifestis
1791 861 1921 926 indiciis

266 962 523 1049 eunctispalam
547 962 752 1026 factumest.
799 959 943 1048 Dein[de
968 959 1157 1046 diligentem
1181 962 1425 1048 inquisitionem
1455 961 1603 1027 fecerunt
1632 987 1730 1050 super
1760 965 1833 1054 bip,
1865 971 1921 1056 qni

266 1073 300 1135 in
323 1069 439 1134 eodem
462 1068 534 1133 loeo
558 1067 743 1153 regularem
767 1067 1015 1153 promissionem
1043 1067 1199 1132 fecerant.
1255 1067 1406 1150 Quidam,
1432 1070 1487 1154 qui
1512 1069 1649 1134 eandem
1672 1073 1921 1158 promissionem

234 1177 423 1256 sfecerant,
447 1175 629 1239 desertores
654 1173 800 1239 eiusdem
825 1174 981 1261 propositi
1006 1174 1125 1255 effecti,
1149 1173 1248 1238 rebus
1272 1173 1420 1238 humanis
1445 1177 1510 1239 iam
1536 1174 1640 1263 [erant
1663 1182 1818 1266 exempti,
1843 1204 1921 1268 quo·

266 1307 337 1348 rum
360 1281 501 1369 perditio
525 1304 590 1346 non
613 1282 683 1344 sine
708 1280 840 1367 maglno
864 1281 962 1344 animi
987 1280 1065 1344 ferri
1089 1282 1193 1367 potuit
1216 1302 1353 1345 merore.
1401 1280 1544 1361 Quidam
1568 1284 1667 1348 etiam
1690 1309 1754 1349 non
1783 1287 1920 1354 eandem

265 1391 501 1477 professionem
526 1411 560 1452 se
585 1389 702 1452 fecisse
726 1388 853 1451 mentiti
877 1397 961 1468 sunt,
986 1386 1044 1450 sed
1068 1386 1203 1452 testibus
1227 1398 1377 1474 patenter
1400 1389 1542 1453 convicti
1565 1413 1625 1475 pro
1641 1413 1701 1456 sna
1716 1397 1921 1460 contumacia

267 1494 458 1584 cano[nicae
488 1497 687 1582 penitentiae
719 1505 794 1557 sunt
817 1493 954 1557 subacti.
1001 1492 1155 1582 Quida]m
1180 1517 1269 1576 vero,
1301 1495 1399 1559 immo
1423 1496 1566 1559 maxima
1590 1520 1675 1583 pars,
1708 1499 1764 1586 qui
1787 1513 1921 1568 actenus

266 1606 301 1667 in
324 1603 522 1690 apostasiam
545 1601 688 1689 prolapsi
712 1601 850 1680 fuerant,
882 1623 990 1665 eoram
1015 1602 1183 1665 venientes
1214 1600 1347 1687 soloque
1379 1624 1413 1665 se
1444 1613 1646 1688 prostrantes
1676 1606 1817 1670 confessi
1847 1620 1922 1674 sunt

221 1735 249 1775 so
266 1710 406 1775 eandem
429 1710 664 1796 professionem
687 1709 720 1771 in
747 1706 873 1795 [eodem
898 1706 969 1770 loco
997 1706 1190 1792 regulariter
1221 1730 1256 1772 se
1286 1708 1474 1794 promisisse
1505 1710 1631 1798 suique]
1663 1712 1810 1776 misereri
1841 1726 1872 1778 et
1902 1739 1924 1779 a

266 1818 409 1882 Domino
434 1817 564 1880 veniam
587 1838 647 1902 pro
670 1825 759 1878 tanto
784 1813 926 1877 admisso
951 1812 1021 1877 dari
1045 1813 1209 1878 humiliter
1239 1814 1441 1900 flagitavere.
1496 1815 1571 1896 Qua
1600 1818 1805 1884 confessione
1835 1821 1924 1887 faeta

266 1923 422 1990 eueullis¹
446 1925 497 1988 sui
526 1922 684 2008 propositi
711 1944 822 1986 coram
853 1933 947 1985 coetu
978 1922 1205 2007 episcoporum
1229 1933 1262 1986 et
1285 1921 1480 2010 cete[rorum
1511 1923 1716 1990 sacerdotum
1747 1929 1923 2015 cunctique

266 2031 432 2117 sequentis
463 2029 598 2116 ordilnis
626 2029 705 2093 cleri
733 2027 956 2113 nobiliumque
987 2028 1129 2091 virorum
1160 2050 1225 2092 non
1260 2029 1389 2093 modica
1424 2029 1726 2097 circumadsistente
1761 2033 1856 2099 turba
1886 2060 1921 2100 se

267 2138 474 2202 induerunt*.
523 2134 575 2200 Ob
600 2136 788 2200 memoriam
811 2158 890 2198 vero
915 2145 947 2198 et
971 2132 1178 2198 stabilitatem
1202 2134 1298 2198 huius
1323 2135 1445 2200 ordinis
1470 2147 1511 2217 et,
1543 2159 1584 2201 ne
1614 2137 1770 2226 deinceps
1800 2143 1922 2227 passim

221 2357 248 2396 tt
378 2335 404 2412 ¹¹)
418 2347 456 2410 L,
475 2347 503 2397 ia
521 2347 592 2397 caim
610 2355 704 2397 ustum
721 2344 811 2394 abirim
825 2362 911 2409 panaro
929 2352 1028 2393 tantam
1046 2343 1118 2394 amba
1136 2342 1212 2392 fraires
1230 2343 1322 2393 ‹lecreti
1340 2344 1503 2404 munemne,
1522 2345 1559 2395 ita
1573 2346 1672 2412 per-pit:
1691 2351 1778 2416 atque
1800 2346 1829 2400 in
1845 2365 1920 2402 com-

426 2460 521 2508 mune,
545 2459 581 2495 ne
605 2439 767 2511 aliquando,
791 2439 874 2492 aienti
898 2438 951 2508 sibi
974 2438 1093 2509 aliisque
1117 2438 1171 2492 iam
1196 2438 1224 2491 in
1248 2439 1349 2492 codem
1372 2438 1434 2493 loeo
1458 2441 1626 2511 contigerat,
1654 2442 1690 2496 ab
1714 2451 1830 2499 sanctae
1853 2464 1920 2517 pro·

427 2548 556 2604 fessionis
572 2546 716 2618 proposito
732 2545 872 2600 diabolico
887 2546 1118 2616 propulsarentur
1139 2545 1287 2612 instinctu,
1311 2542 1492 2616 regularcm²
1507 2549 1718 2617 promissionem
1734 2551 1920 2608 iteravenmt.

427 2656 496 2709 Pars
515 2654 639 2725 deniqne
659 2653 797 2723 quaedam
815 2669 921 2716 eorum,
938 2650 977 2704 illi
993 2651 1113 2718 scilicet,
1138 2652 1197 2722 qui,
1214 2647 1351 2706 divinse³
1366 2653 1556 2724 inspirationis
1572 2672 1688 2710 munere
1705 2657 1762 2711 acti
1779 2665 1809 2712 et
1825 2677 1919 2714 amore

427 2762 562 2828 devincti,
586 2761 614 2814 in
633 2767 754 2814 sanctae
778 2758 922 2830 religionis
945 2758 1088 2830 proposito
1112 2765 1141 2812 et
1163 2757 1263 2812 habitu
1290 2759 1417 2830 adprime
1441 2760 1549 2831 absque
1574 2763 1633 2816 ulla
1654 2763 1846 2835 refragatione
1870 2775 1919 2822 aut

427 2868 646 2939 interpolatione
672 2866 823 2936 clegerunt
847 2865 966 2920 viriliter
988 2883 1155 2936 permanere
1181 2873 1211 2920 et
1235 2866 1263 2919 in
1284 2865 1357 2920 cella
1373 2867 1500 2921 ciusdem
1517 2868 1627 2922 maioris
1642 2872 1816 2938 monasterii,
1839 2883 1919 2945 post-

428 2993 511 3046 quam
534 2975 623 3030 ceteri
647 2973 829 3028 monasticam
853 2973 939 3026 vitam
963 2979 992 3027 et
1016 2972 1142 3026 habitum
1166 2973 1367 3039 deseruerunt,
1397 2991 1486 3044 usqne
1510 2975 1547 3029 ad
1570 2974 1642 3030 hanc
1665 2984 1779 3033 nostrae
1804 2980 1920 3036 deman·

428 3082 548 3136 dationis
583 3081 711 3134 sinodum
746 3079 870 3134 habitam
906 3079 1024 3146 (legere,
1059 3086 1126 3132 ante
1157 3079 1211 3132 iam
1246 3087 1414 3134 memoratos
1444 3081 1622 3136 venerabiles
1652 3091 1750 3154 patres
1780 3095 1919 3142 venerunt

426 3188 575 3258 locumque
601 3187 758 3258 pristinum,
788 3186 816 3239 in
840 3203 896 3256 qno
926 3185 1138 3256 promissionem
1161 3185 1291 3241 fecerant
1315 3193 1345 3240 et
1368 3187 1547 3258 regulariter,
1579 3188 1647 3245 licet
1674 3191 1765 3245 minus
1788 3194 1919 3264 perfecte

427 3296 567 3361 vixerant,
591 3294 645 3348 sibi
670 3302 700 3349 et
724 3311 754 3348 ae
779 3293 925 3364 petierunt
948 3291 1009 3347 loco
1033 3293 1156 3347 restitui.
1197 3291 1323 3356 Quorum
1346 3295 1464 3348 semotio
1487 3296 1524 3350 ob
1547 3296 1575 3349 id
1600 3297 1753 3367 acciderat,
1779 3301 1920 3370 qnoniam,

427 3409 459 3456 ut
481 3402 682 3473 praediximus,
707 3419 768 3454 mox
792 3406 824 3453 ut
848 3400 943 3454 divina
965 3399 1092 3470 dignatio
1115 3418 1166 3453 nos
1189 3407 1311 3471 patema
1334 3401 1403 3454 sede
1428 3410 1561 3473 suscepta
1583 3404 1775 3474 imperialibus
1798 3409 1920 3480 sceptris

427 3509 508 3563 inniti
532 3508 631 3574 voluit,
655 3509 720 3579 piae
745 3506 909 3561 intentionis
932 3514 1046 3560 nostrae
1071 3505 1231 3560 sollicitudo
1256 3508 1373 3578 exsequi
1396 3509 1567 3578 procuravit,
1591 3517 1623 3563 ut
1646 3511 1756 3582 religio,
1780 3514 1866 3569 decor
1889 3522 1919 3570 et

427 3616 514 3670 omnis
538 3615 671 3669 honestas
695 3633 712 3669 a
735 3615 836 3668 domno
861 3620 890 3668 et
913 3614 1043 3684 genitore
1067 3621 1163 3668 nostro
1187 3613 1269 3668 disse
1293 3614 1443 3670 memoriae
1468 3615 1573 3670 Karolo
1596 3625 1700 3688 coepta
1731 3627 1759 3673 et
1788 3620 1922 3676 instituta

426 3722 533 3792 liquido
558 3728 588 3776 et
611 3722 760 3788 veraciter,
785 3727 895 3776 remota
916 3721 990 3774 omni
1013 3719 1202 3786 simulatione,
1226 3720 1254 3774 in
1278 3721 1397 3792 propriis
1420 3722 1579 3793 quibusque
1603 3732 1731 3780 maneret
1755 3735 1786 3782 et
1808 3728 1920 3799 vigeret

426 3828 581 3883 ordinibus.
636 3827 721 3882 Unde
751 3827 786 3882 ad
818 3826 988 3882 monasticae
1019 3827 1202 3882 institutionis
1232 3845 1356 3882 normam
1386 3830 1579 3900 corrigendam
1610 3832 1679 3886 dnos
1709 3833 1855 3904 religiosos
1889 3843 1920 3890 et

427 3935 597 3990 venerabilis
621 3934 697 3989 vitae
721 3934 804 4000 viros,
829 3905 1019 3988 Benedictnm
1036 3942 1066 3988 et
1083 3933 1234 3988 Amulium
1249 3935 1370 3990 abbates
1380 3930 1402 4003 ⁴,
1427 3937 1634 4006 constituimus,
1658 3940 1706 4011 qni
1722 3958 1775 4012 per
1793 3949 1920 3997 nostrum

428 4061 445 4096 a
468 4042 531 4096 Deo
554 4041 771 4112 gubernandum
796 4048 825 4095 et
849 4041 1072 4096 conservandum
1095 4041 1242 4112 imperium
1265 4042 1357 4096 seduli
1381 4042 1445 4097 hnic
1468 4045 1583 4115 negotio
1602 4046 1728 4100 studiose
1745 4048 1918 4104 insisterent.

428 4149 507 4203 Idem
530 4166 597 4204 vero
620 4147 685 4202 boni
711 4154 740 4201 et
764 4147 871 4212 devoti,
903 4147 954 4202 sed
982 4147 1177 4218 simplicissimi
1200 4155 1298 4219 patres
1321 4166 1407 4220 supra
1429 4157 1644 4206 memoratorum
1667 4153 1785 4208 fratmm
1809 4156 1919 4210 callidi·

429 4262 490 4311 tate
515 4262 545 4311 et
568 4254 671 4308 duritia
693 4271 801 4325 suaque
826 4254 1006 4325 simplicitate
1029 4255 1156 4321 abducti,
1188 4272 1244 4309 non
1267 4256 1370 4324 studio,
1394 4257 1446 4310 sed
1469 4258 1560 4312 minus
1583 4259 1681 4314 subtili
1705 4268 1735 4316 et
1758 4265 1921 4318 necessaris

429 4363 648 4434 investigatione
673 4370 703 4416 et
726 4361 906 4432 providentia
929 4360 1064 4417 fallentes
1088 4379 1146 4430 eos,
1179 4361 1227 4433 qni
1257 4362 1286 4416 in
1309 4362 1453 4418 soliditate
1484 4382 1552 4419 suae
1583 4365 1729 4436 professae
1757 4369 1919 4424 salvationis

428 4470 665 4541 perduraverunt,
688 4486 705 4523 a
728 4468 898 4523 monasterio
921 4476 1100 4523 removerunt
1123 4476 1210 4539 atque
1234 4469 1262 4522 in
1285 4477 1440 4524 memorata
1462 4471 1536 4526 cella
1558 4472 1768 4528 collocaverunt
1792 4483 1822 4530 et
1845 4476 1918 4544 illos,

429 4577 477 4648 qni
507 4576 638 4647 propriae
668 4574 821 4629 voluntatis
850 4573 949 4628 libitus
978 4592 1034 4628 non
1058 4575 1175 4642 virtute,
1206 4575 1257 4630 sed
1287 4577 1414 4631 versutia
1437 4579 1620 4647 quaesierunt
1650 4598 1682 4634 ac
1710 4580 1782 4636 eollo
1806 4582 1842 4638 de
1866 4584 1918 4638 sub

429 4683 494 4754 ingo
521 4682 639 4753 regulae
671 4699 788 4737 excusso
818 4681 879 4736 loco
911 4680 1091 4752 disligatioris
1122 4683 1198 4736 vitae
1230 4681 1315 4736 soluti
1345 4684 1472 4754 ampliori
1496 4685 1597 4740 itinere
1622 4686 1776 4742 caelestem
1798 4691 1919 4760 patriam

428 4797 530 4862 petere
553 4797 620 4843 sunt
643 4789 748 4856 conati,
773 4789 801 4842 in
825 4788 971 4843 domiciliis
993 4789 1143 4844 reverendi
1167 4789 1281 4842 habitus
1305 4797 1335 4843 et
1351 4790 1427 4846 vitae
1444 4792 1615 4847 monasticae
1632 4792 1820 4865 reliquerunt.
1860 4795 1918 4852 Sed

428 4895 599 4952 laudabilius
628 4895 656 4950 hi
686 4902 784 4967 patres
816 4895 954 4950 ecclesiae
979 4896 1148 4951 auctoritate
1172 4913 1225 4950 sua
1247 4896 1350 4968 dignae
1380 4898 1510 4969 petitioni
1534 4898 1661 4967 fratrum,
1693 4919 1761 4972 quos
1791 4903 1820 4957 in
1849 4921 1919 4958 suae

222 5131 250 5170 ω
377 5110 389 5157 1
417 5106 503 5156 isdem
522 5131 558 5139 -
577 5098 706 5167 eiusdem]
730 5120 849 5169 superna
872 5102 1004 5168 largiente
1029 5105 1119 5168 grstia
1144 5103 1291 5155 elementia
1315 5113 1410 5156 nostra
1427 5108 1548 5173 suscepit
1574 5113 1601 5159 et
1623 5125 1708 5174 supra
1727 5112 1868 5162 memorati
1887 5111 1919 5162 L.

268 5204 296 5247 et
310 5222 342 5231 -
356 5189 563 5264 praelationem]
584 5195 707 5261 intellige:
727 5201 754 5246 et
774 5211 858 5260 usqne
878 5195 913 5245 ad
928 5218 959 5229 -·
973 5193 1179 5261 praelationem.
1252 5190 1407 5258 Lindiciis]
1429 5212 1577 5264 regumque
1597 5199 1715 5263 antiquis
1736 5209 1763 5250 et
1782 5201 1919 5252 modernis

268 5288 422 5354 praeceptis
442 5292 470 5336 et
486 5286 678 5351 episcoporum
692 5282 844 5349 privilegiis
857 5299 889 5333 ae
903 5282 1305 5335 fideliumdonstionibnsadd
1326 5282 1358 5335 L.
1431 5287 1447 5335 3
1466 5287 1572 5336 cunctis
1587 5310 1618 5321 -
1633 5282 1684 5351 ast]
1704 5287 1792 5354 palam
1812 5291 1919 5340 cunctis

269 5377 429 5428 estfactum
450 5371 481 5424 L.
572 5367 741 5438 ⁴lt'ecerant]
759 5373 892 5434 fecerunt,
919 5390 951 5423 ex
971 5373 1070 5438 quibus
1090 5370 1121 5422 L.
1206 5371 1425 5438 promissionem]
1445 5375 1640 5440 professionem
1659 5376 1692 5428 L.
1783 5373 1917 5445 bpotuitl

269 5471 360 5532 potest
378 5462 410 5515 L.
483 5479 539 5514 non
557 5462 612 5513 ead.
631 5480 699 5513 mn.
713 5471 801 5528 postea
818 5461 880 5512 aad.
900 5461 944 5513 Or.
1017 5457 1177 5525 Saetenus]
1198 5462 1330 5513 hactenns
1350 5463 1383 5513 L.

222 5665 250 5706 ω
379 5619 408 5706 1)
434 5626 484 5700 Cf.
508 5625 652 5684 ceaddam
675 5625 906 5703 Aquisqranense
924 5628 986 5684 817
1009 5629 1158 5700 ce21sq.
1176 5629 1216 5684 35
1239 5619 1327 5700 (Mo.
1350 5625 1443 5702 Cupit.
1463 5625 1487 5697 I,
1505 5623 1650 5704 345qu;
1672 5649 1699 5687 a.
1724 5628 1806 5686 edam
1829 5649 1920 5706 supra

264 5756 296 5812 p.
312 5738 374 5795 210
397 5755 420 5791 c.
437 5738 480 5794 20
495 5728 569 5809 (15).
685 5725 716 5812 2)
739 5732 771 5789 V.
796 5732 881 5805 infra
899 5753 932 5808 p.
951 5735 1013 5792 689
1035 5734 1054 5788 l.
1072 5735 1165 5808 12srq.
1274 5724 1304 5810 3)
1328 5733 1360 5789 V.
1384 5732 1469 5805 iissre
1487 5754 1520 5809 p.
1540 5739 1601 5793 689
1624 5736 1643 5792 ἱ.
1661 5739 1710 5795 35.
1818 5737 1849 5808 4)
1874 5736 1921 5794 De

268 5840 422 5899 Benedicta
444 5839 563 5897 Indmsi
584 5847 610 5896 et
625 5839 752 5911 Amalso
773 5839 867 5896 sancti
881 5838 1028 5895 Philiberti
1049 5838 1079 5894 ia
1102 5838 1192 5895 Herio
1215 5838 1309 5896 insula
1332 5833 1540 5918 (Hermmrtier)
1565 5839 1708 5900 αὸὸαείὺιω
1731 5843 1772 5915 qs.
1798 5843 1919 5916 Sionem

268 5950 288 6005 1.
312 5949 331 6005 ι.
355 5947 510 6022 etseq.
902 5941 906 5952 ·
