4884 6717
801 2470 898 2514 Iob.
912 2472 953 2520 6,
971 2472 1036 2513 53.

724 2900 759 2937 ι.
775 2896 874 2941 Gor.
890 2898 1035 2947 usta.

1079 516 1208 579 594
1628 521 1731 576 49.
1804 520 2240 579 CONCILIUM
2288 521 2369 578 IN
2418 520 2767 577 FRANCIA
2812 520 3179 578 HABITUM
3226 523 3299 576 A.
3341 511 3852 600 818s19.—829.

1289 708 1340 772 I.
1434 708 1540 772 De
1610 709 2000 772 necessitate
2063 709 2516 794 episcoporum
2588 707 3022 772 conveniendi
3092 730 3240 772 cum
3312 729 3427 771 suo
3497 706 3995 793 metropolitano
4067 718 4382 793 oportune

1074 818 1261 879 annis
1325 814 1593 900 singulis
1656 813 2014 880 secundum
2077 815 2460 879 canonicam
2528 815 2976 879 auctoritatem
3000 820 3038 881 1.
3159 812 3284 878 Cui
3346 815 3696 878 conventui
3755 815 4068 877 interesse
4132 825 4386 900 oportet

1075 921 1346 986 abbates
1394 933 1527 985 tam
1576 922 1925 986 canonicos
1974 944 2169 1007 quam
2218 922 2610 986 monasticos
2659 920 2907 1007 absque
2956 920 3089 984 ulla
3137 920 3599 1002 subtractione,
3650 933 3733 1001 et,
3797 921 3852 984 si
3914 920 4224 1007 possibile
4287 934 4383 985 est

1075 1040 1187 1093 aut
1234 1027 1534 1114 inperiali
1582 1029 1848 1092 servitio
1897 1051 2026 1091 non
2076 1027 2507 1109 detineantur,
2558 1028 2775 1092 adsint
2822 1028 3018 1091 etiam
3067 1029 3368 1109 comites,
3420 1026 3653 1114 quodsi
3708 1026 3802 1091 illi
3862 1026 4208 1108 defuerint,
4272 1028 4381 1091 ad-

1075 1138 1203 1200 sint
1252 1159 1474 1199 eorum
1521 1136 1666 1199 vice
1715 1134 1877 1199 tales
1923 1135 2123 1216 missi,
2175 1136 2285 1221 qui
2332 1134 2692 1221 adimplere
2739 1134 3002 1198 valeant
3048 1156 3497 1220 quaecumque
3547 1134 3731 1198 utilia
3762 1134 4135 1219 corrigendi
4168 1134 4380 1198 studio
4418 1151 4445 1191 ⁶

1077 1242 1438 1307 secundum
1486 1241 1777 1328 regulam
1829 1242 2318 1305 christianitatis
2366 1240 2614 1305 ibidem
2659 1242 2930 1305 inventa
2960 1241 3221 1305 fuerint.
3302 1240 3468 1306 Sunt
3498 1251 3716 1304 autem
3749 1240 4066 1326 plurimae
4099 1242 4380 1305 necessi-

1074 1360 1261 1430 tateS,
1312 1371 1479 1435 quae
1528 1348 1716 1412 aliter
1762 1347 2095 1412 emendari
2141 1370 2271 1411 non
2318 1359 2606 1433 possunt,
2656 1348 2780 1411 nisi
2828 1349 2895 1411 in
2942 1347 3311 1411 huiusmodi
3361 1358 3706 1415 conventu.
3787 1347 3918 1427 Qui
3965 1358 4185 1411 tamen
4234 1370 4382 1412 con-

1076 1467 1311 1520 ventus
1364 1478 1490 1541 quo
1539 1469 1831 1541 tempore
1895 1454 2036 1518 fieri
2086 1453 2343 1535 debeat,
2408 1454 2928 1519 consideratione
2989 1453 3469 1542 metropolitani
3531 1465 3788 1517 vestrae
3850 1455 4076 1540 pietati
4138 1456 4384 1519 innote-

1078 1562 1395 1627 scendum
1446 1577 1561 1641 est,
1613 1585 1740 1648 quo
1789 1561 2043 1647 plenius
2092 1572 2309 1625 vestra
2356 1562 2738 1625 auctoritate
2786 1560 2870 1625 ad
2918 1584 3066 1625 eum
3115 1562 3558 1625 conveniatur.

1292 1688 1378 1750 II.
1474 1687 1563 1751 Ut
1610 1688 2039 1750 ministerium
2087 1688 2484 1750 sacrosancti
2532 1685 2938 1772 baptismatis
2985 1708 3119 1750 non
3177 1684 3572 1771 ubicumque
3633 1707 3756 1749 nec
3819 1684 4381 1771 quandocumque,
4425 1709 4477 1748 ιο

1078 1804 1356 1880 excepta
1402 1793 1803 1856 infirmorum
1853 1815 2072 1873 causa,
2122 1791 2235 1856 sed
2282 1793 2591 1878 praefixis
2640 1815 2679 1856 a
2725 1793 2964 1856 sanctis
3026 1791 3365 1878 patribus²
3426 1791 3830 1883 temporibus
3896 1794 4155 1879 penitus
4217 1790 4382 1855 cele-

1078 1900 1324 1966 bretur.
1417 1899 1626 1963 Aliter
1674 1900 1847 1962 enim
1896 1900 1950 1962 si
1999 1900 2334 1963 actitatum
2383 1899 2598 1980 fuerit,
2641 1899 2844 1962 honor
2890 1899 3051 1962 tanti
3100 1900 3491 1963 sacramenti
3540 1909 3605 1962 et
3651 1897 3874 1963 debita
3919 1900 4289 1963 reverentia
4321 1909 4385 1962 et

1079 2029 1235 2070 cura
1284 2020 1347 2070 ct
1395 2006 1731 2091 diligentia
1779 2017 1843 2069 et
1889 2005 2165 2069 eruditio
2214 2007 2458 2091 pariter
2505 2005 2819 2069 vilescere
2871 2017 3115 2070 certum
3167 2017 3266 2069 est
3285 2010 3327 2068 3.

1291 2131 1413 2197 III.
1506 2131 1627 2194 Est
1688 2129 1950 2216 quidem
2010 2129 2203 2193 valde
2265 2131 2710 2194 necessarium
2769 2141 2833 2193 et
2903 2153 3155 2194 summa
3226 2129 3676 2194 emendatione
3748 2128 4019 2214 dignum
4090 2142 4154 2193 et
4222 2128 4383 2193 illud

1077 2260 1492 2323 nequaquam
1538 2236 1941 2322 neglegatur,
2005 2237 2173 2301 sicut
2241 2236 2554 2301 hactenus
2615 2258 2782 2322 pene
2845 2235 2927 2300 ab
3000 2235 3298 2300 omnibus
3368 2234 3734 2321 neglectum
3806 2247 3921 2319 est,
3997 2238 4184 2322 quasi
4253 2258 4382 2300 non
4423 2258 4475 2298 ιο

1078 2345 1290 2408 minus
1336 2345 1780 2408 necessarium
1827 2345 1929 2422 sit,
1979 2344 2045 2407 in
2094 2366 2221 2429 quo
2271 2355 2531 2408 nostrae
2579 2342 3042 2429 redemptionis
3091 2341 3264 2406 salus
3315 2352 3379 2405 et
3427 2341 3650 2406 salutis
3684 2366 3937 2406 summa
3967 2344 4280 2424 consistit,
4316 2342 4383 2405 id

1079 2462 1177 2514 est
1224 2452 1586 2514 communio
1649 2452 1819 2514 sacri
1879 2452 2169 2536 corporis
2240 2464 2304 2514 et
2365 2451 2701 2536 sanguinis
2773 2449 3018 2514 domini
3088 2451 3291 2513 nostri
3338 2449 3490 2512 Iesu
3537 2446 3801 2531 Christi,
3874 2451 3987 2535 qui
4055 2451 4177 2514 ait:
4228 2450 4390 2516 Nisi

1078 2558 1613 2622 manducaveritis
1660 2583 1908 2622 carnem
1942 2559 2092 2644 filii
2133 2557 2406 2622 hominis
2453 2573 2510 2621 et
2554 2559 2840 2621 biberitis
2885 2560 3020 2621 eins
3072 2560 3463 2643 sanquinem,
3526 2581 3645 2620 non
3693 2558 4000 2621 habebitis
4061 2562 4251 2622 vitam
4318 2561 4383 2624 in

1081 2667 1269 2729 vobis.
1365 2664 1556 2729 Unde
1607 2663 1913 2728 monendi
1960 2673 2109 2727 sunt
2155 2674 2350 2749 atque
2397 2663 2762 2727 instruendi
2810 2685 3032 2727 omnes
3079 2662 3326 2744 fideleS,
3376 2673 3447 2726 ut
3493 2662 3786 2732 mundati
3834 2675 3899 2727 et
3944 2664 4271 2749 purificati
4318 2675 4384 2728 et

1078 2771 1296 2857 sepius
1345 2772 1825 2835 communicent
1873 2782 1937 2833 et
1982 2783 2360 2834 reverenter
2420 2769 2505 2834 ad
2567 2770 2775 2855 ipsam
2837 2770 3357 2834 communionem
3419 2769 3798 2852 accedant4,
3869 2793 3952 2834 ne
4024 2769 4382 2835 secundum
4420 2793 4475 2831 so

1076 2876 1435 2963 apostolum
1489 2879 1786 2942 iuditium
1831 2880 1966 2942 sibi
2008 2878 2380 2941 manducent
2423 2893 2480 2941 et
2524 2880 2753 2942 bibant.

1289 3001 1444 3067 1111.
1539 3002 1628 3066 Ut
1691 3001 2063 3067 sacerdotes
2109 3001 2399 3081 Domini,
2451 3003 2562 3087 qui
2610 3011 2758 3064 sunt
2819 3000 3207 3064 mediatores
3267 3002 3436 3064 inter
3481 3001 3699 3065 Deum
3765 3013 3828 3065 et
3889 3001 4203 3082 homineS,
4264 3024 4384 3089 per

1077 3131 1239 3195 quos
1285 3107 1579 3172 homines
1630 3108 1778 3172 Deo
1824 3108 2347 3189 reconciliantur,
2403 3119 2583 3172 tanto
2648 3107 2986 3194 despectui
3045 3130 3175 3171 non
3237 3106 3617 3189 habeantur,
3681 3106 3797 3171 sed
3859 3132 3976 3194 pro
4038 3131 4257 3172 amore
4318 3121 4384 3173 et

1075 3216 1442 3279 reverentia
1476 3215 1605 3278 Dei
1653 3216 2078 3278 ministerium
2130 3237 2405 3296 sacrum,
2458 3215 2634 3301 quod
2679 3237 2796 3300 per
2843 3237 2954 3278 eos
2987 3214 3135 3279 Deo
3183 3214 3407 3278 exibet
3455 3214 3715 3296 eclesia,
3764 3215 3832 3278 in
3880 3216 3974 3279 eis
4008 3215 4380 3296 honoretur,

1077 3335 1141 3386 et
1187 3333 1258 3386 ut
1305 3345 1342 3385 a
1390 3321 1522 3384 suis
1571 3320 1825 3384 eclesiis
1886 3332 2017 3384 tam
2080 3320 2325 3385 inlicito
2390 3345 2555 3386 ausu
2616 3322 2700 3385 ad
2764 3322 3091 3385 exteriora
3160 3321 3538 3408 peragenda
3601 3344 3730 3386 non
3799 3323 4156 3403 mittantur,
4228 3323 4383 3409 quia
4420 3342 4475 3382 25

1075 3428 1348 3515 proinde
1399 3441 1462 3492 et
1510 3451 1669 3514 opus
1719 3428 2011 3492 divinum
2059 3428 2424 3513 neglegitur
2473 3440 2536 3492 et
2597 3428 2873 3492 infantes
2938 3430 3077 3492 sine
3139 3428 3447 3514 baptismi
3506 3431 3717 3514 gratia
3764 3439 3828 3493 et
3886 3429 4180 3494 homines
4242 3432 4380 3493 sine

1076 3535 1481 3600 confessione
1533 3536 1694 3598 mori
1744 3534 1968 3598 solent.
2065 3533 2268 3599 Cuius
2318 3558 2556 3599 causae
2617 3534 2974 3620 periculum
3040 3545 3104 3598 et
3163 3537 3231 3598 in
3294 3558 3425 3615 eos,
3490 3537 3602 3622 qui
3663 3559 3702 3599 a
3763 3537 3896 3600 suis
3953 3536 4208 3601 eclesiis
4270 3559 4381 3601 eos

1075 3641 1419 3723 advocant,
1470 3652 1535 3704 et
1582 3643 1647 3704 in
1696 3642 2059 3728 episcopOS,
2111 3664 2385 3728 quorum
2433 3643 2648 3705 vicem
2695 3662 2891 3726 agere
2942 3640 3200 3724 debent,
3250 3641 3705 3707 miserabiliter
3749 3654 4160 3729 retorquetur
4180 3648 4222 3709 ⁵.

1289 3766 1370 3834 V.
1464 3766 1556 3831 Ut
1603 3789 1760 3853 erga
1808 3765 2081 3831 eclesias
2130 3767 2425 3852 piissima
2472 3766 2924 3830 misericordia
2969 3778 3192 3831 vestra
3239 3767 3325 3849 id,
3377 3767 3551 3853 quod
3598 3769 3728 3832 iam
3784 3767 4031 3832 dudum
4078 3769 4224 3833 Deo
4287 3770 4380 3832 in-

1076 3875 1361 3959 spirante
1413 3875 1634 3938 statuit
1653 3879 1695 3955 0,
1747 3872 2083 3937 observari
2132 3872 2215 3937 ab
2265 3871 2564 3937 omnibus
2597 3871 2840 3954 iubeat,
2877 3875 3185 3959 quoniam
3224 3874 3518 3960 plerique
3552 3887 3697 3961 post
3736 3897 3990 3939 sacram
4030 3876 4378 3939 iussionem
4420 3892 4476 3933 ³0

1287 4109 1521 4159 Lemma:
1574 4110 1813 4160 'situlum
1856 4111 1963 4160 III.
2018 4110 2154 4159 Item
2195 4110 2377 4159 domni
2417 4107 2726 4160 Hludowici
2765 4111 3106 4176 imperatoris
3149 4111 3212 4161 G.

1289 4200 1333 4248 Ι.
1393 4202 1423 4249 2
1464 4207 1763 4249 conventus
1807 4203 1869 4249 (i.
2017 4203 2047 4248 ⁴
2089 4200 2396 4248 detineatur
2437 4199 2500 4249 G.
2649 4201 2679 4248 9
2720 4195 2845 4263 quo}
2887 4200 3130 4265 iintelliqe:
3172 4208 3233 4250 ut
3272 4216 3337 4251 eo
3381 4199 3443 4250 G.
3591 4202 3892 4252 auctoritas
3934 4201 3999 4251 G.

1289 4289 1392 4337 111.
1455 4289 1518 4337 18
1558 4288 2013 4355 manducaveritis
2056 4287 2119 4337 G.
2265 4286 2336 4336 fili
2378 4287 2441 4337 G.

1289 4378 1422 4427 1111.
1479 4379 1543 4427 27
1586 4370 1638 4442 a]
1680 4378 1748 4426 ad
1792 4376 1856 4426 G.

1295 4595 1349 4664 1)
1388 4593 1483 4665 Cf.
1520 4593 1712 4651 concil.
1749 4592 2064 4650 ..Vicaenum
2099 4614 2144 4650 c.
2181 4598 2238 4663 5,
2276 4594 2677 4651 Antiochenam
2712 4615 2757 4651 c.
2793 4600 2892 4664 20,
2947 4593 3400 4653 Chalcedonense
3432 4616 3478 4651 c.
3507 4598 3585 4654 19
3598 4616 3619 4665 ;
3671 4594 3874 4652 ⁴‘Han-sti
3902 4595 3981 4665 Π,
4019 4598 4157 4654 679.
4193 4599 4374 4655 1326.
4415 4609 4468 4649 ³⁶

1087 4700 1213 4771 VII,
1251 4704 1327 4759 37
1332 4706 1372 4760 8
1395 4723 1478 4775 sq.
1563 4701 1625 4756 V.
1664 4701 1825 4756 etiam
1862 4701 2111 4775 capitula
2144 4700 2634 4776 Aqui-syranensia
2683 4707 2808 4760 802
2858 4700 2976 4758 Oct.
3028 4722 3072 4758 c.
3112 4704 3166 4770 7,
3218 4702 3468 4776 capitula
3517 4711 3785 4777 excerpta
3833 4703 3901 4759 de
3949 4722 4163 4759 canone
4211 4703 4381 4762 806!

1074 4829 1120 4864 c.
1156 4811 1225 4877 1;
1277 4806 1422 4866 MG.
1477 4804 1659 4882 Capit.
1712 4806 1760 4876 I,
1810 4809 1947 4866 107.
1984 4810 2119 4865 133.
2197 4805 2408 4864 Concil.
2459 4807 2808 4883 Rispacense
2855 4818 2952 4865 etc.
2991 4810 3154 4867 799?
3199 4809 3367 4867 800?
3411 4827 3457 4864 c.
3495 4812 3534 4867 6
3548 4830 3566 4877 ,·
3612 4828 3794 4883 supra
3829 4828 3896 4883 p.
3931 4811 4075 4868 208.
4162 4807 4373 4866 Concil.

1073 4914 1399 4970 Paris-ienae
1447 4917 1570 4972 829
1631 4908 1834 4986 (infra
1895 4934 1950 4969 n.
2002 4918 2083 4972 50
2114 4910 2208 4990 D)
2270 4913 2359 4970 lib.
2409 4914 2451 4970 Ι
2502 4934 2547 4971 e.
2597 4919 2698 4984 26,
2761 4914 2849 4971 lib.
2899 4914 3005 4971 III
3057 4935 3102 4971 e.
3153 4917 3245 4974 11.
3477 4915 3538 4984 2)
3613 4913 3711 4987 Cf.
3782 4935 3920 4991 qnos
3986 4915 4378 4972 annotabimus

1072 5022 1156 5077 ad
1222 5021 1414 5077 concil.
1478 5019 1669 5076 Paris.
1734 5023 1858 5079 829
1918 5019 2007 5076 lib.
2058 5019 2099 5075 I
2149 5040 2225 5077 cc.
2280 5023 2335 5079 7.
2387 5025 2444 5080 8.
2555 5021 2618 5076 V.
2678 5022 2841 5077 etiam
2897 5022 2993 5097 qni
3059 5024 3372 5078 laudantur
3433 5022 3491 5077 in
3552 5021 3782 5079 concilio
3849 5021 4192 5080 Triburiemi
4252 5026 4375 5081 895

1074 5149 1118 5183 c.
1154 5131 1267 5196 1·.·›;
1318 5125 1466 5185 MG.
1520 5125 1704 5201 Capit.
1756 5126 1832 5195 II,
1866 5130 1989 5186 219
2011 5148 2095 5202 sq.
2304 5128 2363 5192 3)
2418 5127 2517 5199 Cf.
2569 5128 2761 5184 concil.
2812 5128 3273 5205 Aquisqranense
3318 5133 3445 5188 802
3494 5127 3612 5185 Oct.
3664 5150 3709 5184 c.
3745 5132 3840 5198 10,
3891 5128 4158 5185 Haitonis
4204 5128 4375 5186 Basi-
4413 5144 4469 5182 ιο

1072 5235 1260 5292 liensis
1306 5234 1551 5310 episcopi
1596 5229 1632 5306 (
1630 5237 1755 5292 807
1771 5231 2031 5309 —8239
2094 5235 2343 5309 capitula
2391 5254 2436 5290 c.
2476 5238 2514 5292 7
2526 5255 2547 5304 ;
2622 5233 2767 5293 MG.
2822 5233 3006 5309 Capit.
3058 5234 3105 5303 I,
3142 5237 3276 5293 106.
3315 5238 3454 5294 363.
3546 5236 3609 5291 V.
3661 5237 3821 5289 esiam
3885 5237 4078 5289 roswif.
4137 5237 4374 5309 ,Ην-ψειεν

1074 5342 1283 5397 linense
1331 5345 1451 5400 813
1499 5360 1544 5396 c.
1579 5344 1652 5408 4;
1699 5360 1879 5415 supra
1922 5362 1981 5416 p.
2016 5345 2159 5400 261.
2320 5342 2379 5409 4)
2434 5339 2531 5413 Cf.
2583 5342 2776 5397 concil.
2841 5342 2892 5396 Τ
2888 5361 3162 5398 tironense
3210 5345 3330 5400 813
3378 5362 3422 5399 c.
3460 5347 3557 5411 50,
3612 5345 3997 5397 t'fse‘fs‘Hfflsmsr
4045 5345 4165 5401 ..RH-3
4213 5365 4257 5397 r,
4296 5349 4374 5401 ..Ηέ

1074 5470 1155 5495 =
1192 5447 1628 5523 Inyelheincense
1675 5451 1802 5506 826
1849 5468 1895 5503 c.
1937 5452 2016 5506 10
2030 5470 2049 5516 ;
2108 5468 2286 5522 supra
2324 5468 2390 5523 p.
2429 5450 2573 5507 293.
2624 5452 2769 5507 283.
2821 5452 2963 5517 552,
3016 5448 3331 5523 praecipue
3391 5457 3571 5505 antem
3633 5449 3822 5505 Qumis.
3878 5449 4201 5505 Puriffl'fflm·
4253 5457 4374 5505 ΗΕΗ

1073 5553 1161 5609 lib.
1198 5552 1311 5609 HJ.
1363 5574 1407 5609 e.
1443 5559 1542 5612 20.
1731 5550 1794 5626 5)
1857 5555 1920 5611 V.
1971 5554 2099 5610 ibid.
2149 5555 2238 5610 lib.
2289 5554 2330 5610 I
2366 5574 2442 5610 cc.
2481 5558 2575 5612 19.
2611 5560 2711 5622 20,
2762 5553 2850 5610 lib.
2886 5553 2993 5610 III
3029 5575 3105 5611 cc.
3141 5558 3198 5612 4.
3236 5558 3291 5613 9.
3332 5557 3420 5612 10.
3457 5558 3552 5613 21.
3589 5559 3689 5613 211¹.
3889 5557 3949 5617 li]
4005 5555 4101 5625 [ζῆ
4161 5553 4370 5609 [Νικέα-

1075 5660 1200 5716 ιι·ἰσὶ
1255 5661 1569 5735 capitulare
1630 5661 2054 5718 ecclesiasticam
2103 5652 2335 5733 8185‘19
2384 5681 2429 5716 c,
2467 5665 2545 5720 10
2591 5656 2776 5734 (JJG.
2832 5659 3015 5734 Capit.
3068 5660 3115 5730 I,
3167 5664 3249 5719 27
3254 5663 3291 5718 7
3304 5681 3324 5728 ;
3388 5660 3757 5717 Jliilzlbaefws-
3785 5661 3805 5693 2
3853 5685 3905 5717 η.
3949 5665 4117 5721 liii-ll.
4176 5661 4374 5713 mrim-ff:
4422 5677 4466 5713 *5³

1072 5767 1309 5822 eiusdem
1372 5767 1686 5841 capittdare
1733 5767 2138 5824 Il'ormatiense
2185 5771 2309 5825 829
2356 5768 2505 5844 Any.
2569 5787 2644 5822 cc.
2699 5770 2927 5825 3—10
2975 5762 3045 5839 (l.
3090 5769 3124 5823 l.
3175 5767 3255 5836 II,
3304 5769 3384 5826 12
3406 5787 3565 5842 sqq.,·
3633 5767 4045 5825 .'¹.=‘÷·fffsffif1‹·*.³fflr⁴-*
4093 5789 4145 5821 Η.
4193 5773 4370 5833 ssim.

1087 5873 1153 5928 1⁷.
1208 5873 1369 5928 etiam
1419 5873 1612 5928 com-il.
1668 5873 2335 5930 Jlelclense-Parisiense
2383 5868 2622 5950 845146
2670 5894 2714 5929 c.
2755 5877 2834 5932 63
2848 5895 2867 5942 ,·
2934 5872 3077 5931 JIG.
3133 5872 3318 5948 Capit.
3368 5873 3450 5942 II,
3485 5877 3622 5933 413.
