4884 6717
543 494 607 558 662
1011 497 1063 553 50.
1099 497 1317 554 CONCILIUM
1341 496 1566 553 PARISIENSE
1591 497 1627 551 Α.
1650 497 1724 553 829.

412 707 524 804 τὶῗὶοὲῗ,
541 698 618 754 lecta
641 697 797 752 declarant.
843 695 893 750 Ait
917 696 1014 765 itaque
1039 694 1157 749 Petrus:
1185 693 1287 749 Melius
1310 693 1381 748 euim
1405 692 1460 750 illie
1476 693 1582 765 suerat
1604 712 1660 750 noa
1683 712 1837 769 aqrsoacere
1859 693 1933 751 viam
1958 693 2192 770 autumpnum

536 811 604 878 post
625 803 794 879 waldeman
817 799 944 858 ueritatis
966 809 1120 856 retrorsum
1144 798 1269 857 corvem·
1289 799 1325 856 ab
1349 817 1388 868 eo,
1420 800 1497 875 quod
1517 800 1650 857 traditum
1674 799 1791 858 catillis
1814 809 1912 858 sanetis
1932 802 2077 858 ntandato.
2119 799 2191 859 Con·

417 910 521 1003 “gff-
541 909 601 984 tipit
624 908 695 964 euim
718 908 773 964 illis
795 907 866 963 illud
886 905 947 964 aeri
964 905 1161 981 proverbium:
1187 903 1275 963 Canis
1297 923 1426 962 reversus
1448 907 1491 962 ad
1510 926 1588 962 uarro
1611 906 1739 964 corrritum
1770 916 1797 963 et
1825 927 1872 964 aas
1902 909 1959 964 lota
1989 906 2018 963 in
2048 907 2192 965 volutabro

401 992 522 1109 “Sl-545¹&
541 1015 600 1071 luti.
647 1011 706 1070 Et¹
730 1016 866 1069 Dominus
889 1015 917 1068 in
942 1013 1106 1086 evangelio:
1134 1010 1201 1070 Cum
1225 1011 1383 1076 inmundam,
1415 1013 1517 1084 inquit,
1540 1011 1657 1088 spir-itus
1687 1013 1788 1070 unierit
1817 1013 1853 1070 ab
1882 1013 2001 1084 bmnine,
2032 1014 2111 1070 radit
2135 1033 2192 1089 per

398 1098 522 1227 ufliffiss
541 1124 603 1178 loca
627 1123 722 1190 arido,
754 1121 866 1197 quaerit
886 1119 1009 1195 requiem
1034 1128 1061 1175 et
1082 1139 1138 1176 nore
1162 1118 1269 1175 inuenit
1290 1127 1317 1175 et
1337 1127 1403 1175 tunc
1425 1118 1507 1175 dicit:
1530 1119 1673 1176 Revertar
1696 1119 1725 1175 ia
1750 1121 1859 1176 domum
1883 1139 1981 1190 nisam,
2013 1119 2088 1177 unde
2118 1120 2223 1179 exirit

542 1238 577 1297 et,
603 1229 630 1284 si
654 1228 765 1285 amiens
788 1226 925 1284 inverterit
948 1246 1009 1282 earn
1024 1235 1180 1294 vacantem,
1204 1226 1369 1282 triundatam
1394 1234 1420 1281 et
1433 1234 1575 1294 amatura,
1599 1226 1678 1282 uadit
1701 1234 1726 1282 et
1747 1226 1864 1283 adducit
1884 1246 1974 1285 secam
1997 1235 2099 1301 septem
2122 1226 2194 1283 alios

540 1335 657 1410 spiritur
679 1334 826 1410 nequiores
848 1353 878 1389 se
901 1342 927 1389 et
948 1333 1060 1388 intrant
1081 1332 1109 1388 in
1135 1333 1244 1389 domum
1266 1331 1343 1388 illam
1368 1340 1394 1388 et
1415 1331 1543 1388 habitant
1564 1332 1593 1388 in
1617 1352 1652 1388 ea
1675 1341 1701 1388 et
1723 1341 1805 1389 erum
1819 1333 1970 1390 novissima
1986 1332 2104 1390 hominis
2118 1332 2192 1389 illisu

538 1441 640 1515 peiora
659 1439 812 1516 prioribus.
861 1439 1000 1512 Origenes
1025 1457 1137 1511 quoque
1161 1440 1189 1493 in
1212 1439 1314 1495 omelia
1343 1440 1380 1495 de
1411 1439 1490 1494 initio
1520 1440 1679 1515 decalogis
1697 1437 1865 1495 Habitavit²
1896 1441 1969 1496 enim
1992 1442 2021 1494 in
2043 1441 2124 1494 nobis
2147 1440 2190 1495 in-

541 1549 660 1602 mundus
683 1548 807 1619 spiritus,
832 1554 983 1617 antequam
1007 1547 1198 1612 crederemus,
1222 1553 1376 1617 antequam
1399 1545 1556 1601 veniremus
1580 1548 1616 1600 ad
1640 1545 1791 1614 Christum,
1817 1565 1878 1601 oum
1897 1547 1988 1602 adbuc
2005 1545 2191 1602 fornicaretur

541 1657 633 1709 anima
655 1662 752 1709 nostra
774 1672 792 1708 a
814 1653 877 1708 Deo
902 1660 932 1707 et
956 1660 1033 1707 esset
1056 1671 1118 1706 cum
1142 1653 1313 1707 amatoribus
1336 1652 1392 1706 suis
1416 1653 1614 1720 daemonibus3
1639 1654 1690 1708 sed
1713 1663 1899 1725 posteaquam
1931 1654 2017 1708 dixit:
2049 1653 2190 1708 Revertar
2210 1673 2235 1710 ιο

541 1762 577 1815 ad
600 1763 689 1814 virum
711 1779 804 1816 meum
828 1761 948 1831 priorem
972 1767 1001 1812 et
1025 1761 1104 1814 venit
1127 1760 1163 1812 ad
1187 1757 1340 1822 Christum,
1371 1759 1418 1829 qui
1449 1777 1511 1814 eata
1542 1760 1578 1814 ab
1607 1761 1688 1815 initio
1718 1761 1754 1814 ud
1784 1761 1933 1831 imaginem
1963 1777 2040 1815 suam
2063 1760 2188 1826 creavit3

541 1869 700 1922 necessario
724 1869 815 1921 locum
840 1867 920 1921 dedit
944 1866 1058 1920 adulter
1080 1866 1205 1936 spiritus,
1230 1866 1277 1920 uhi
1301 1865 1379 1919 vadit
1403 1866 1439 1919 ad
1462 1865 1619 1937 legitimum
1643 1867 1741 1920 virum.
1788 1866 1921 1939 Suscepti
1952 1884 2019 1939 ergo
2048 1885 2143 1921 sumus
2172 1886 2190 1922 a

542 1973 664 2041 Christo,
689 1982 720 2030 et
743 1974 879 2028 mundata
902 1979 945 2028 est
969 1973 1067 2027 domus
1090 1978 1187 2027 nostra
1209 1991 1227 2027 a
1248 1972 1375 2043 peccatis
1398 1972 1537 2042 prioribus
1565 1980 1594 2028 et
1624 1982 1724 2028 ornata
1753 1980 1797 2028 est
1827 1975 1998 2028 ornamentis
2028 1992 2187 2028 sacramen-

541 2088 632 2135 torum
655 2080 791 2144 fidelium,
817 2097 888 2151 quae
913 2086 1015 2133 norunt
1040 2080 1087 2148 qui
1110 2079 1212 2132 initiati
1236 2085 1312 2132 sunt.
1351 2077 1421 2133 Item
1444 2079 1520 2134 idem
1543 2087 1608 2151 post
1630 2098 1736 2151 pauca:
1762 2075 1847 2136 Non³
1863 2081 1937 2136 euim
1953 2081 2050 2135 domus
2066 2087 2187 2146 tantum,

540 2190 592 2243 sed
615 2186 751 2258 templum
776 2205 839 2242 esse
864 2186 963 2254 debet,
987 2186 1016 2238 in
1040 2202 1095 2255 quo
1117 2184 1229 2239 habitet
1253 2185 1342 2239 Deus.
1389 2183 1419 2239 Si
1443 2203 1510 2257 ergo
1534 2194 1679 2257 acceptam
1702 2188 1821 2258 gratiam
1844 2187 1980 2259 neglegat
2004 2195 2033 2241 ct
2061 2187 2187 2258 implicet
2206 2203 2232 2243 to

540 2314 571 2348 se
594 2295 716 2364 negotiis
740 2293 940 2358 saecularibus,
965 2293 1097 2346 continuo
1122 2289 1169 2344 ille
1193 2273 1480 2363 inmundusapiritus
1504 2293 1580 2348 redit
1604 2302 1633 2347 et
1660 2294 1785 2348 vindicat
1814 2293 1866 2347 sibi
1897 2294 2009 2348 domurn
2038 2301 2187 2348 vacantem

362 2411 521 2478 animiam.
541 2410 581 2466 et,
606 2419 642 2455 ne
666 2403 767 2455 iterum
789 2400 879 2471 possit
904 2398 1017 2470 expelli,
1043 2398 1111 2452 ahos
1135 2416 1231 2452 secum
1254 2404 1365 2468 septem
1395 2399 1510 2470 spiritus
1540 2399 1657 2454 adhibet
1686 2401 1848 2471 nequiores,
1879 2407 1906 2455 et
1926 2399 2004 2475 fiunt
2033 2398 2190 2455 huiscemodi

387 2467 521 2516 Luc‘u’m
540 2507 690 2563 suavissima
721 2505 838 2562 lerninis
863 2505 966 2580 peiora
992 2504 1146 2579 prioribus.
1200 2505 1239 2558 Et
1261 2504 1342 2559 Beda
1373 2505 1401 2558 in
1433 2505 1605 2575 expositione
1638 2506 1778 2577 evangelii
1806 2506 1919 2560 Lucae:
1952 2503 2187 2577 Quemcumque⁴

540 2616 613 2668 enim
636 2620 701 2685 post
723 2614 864 2684 baptisma
886 2613 945 2668 sive
970 2612 1094 2683 pravitas
1117 2611 1246 2666 heretica
1268 2629 1319 2665 seu
1346 2612 1489 2667 mundana
1516 2612 1657 2685 cupiditas
1688 2613 1848 2684 arripuerit,
1879 2630 1942 2668 mox
1970 2614 2091 2667 omnium
2121 2630 2187 2684 pro·

539 2729 648 2776 sternet
671 2721 699 2775 in
723 2722 777 2774 ima
800 2720 939 2775 vitiorum.
987 2717 1071 2773 Unde
1095 2725 1174 2772 recte
1198 2719 1349 2789 nequiores
1380 2725 1447 2773 tuno
1479 2737 1542 2774 eum
1572 2720 1686 2791 spiritus
1715 2720 1848 2774 dicuntur
1877 2720 2005 2791 ingressi,
2036 2720 2103 2790 quia
2131 2738 2187 2774 non
2205 2736 2233 2774 ao

539 2828 627 2882 solum
651 2828 768 2882 habebit
792 2827 841 2880 illa
863 2833 975 2897 septem
998 2825 1076 2890 vitia,
1101 2843 1173 2894 quae
1197 2832 1309 2896 septem
1333 2826 1506 2896 spiritalibus
1536 2833 1603 2881 sunt
1633 2827 1773 2882 contraria
1802 2826 1963 2892 virtutibus,
1994 2827 2045 2882 sed
2077 2833 2107 2881 et
2135 2844 2188 2897 per

492 2955 521 2997 so,
538 2935 698 3006 hypocrisin
723 2935 798 3004 ipsas
821 2951 852 2988 se
877 2933 997 2986 virtutes
1020 2931 1126 2987 babere
1151 2931 1304 2998 simulabit,
1336 2939 1363 2987 et
1387 2940 1454 2988 sunt
1481 2931 1631 2989 nouusima
1662 2933 1779 2988 bominis
1807 2932 1881 2988 illius
1906 2932 2008 3007 peiora
2032 2931 2187 3007 prioribus.

365 3061 519 3110 arsurus.
540 3040 643 3096 Melius
674 3039 777 3114 quippe
807 3047 869 3094 erat
898 3037 923 3093 ei
952 3037 1026 3094 aiam
1056 3037 1181 3093 veritatis
1211 3056 1268 3093 uon
1296 3056 1461 3113 oopuoacere
1484 3058 1568 3114 quam
1593 3047 1661 3114 post
1683 3039 1852 3115 agnitionem
1877 3047 2029 3095 retrorsum
2054 3037 2186 3096 converti.

403 3149 518 3251 0223?
539 3146 621 3211 Quod
656 3148 684 3201 in
720 3147 791 3201 Iuda
824 3146 961 3200 traditore
996 3144 1042 3198 vel
1072 3143 1184 3198 Simone
1220 3162 1301 3216 mago
1336 3148 1498 3217 ceterisque
1533 3145 1638 3201 talibus
1673 3147 1838 3219 specialiter
1874 3146 1994 3218 legimus
2027 3146 2185 3217 impletum.

538 3255 714 3326 Augustinus
738 3271 849 3324 quoque
874 3253 902 3306 in
923 3250 995 3306 libro
1019 3251 1216 3305 Enohiridion:
1249 3248 1412 3306 creduntur
1421 3247 1443 3320 ⁵,
1473 3253 1575 3324 inquit,
1607 3254 1693 3308 etiam
1721 3253 1760 3321 hi,
1793 3254 1840 3324 qui
1870 3271 1972 3308 nomen
1996 3250 2101 3307 Christi
2130 3269 2185 3307 uon
2203 3267 2231 3306 ao

538 3361 702 3432 relinquunt
727 3367 757 3414 ot
782 3360 842 3413 eius
864 3358 976 3413 lavacro
999 3360 1027 3411 in
1052 3357 1175 3412 ecelesia
1197 3358 1378 3429 baptizantur
1400 3377 1454 3414 nee
1477 3360 1514 3414 ab
1544 3377 1580 3414 ea
1609 3359 1667 3414 ullo
1697 3360 1847 3415 schismate
1878 3359 1922 3414 vel
1952 3358 2044 3414 heresi
2075 3360 2184 3430 praeci·

538 3468 652 3534 duntur,
677 3469 706 3522 in
730 3466 916 3538 quantislibet
940 3465 1095 3520 sceleribus
1118 3466 1226 3532 vivant,
1251 3483 1306 3535 que
1330 3483 1383 3520 nec
1407 3465 1517 3521 diluant
1547 3468 1721 3537 paenitendo
1752 3484 1805 3521 nee
1835 3466 2005 3537 elemosynis
2034 3466 2185 3531 redimant,

538 3576 589 3629 sed
614 3576 641 3627 in
666 3575 705 3628 eis
729 3592 818 3644 usquo
843 3574 879 3627 ad
902 3572 1028 3626 ultimum
1052 3571 1134 3625 huius
1157 3572 1233 3626 vitae
1258 3572 1333 3627 diem
1355 3573 1577 3644 pertinacissime
1601 3581 1799 3645 perseverent,
1824 3573 1893 3628 salii
1909 3572 1997 3627 futuri
2013 3574 2184 3644 perignem,

539 3682 607 3736 lieet
631 3698 681 3752 pro
705 3680 897 3751 magnitudine
922 3678 1075 3734 facinorum
1098 3678 1324 3750 flagitiorumque
1348 3680 1490 3747 diuturno,
1514 3699 1570 3735 non
1593 3688 1688 3735 tamen
1713 3687 1830 3736 aeterno
1846 3680 1903 3752 igni
1922 3680 2024 3750 puniri.
2064 3678 2122 3734 Sed
2138 3682 2185 3751 qui

538 3788 590 3842 boo
614 3788 735 3841 eredunt
759 3795 789 3842 et
816 3793 912 3840 tamen
942 3785 1072 3841 catholici
1102 3794 1178 3852 sunt,
1209 3786 1331 3840 humana
1360 3787 1481 3856 quadam
1511 3787 1704 3842 benivolentia
1733 3786 1800 3841 mihi
1829 3785 1889 3841 falli
1918 3787 2061 3840 videntur.
2114 3786 2185 3840 Nam
2204 3799 2231 3838 ao

539 3897 677 3966 scriptura
706 3893 801 3947 divina
831 3892 906 3947 aliud
937 3891 1066 3947 consulta
1095 3893 1252 3962 rospondit.
1306 3892 1345 3946 Et
1375 3891 1460 3963 paulo
1489 3899 1569 3964 post:
1601 3888 1711 3947 Porro⁶
1741 3901 1836 3947 autern
1866 3894 1889 3946 si
1918 3893 1999 3946 bomo
2029 3891 2185 3948 sceleratus

378 4020 518 4069 seorsus.
538 4009 656 4073 propter
678 4001 764 4056 solam
787 3998 874 4054 fidem
896 4019 949 4071 per
972 4000 1064 4070 ignom
1089 3999 1223 4065 salvatur,
1248 4005 1278 4054 et
1301 3999 1341 4052 sic
1365 4006 1409 4054 est
1433 4000 1637 4071 accipiendum,
1668 4001 1743 4070 quod
1773 4001 1812 4053 ait
1842 4000 1945 4054 beatus
1968 3998 2088 4053 Paulus:
2121 3998 2186 4074 Ipse

539 4116 629 4163 autem
652 4109 747 4164 ameris
770 4105 838 4174 erit,·
861 4104 902 4160 sie
924 4114 1016 4161 tarnen
1039 4105 1122 4180 quasi
1138 4124 1195 4179 per
1217 4103 1326 4180 ipneni:
1348 4106 1455 4176 poterit
1480 4123 1546 4177 ergo
1570 4105 1679 4161 salvare
1703 4107 1763 4160 sine
1783 4106 1916 4178 operibus
1932 4105 2013 4172 lidos,
2040 4112 2069 4159 et
2085 4105 2184 4161 falsum

363 4207 520 4301 ξὲοῑξζῇξῇ·
539 4216 592 4270 erit
617 4215 692 4286 quod
717 4215 786 4268 dixit
811 4214 871 4268 eius
894 4213 1071 4284 coapostolus
1094 4212 1225 4279 Iacobus,
1250 4211 1351 4267 falsum
1376 4213 1430 4266 erit
1461 4220 1491 4267 et
1522 4212 1602 4279 illud,
1634 4214 1709 4284 quod
1740 4214 1814 4268 idem
1844 4214 1905 4285 ipse
1929 4211 2050 4267 Paulus:
2082 4211 2183 4280 oblite,

539 4322 640 4392 inquit,
673 4339 789 4388 errare;
817 4340 905 4394 neque
932 4319 1131 4389 fornicatores
1159 4337 1248 4393 neque
1278 4317 1359 4374 idolis
1387 4318 1537 4374 sortientes
1570 4338 1659 4394 neque
1692 4319 1816 4375 adulteri
1848 4336 1937 4393 neque
1971 4319 2064 4374 molles
2098 4337 2186 4394 neque
2203 4336 2229 4377 aa

539 4428 724 4482 iiiaaeulmum
748 4425 936 4483 concubitores
967 4443 1055 4500 neque
1077 4426 1165 4496 sures
1195 4444 1283 4499 neque
1311 4424 1398 4480 arari
1426 4443 1514 4499 aeque
1543 4424 1644 4482 ebriosi
1670 4445 1760 4500 neque
1789 4424 1919 4482 rualedici
1947 4444 2035 4499 neque
2063 4444 2186 4500 rapaces

540 4553 654 4609 requam
680 4532 737 4588 Dei
752 4531 944 4608 possidebunt.
990 4532 1020 4586 si
1044 4533 1118 4586 onim
1142 4533 1228 4586 otium
1251 4532 1278 4586 in
1302 4532 1361 4585 istis
1385 4539 1604 4602 perseverantes
1627 4533 1796 4600 criminibus,
1829 4541 1925 4587 tamen
1953 4539 2071 4604 propter
2100 4531 2185 4588 fidem

540 4640 643 4695 Christi
667 4641 736 4695 salvi
761 4647 854 4707 erunt,
880 4640 1018 4710 quomodo
1041 4641 1069 4693 in
1093 4657 1181 4710 regno
1205 4639 1261 4693 Dei
1285 4656 1341 4694 non
1365 4641 1470 4693 enmt?
1517 4637 1546 4693 si
1569 4639 1656 4711 igitur
1685 4640 1761 4694 iuxta
1791 4639 1983 4711 evangelicam
2014 4640 2184 4694 sententiam

538 4755 603 4819 post
626 4748 797 4819 agnitionem
821 4746 925 4800 Christi
949 4747 1011 4817 quis
1034 4747 1168 4817 nequiter
1190 4746 1312 4800 vivendo
1335 4745 1463 4816 spiritum
1486 4746 1659 4812 inmundum,
1684 4747 1732 4817 qui
1755 4765 1772 4801 a
1795 4764 1825 4800 se
1850 4753 1977 4817 tempore
2006 4747 2184 4818 baptismatis

634 4956 677 5022 ¹X.
706 4949 815 5018 aillno]
835 4953 875 5004 illi
896 4954 926 5004 P.
1017 4958 1031 5002 4
1057 4947 1140 5017 vadit]
1159 4955 1247 5018 inquit
1264 4954 1353 5003 iterum
1370 4953 1430 5003 aad.
1452 4953 1478 5003 Γ,
1572 4956 1603 5004 15
1626 4950 1757 5019 implicet]
1776 4953 1913 5020 implificot
1931 4954 1965 5005 P·
2054 4958 2088 5006 20
2111 4951 2181 5018 oum]
2201 4975 2229 5015 ω

540 5047 610 5094 enim
631 5045 657 5093 Γ.
678 5043 708 5094 Ρ.
789 5046 823 5094 22
844 5043 989 5107 hipchriain
1009 5044 1036 5091 Γ.
1113 5045 1146 5093 tt
1172 5043 1289 5107 Symone
1309 5042 1340 5092 P.
1425 5045 1458 5093 25
1478 5043 1627 5107 signatinus
1647 5043 1677 5093 P.
1763 5046 1797 5094 26
1815 5039 1970 5106 schismate]
1992 5044 2136 5095 chrismato
2157 5045 2183 5095 Γ.

539 5136 572 5185 at
593 5134 739 5200 penitendo
762 5134 786 5182 Γ.
860 5135 893 5182 35
913 5133 1007 5197 inquid
1027 5132 1054 5181 Γ.
1127 5133 1161 5182 38
1181 5131 1373 5196 ea'augolicam
1393 5132 1420 5181 Γ.
1440 5131 1471 5182 Ρ.

649 5314 677 5378 l)
705 5314 754 5371 Ea
777 5313 849 5371 Iona
873 5314 980 5382 Aurei,
1004 5312 1051 5368 De
1073 5312 1242 5369 institutione
1265 5312 1362 5369 laicali
1384 5312 1404 5367 I
1422 5332 1445 5369 c.
1464 5316 1510 5372 19.
1603 5313 1633 5382 2)
1656 5312 1747 5370 Verba
1770 5314 1918 5370 Habitasit
1936 5344 1974 5355 —
1993 5316 2095 5371 initiati
2118 5325 2184 5371 suut

539 5417 570 5496 (l.
589 5419 639 5497 ll)
656 5422 807 5497 steterumt
829 5440 865 5476 ar
889 5418 1014 5496 Oriqius,
1039 5419 1164 5476 Humilia
1188 5423 1209 5477 8
1232 5419 1260 5475 iu
1286 5418 1385 5476 Exodi
1406 5439 1430 5475 c.
1447 5423 1489 5478 20
1517 5421 1551 5476 de
1573 5418 1650 5476 initio
1674 5420 1817 5496 decalopi,·
1848 5417 1922 5496 opp.
1940 5419 1961 5476 I
1978 5416 2034 5495 (ecl.
2052 5421 2186 5479 Basileae

539 5525 642 5603 1536),
662 5549 694 5604 p.
713 5532 762 5586 95.
861 5529 891 5596 3)
914 5527 1005 5584 Verba
1028 5528 1091 5581 Non
1115 5528 1189 5582 enirn
1209 5527 1402 5597 -prioribus
1427 5518 1458 5599 (t.
1475 5521 1527 5600 18)
1551 5525 1649 5582 ibidem
1673 5528 1811 5603 leguntur.
1910 5527 1940 5596 4)
1965 5527 2055 5585 Verba
2078 5528 2183 5593 Quem·
2202 5548 2230 5588 to

539 5654 657 5706 aruaque
678 5635 879 5706 -impletum
902 5627 933 5704 (l.
951 5629 1004 5709 et)
1028 5633 1194 5708 deprompta
1209 5641 1274 5688 sunt
1289 5651 1325 5688 ex
1340 5632 1432 5702 Beda,
1458 5632 1608 5707 Expositio
1631 5632 1661 5690 in
1684 5653 1707 5689 c.
1726 5635 1761 5691 11
1785 5633 1924 5710 euangelii
1940 5634 2036 5692 Lucae
2042 5657 2052 5703 ;
2077 5635 2184 5712 Myos,

540 5742 650 5798 Patr-ol.
680 5743 729 5798 lat.
755 5741 849 5810 XCII,
874 5743 936 5800 478
955 5761 996 5815 sq.
1112 5739 1142 5808 5)
1172 5738 1262 5796 Verba
1287 5738 1449 5794 Credantur
1473 5741 1558 5795 etiam
1577 5742 1778 5813 -respondit
1802 5733 1835 5813 (l.
1860 5737 1910 5816 31)
1940 5750 2006 5798 suat
2028 5741 2184 5818 Augustini,

540 5847 728 5905 Eurlriridiou
751 5839 847 5923 §ffis
872 5847 945 5922 (lpp.
970 5845 1017 5914 VI,
1035 5849 1104 5904 221.
1174 5845 1205 5914 6)
1229 5845 1320 5901 Verba
1342 5846 1428 5901 Porro
1448 5875 1485 5886 -
1505 5855 1587 5903 erunt
1604 5841 1635 5920 (l.
1653 5843 1705 5921 38)
1730 5867 1766 5904 ea
1781 5848 1873 5904 eodem
1884 5847 1970 5919 sonte
1985 5856 2095 5924 sumpta
2109 5857 2184 5905 sunt.
