4884 6717
255 502 466 560 APPENDIX.
515 503 544 558 t.
577 501 758 559 CANONES
783 502 1272 559 CONCILIOWORMATIENSI
1296 501 1421 557 FALSO
1446 499 1655 557 ADSCRIPTI
1678 499 1805 555 1110.
1846 495 1909 556 821

254 800 303 907 t.
342 795 680 907 CANONES
720 795 1060 907 OONCILIO
1102 794 1642 905 WORMATIENSI
1679 792 1912 904 FALSO

884 1008 1282 1119 Absentem.

1047 1226 1121 1294 tto.

365 1442 539 1544 Referunt
561 1457 606 1521 uu
628 1481 744 1520 artuum
766 1465 841 1524 770.
867 1457 999 1521 anrraks
1014 1457 1239 1521 Lnarrssenses
1264 1458 1399 1520 maiores
1422 1456 1516 1519 baec:
1540 1502 1547 1516 .
1567 1499 1599 1518 ..
1624 1452 1761 1517 domnus
1777 1452 1914 1518 Carolus

225 1586 318 1628 srex
342 1562 456 1627 habuit
479 1561 640 1649 synodum
665 1565 698 1627 iu
716 1562 931 1628 Warmatiam
956 1564 1132 1644 civitatem,
1156 1588 1237 1649 quiae
1263 1565 1294 1627 in
1318 1564 1489 1626 annalibus
1505 1563 1566 1648 qui
1586 1562 1734 1626 dicuntur
1749 1560 1918 1625 Einhardi

259 1674 292 1735 in
315 1672 396 1734 bunc
419 1670 545 1734 modium
569 1684 768 1756 repetuntur:
793 1656 943 1734 Domnus
960 1668 1082 1733 Kar-lus
1099 1691 1159 1732 rex
1183 1668 1296 1732 habuit
1319 1667 1432 1754 populi
1449 1670 1499 1732 sui
1516 1679 1712 1732 conventum
1728 1666 1913 1752 generalem

257 1778 290 1840 iu
308 1775 498 1841 Wormaeia
528 1777 683 1840 civitate¹
716 1777 814 1860 (Aren.
845 1780 939 1865 reyni
959 1778 1158 1841 Francorum
1190 1777 1237 1840 ut
1271 1776 1378 1839 Korne
1403 1799 1438 1860 p.
1464 1783 1508 1844 30
1519 1778 1592 1860 so).
1651 1775 1715 1839 Cui
1741 1777 1914 1854 concentui,

259 1909 449 1970 qreanrquom
482 1884 520 1948 <le
551 1908 586 1949 eo
616 1883 712 1949 aliud
733 1884 819 1948 nibil
846 1898 973 1965 consuit,
1004 1899 1105 1948 tamen
1129 1911 1148 1948 a
1173 1883 1266 1947 Petro
1289 1909 1308 1946 u
1338 1881 1457 1968 Thymo
1482 1881 1588 1969 (culpo
1612 1882 1679 1946 Van
1703 1882 1759 1945 der
1781 1880 1915 1968 Heyden

259 1991 368 2076 dicto),
392 1993 451 2077 qni
472 1993 551 2056 obiit
572 2016 655 2054 anno
681 1998 790 2070 1473„
815 1991 965 2054 nonnulli
984 2015 1117 2054 canones
1140 1992 1364 2067 attribuuntur,
1388 2013 1465 2074 quos
1488 1989 1684 2075 deprompsit
1706 2012 1745 2053 ex
1761 1987 1918 2052 Gratiani

216 2122 240 2161 n
259 2098 391 2179 decreto,
409 2099 465 2162 ubi
478 2121 517 2162 ex
533 2097 724 2162 Burcleordi
739 2097 977 2161 Worrnatienses
993 2097 1305 2184 episcopi(†1025)
1324 2096 1444 2160 decreto
1461 2098 1580 2182 recepti
1592 2109 1671 2159 sunt.
1703 2094 1915 2158 Burcbarclus

259 2218 361 2270 ornem
383 2204 531 2269 attibuit
553 2207 586 2269 in
612 2203 788 2290 repetendis
812 2205 969 2290 capitibus
992 2212 1010 2269 1
1031 2211 1097 2271 ete
1120 2205 1287 2267 concilium
1313 2202 1583 2290 Selipenstodense
1606 2227 1689 2266 aureo
1712 2209 1811 2268 1023.
1836 2202 1912 2265 cele-

259 2314 392 2391 bratum,
416 2314 451 2375 in
474 2311 654 2399 allepandis
678 2312 836 2397 capitibus
851 2319 873 2378 3
889 2325 917 2374 et
932 2318 952 2375 t
968 2311 1123 2397 Armepese'
1137 2310 1389 2374 Foriutnellensis
1412 2310 1535 2373 abbatie
1558 2309 1766 2372 collectionem
1791 2312 1912 2393 capitu·

259 2421 389 2498 lorium,
413 2420 503 2482 cuites
511 2419 622 2506 fontes
637 2417 683 2480 od
697 2431 803 2481 nostra
821 2442 917 2503 usque
925 2431 1138 2503 peruenerunt
1152 2431 1302 2502 tempora.
1339 2414 1543 2503 Sinpulorurn
1560 2418 1696 2501 capitum
1714 2417 1802 2502 oripo
1821 2418 1911 2479 saria

260 2528 389 2592 lectione
412 2528 580 2612 unicuique
604 2528 707 2611 copiti
726 2525 850 2589 adiecta
868 2525 1091 2602 illustrabitur,
1109 2525 1298 2609 praesertim
1316 2547 1385 2586 cum
1402 2547 1507 2586 eorum
1524 2522 1764 2607 utrumquodque
1779 2522 1912 2586 connrle·

215 2659 240 2699 ra
260 2636 360 2699 rimus
383 2659 452 2698 curn
478 2633 636 2697 Gratiano
660 2646 689 2696 et
703 2632 797 2717 fonte
821 2631 986 2718 oriqinali,
1018 2633 1049 2694 in
1074 2631 1329 2694 annotationibus
1351 2643 1453 2692 aretem
1479 2628 1515 2692 id
1536 2631 1666 2714 opimus,
1691 2643 1722 2692 nt
1737 2631 1913 2715 patefieret,

259 2766 322 2826 qua
346 2743 399 2805 aio
423 2765 556 2804 canones
580 2742 613 2802 in
638 2739 754 2804 libram
778 2737 869 2802 Petri
888 2764 908 2801 a
937 2737 1055 2824 leprno
1074 2738 1285 2823 peruenerint.
1337 2738 1511 2800 Garama
1536 2738 1642 2822 ipitur,
1666 2760 1704 2799 ne
1727 2736 1803 2800 boec
1825 2737 1912 2822 copi·

259 2848 324 2912 tula
346 2850 484 2935 pennino
508 2871 572 2911 esse
593 2860 757 2934 perterritis:
785 2846 847 2909 duo
871 2859 949 2909 certe
972 2858 1045 2907 sant
1066 2846 1202 2929 oripinis
1226 2843 1468 2928 Karalinpicoa
1492 2842 1554 2905 duo
1577 2844 1689 2906 aetotn‘s
1708 2844 1896 2928 posterioris
1904 2866 1914 2922 ,·

258 2954 370 3019 Petrus
393 2981 413 3018 a
441 2953 471 3017 T
469 2955 560 3040 leymo
583 2954 753 3040 falsarius
782 2954 950 3037 nonfuit,
980 2951 1037 3015 sed
1068 2953 1103 3015 in
1126 2975 1160 3015 eo
1186 2949 1412 3034 vituperandae
1435 2963 1488 3027 est,
1519 2949 1605 3034 quod
1632 2951 1738 3035 capita
1770 2949 1914 3013 diuersae

259 3062 380 3126 indole‘a
412 3063 578 3125 contraeas·
604 3060 829 3124 Worrnatiensi
855 3061 937 3122 anni
964 3066 1039 3124 770.
1072 3057 1256 3142 adscripsit,
1287 3058 1348 3120 etsi
1374 3055 1412 3118 de
1436 3058 1503 3119 eius
1530 3058 1654 3120 statutis
1672 3081 1808 3142 prorsus
1831 3056 1916 3119 nibil

214 3196 241 3235 ao
259 3170 430 3256 offirmare
456 3192 636 3254 possumus,
665 3169 747 3230 sieut
777 3190 836 3230 non
867 3179 994 3245 cortstat,
1025 3179 1127 3228 utrurn
1152 3165 1203 3227 bie
1227 3177 1391 3226 carmentae
1413 3163 1522 3248 fuerit
1553 3187 1634 3226 eriere
1664 3162 1843 3226 mundanus
1871 3186 1914 3225 on

262 3278 362 3362 tanais
386 3276 614 3339 ecclesiasticus
637 3274 688 3338 eel
708 3273 882 3361 synodales.

369 3426 465 3482 Eau..·
490 3424 591 3481 Petrum
615 3444 633 3480 a
663 3423 778 3497 Tbyrno,
802 3422 934 3480 Isotorio
957 3420 1137 3478 Brobantiae
1160 3419 1341 3496 deplanatione
1360 3440 1436 3495 pars
1452 3419 1472 3475 Ι
1490 3419 1530 3475 tit.
1548 3419 1598 3475 XI
1616 3439 1679 3494 cap.
1697 3418 1734 3476 II
1752 3420 1795 3475 eet.
1822 3418 1857 3474 F.
1878 3418 1912 3474 A.

261 3533 331 3590 baro
353 3532 389 3589 ab
413 3530 597 3608 Reiffcnbery
620 3530 641 3586 I
658 3525 818 3605 (Bausta
842 3525 945 3606 1830),
971 3549 1005 3605 p.
1024 3531 1093 3587 196.
1118 3558 1161 3567 -
1189 3527 1278 3604 Rea:
1304 3526 1651 3596 Biberer-Mttblbocber‚
1683 3526 1772 3603 chp.
1805 3523 1916 3600 imperii

261 3641 304 3696 ed.
321 3643 351 3701 2.
377 3640 397 3695 1
416 3660 444 3697 n.
461 3638 552 3698 138b.
600 3637 704 3694 ‘Neues
726 3636 847 3693 Arcbiu⁷
873 3635 987 3706 XXIV,
1004 3639 1066 3694 193
1089 3655 1158 3691 aare.
1176 3637 1203 3692 1.

215 3909 242 3949 as
368 3865 650 3960 Karolomannus‚
675 3878 789 3942 tertius
813 3876 908 3941 huius
932 3876 1081 3956 nominis,
1113 3874 1266 3961 princeps
1290 3871 1489 3937 Brabantiae
1520 3883 1553 3937 et
1580 3871 1647 3936 dux
1670 3873 1914 3939 Austrasiorum

261 3999 358 4074 atque
382 4008 460 4051 suae
485 3986 595 4072 stirpis
619 3983 782 4048 secundus
805 4005 865 4046 rex
888 3983 1100 4063 Francorum,
1131 4003 1217 4045 enno
1249 3980 1392 4044 seeundo
1424 3980 1516 4066 regni
1540 3982 1589 4043 sui
1614 3981 1648 4043 in
1672 3981 1802 4044 civitate
1819 3979 1913 4044 Wor-

261 4095 360 4158 matie
381 4092 542 4180 synodum
559 4090 748 4172 celebravit,
773 4091 806 4153 iu
831 4111 895 4175 qua
918 4087 1019 4152 multa
1042 4086 1185 4152 salubria
1209 4086 1297 4150 edita
1322 4097 1396 4151 sunt
1420 4097 1539 4151 statuta
1555 4100 1588 4152 et
1603 4087 1688 4150 inter
1703 4098 1833 4151 caetera
1848 4086 1913 4168 illa,

261 4223 345 4289 quae
369 4210 558 4288 sequuntur.

367 4325 424 4413 (Ι).
459 4323 503 4387 Π.
529 4322 568 4404 Q.
594 4321 634 4386 V.
670 4325 897 4402 Interrogatum²
921 4337 965 4384 est
989 4329 1011 4382 si
1028 4328 1136 4383 duodo
1153 4328 1294 4382 adulterio
1311 4326 1568 4398 iraculpstifuerint
1585 4336 1613 4382 et
1630 4326 1914 4399 unusproliteturet

217 4461 243 4500 to
261 4444 334 4498 alter
363 4449 462 4514 negat,
493 4440 561 4511 quid
591 4439 658 4494 iudo
689 4438 831 4510 agendum
861 4436 908 4490 sit.
956 4436 1112 4489 Decretum
1145 4443 1189 4488 ent
1212 4453 1230 4488 a
1253 4443 1351 4488 saneto
1381 4434 1510 4501 concilio,
1542 4443 1574 4488 ut
1597 4434 1655 4500 ille,
1684 4435 1732 4505 qui
1755 4435 1912 4502 negaverit,

260 4549 400 4622 probabili
423 4566 454 4603 se
479 4547 581 4601 iudicio
606 4551 746 4617 expurget
771 4551 801 4600 et
824 4545 872 4616 qui
896 4542 1040 4615 professus
1064 4541 1150 4597 fuemt
1174 4542 1286 4609 dignam
1311 4542 1515 4612 poenitentiam
1540 4549 1618 4612 agat.

368 4775 486 4826 Lenaea:
505 4775 548 4825 De
567 4774 673 4840 synodo
691 4789 741 4823 seu
760 4770 878 4823 coneilio
893 4770 1087 4821 wormatiensi
1107 4775 1133 4819 et
1152 4769 1211 4819 eius
1231 4769 1343 4819 statutis
1364 4767 1453 4818 Petrus
1470 4785 1488 4817 a
1511 4767 1616 4832 Thymo.

367 4885 401 4934 25
420 4875 648 4943 Karolomannus]
668 4879 777 4944 intelliye
796 4876 911 4929 Karalus
931 4877 1054 4943 Magnus.

368 4985 411 5054 (Ι).
440 4991 474 5039 20
494 4983 530 5052 (Ι)
549 4984 609 5050 ete]
627 5001 742 5036 animnos
759 4985 929 5050 apposuimus.
997 4984 1034 5033 11.
1055 4985 1086 5044 Q.
1101 4982 1133 5034 V.
1151 4981 1296 5046 siprnfioant
1308 4980 1408 5045 fontem
1425 4980 1543 5038 misteria
1562 4981 1614 5029 scil.
1635 4980 1756 5030 Gratiani
1773 4998 1874 5030 cauum
1892 4989 1916 5031 et

217 5091 243 5130 tt
261 5080 434 5146 quoesfiouern.
508 5078 709 5142 Interrogatus
723 5097 757 5108 -
771 5068 845 5139 agat]
870 5074 925 5124 coll.
943 5091 1000 5123 eum
1020 5071 1140 5122 Gratiani
1157 5070 1224 5119 decr.
1246 5071 1304 5119 (1.2
1322 5074 1393 5136 qub
1412 5087 1432 5119 c.
1447 5073 1479 5118 24
1499 5067 1537 5118 etl.
1558 5067 1691 5134 liiedbery
1711 5070 1798 5130 I,to't
1817 5065 1861 5130 (--·
1878 5069 1915 5130 G)

261 5165 798 5233 etooncilioSeliyerutaderui1023c.7,
825 5162 889 5214 tto.
911 5165 992 5212 tirno.
1012 5161 1034 5221 1,
1049 5164 1101 5210 037
1119 5159 1134 5216 (
1143 5181 1164 5196 „-
1181 5159 1222 5213 S).
1302 5153 1513 5223 Interrogatum]
1541 5158 1610 5208 Item
1634 5160 1662 5208 iu
1681 5157 1914 5224 salegustadiensi

262 5256 379 5309 concilio
399 5275 422 5306 c.
440 5259 455 5307 'l
472 5254 613 5322 praemittit
633 5254 665 5314 0,
690 5254 719 5303 ei
745 5252 800 5302 duo
826 5251 959 5318 inculpati
979 5251 1080 5301 luerint
1103 5251 1129 5300 in
1149 5246 1286 5299 adulterio
1306 5256 1333 5298 et
1352 5263 1421 5297 unus
1441 5247 1583 5313 profitetur
1602 5253 1627 5296 et
1646 5246 1715 5297 alter
1735 5255 1825 5313 neget,
1849 5248 1914 5314 quid

262 5347 325 5398 inde
348 5347 502 5396 faciendum
528 5346 563 5394 sit
584 5341 725 5409 praemittit
744 5343 773 5391 S.
865 5336 910 5404 de]
936 5343 963 5390 in
984 5339 1013 5388 S.
1103 5338 1274 5403 profiteretur
1294 5335 1322 5386 S.
1413 5339 1448 5388 30
1473 5343 1587 5401 negaret
1607 5334 1635 5386 S.
1725 5333 1768 5400 sit]
1794 5345 1867 5386 esset
1886 5336 1916 5387 S.

263 5438 294 5486 31
315 5436 398 5501 digne
418 5435 447 5486 S.

218 5679 246 5718 m
373 5653 401 5720 1)
426 5650 474 5725 Cf.
497 5669 571 5727 quae
594 5647 771 5725 sepontinum
794 5645 898 5703 ‘Neues
920 5644 1042 5702 Arcbiv’
1067 5642 1180 5714 XXIV,
1197 5647 1314 5719 etiosa.
1418 5637 1448 5718 2)
1474 5642 1546 5718 Cap.
1564 5645 1580 5701 1
1597 5663 1639 5688 =
1659 5640 1765 5700 Concil.
1792 5642 1915 5718 &elipen-

262 5759 393 5817 stadense
417 5761 497 5818 1023
519 5759 581 5815 e.7
604 5749 693 5830 (MG.
720 5753 813 5813 Coma
837 5748 951 5827 L637)
968 5773 1011 5798 =
1028 5749 1218 5807 Burelmrelus
1242 5750 1270 5806 in
1287 5749 1351 5829 fine
1373 5748 1468 5824 operis
1498 5743 1586 5820 (deest
1608 5748 1637 5805 in
1661 5749 1721 5806 eod.
1748 5745 1916 5826 hiburo),-

264 5865 305 5937 cf.
331 5863 497 5941 Friedbcry,
523 5861 635 5938 Corpus
657 5861 713 5918 iur.
738 5880 801 5918 can.
826 5860 850 5930 1,
868 5861 927 5918 tet
951 5877 1021 5914 ann.
1040 5859 1096 5916 311
1113 5879 1154 5905 =
1173 5853 1314 5913 Gratiani
1336 5857 1411 5912 decr.
1438 5853 1509 5914 C.2
1531 5859 1615 5930 amb
1640 5875 1663 5911 c.
1681 5859 1732 5915 24.
