4884 6717
545 503 608 566 782
711 509 763 565 57.
781 517 811 566 ct
828 509 881 566 58.
917 508 1103 566 coneum
1128 508 1407 565 onslslncunsa·
1431 509 1469 565 A.
1490 507 1565 566 838.
1588 511 1641 565 ΕΤ
1664 510 1869 567 TULLENSE
1893 510 1930 565 A.
1952 509 2027 565 838.

409 719 524 769 sumu,
544 695 786 761 denuntiatione
804 696 925 760 clamat
939 695 1122 783 apostolus:
1147 696 1224 762 Erit
1245 701 1329 762 enim
1352 711 1481 783 tempus,
1505 722 1574 762 eam
1597 723 1708 763 sanam
1725 698 1901 763 doctrinam
1916 722 1978 762 non
1991 699 2196 778 sustinebant,

450 774 498 816 M
542 804 600 869 sed
621 804 667 868 ad
686 828 745 868 sua
769 803 930 868 desr‘deria
954 805 1180 868 coacervabant
1200 805 1268 868 sibi
1287 807 1454 891 mapistros
1471 807 1653 890 prurientes
1675 807 1808 870 auribus
1831 819 1859 869 et
1876 830 1897 868 a
1916 807 2045 869 ueritate
2068 804 2196 888 quidem

438 932 523 980 aaa
542 911 687 974 auditum
710 924 857 990 armant,
880 911 927 974 ad
940 912 1080 998 fabarias
1103 924 1204 975 autem
1228 925 1442 975 convertentur
1448 935 1459 992 ,·
1489 910 1662 995 statimque
1694 908 1876 996 subiungit:
1914 911 1962 974 Tu
1986 934 2057 974 vero
2081 911 2195 998 ranila,

407 1020 524 1112 “iffih'
543 1016 697 1080 videlicet
720 1039 761 1079 ne
786 1014 1021 1080 dormientibus
1045 1017 1146 1101 patris
1169 1016 1311 1080 familiae
1335 1016 1438 1080 servis
1461 1018 1612 1081 inimicus
1635 1016 1731 1081 homo
1755 1017 1993 1103 superseminet
2010 1017 2138 1080 zizania
2161 1016 2195 1079 in

420 1102 522 1176 Til-³2⁹·
543 1122 650 1187 medio
675 1123 784 1187 tritici.
819 1121 1002 1187 Audiamus
1027 1122 1166 1187 eundem
1190 1121 1371 1209 apostolum
1396 1122 1487 1187 alteri
1510 1124 1677 1188 carissimo
1694 1122 1853 1210 discipulo
1869 1123 2050 1187 dicentem:
2075 1122 2228 1188 Stultasa

542 1244 642 1294 autem
667 1233 841 1315 questiones
864 1245 893 1295 et
911 1232 1112 1317 pensatoqias
1135 1245 1164 1294 et
1185 1232 1391 1294 coawntiones
1413 1245 1442 1294 et
1458 1255 1585 1318 pupnas
1609 1232 1687 1318 lepis
1712 1231 1834 1313 desim
1863 1245 1936 1295 sunt
1960 1233 2043 1295 enim
2066 1231 2196 1295 inutiles

377 1351 571 1407 u.s‚ro.11.et
593 1361 710 1417 uanae;
734 1349 766 1399 et
788 1337 936 1422 protinus
959 1336 1124 1422 adiungit:
1149 1337 1330 1401 Hereticum
1354 1338 1508 1401 bominem
1528 1353 1603 1423 post
1624 1362 1719 1401 unam
1735 1351 1763 1401 et
1777 1337 1945 1401 secundam
1969 1339 2195 1422 correptionem

544 1443 658 1522 devita,
695 1446 807 1524 scieas,
835 1447 913 1529 quia
935 1446 1101 1507 subversus
1123 1458 1168 1507 ast
1190 1435 1397 1508 eiusmodi'et
1412 1457 1526 1530 peccat
1543 1447 1679 1529 proprio
1703 1443 1825 1508 iudicio
1848 1444 2078 1508 condemnatus.
2127 1441 2195 1508 Sed

364 1559 576 1621 1.um.e,s.r.et
598 1549 662 1613 alio
681 1548 753 1613 loco
776 1548 872 1614 dicit:
904 1550 946 1614 Si
966 1553 1038 1636 quis
1061 1552 1155 1614 aliter
1179 1551 1266 1614 docet
1288 1564 1316 1614 et
1337 1574 1399 1614 non
1421 1550 1600 1635 adquiescit
1620 1552 1709 1614 sanis
1731 1552 1927 1614 sermonibus
1949 1551 2075 1614 domini
2093 1552 2199 1614 nostri

542 1656 616 1721 Iesu
643 1656 765 1721 Christi
785 1670 814 1721 et
836 1660 875 1737 ei,
900 1682 979 1742 quae
1001 1657 1171 1720 secuudum
1190 1660 1340 1742 pietatem
1364 1671 1416 1735 est,
1447 1656 1619 1735 doctrinae,
1642 1658 1795 1741 superbus
1818 1671 1871 1736 est,
1898 1658 1983 1721 nibil
2003 1660 2116 1736 sciens
2138 1656 2197 1721 sed
2214 1683 2242 1723 ro

543 1764 693 1849 turquens
716 1766 803 1828 circa
827 1767 1022 1848 quaestiones
1045 1778 1073 1828 et
1091 1788 1218 1851 psaquas
1241 1765 1414 1826 uerborum.
1462 1761 1578 1825 Nonne
1602 1761 1732 1825 videtur
1761 1761 1925 1848 apostolus
1952 1762 1986 1824 in
2009 1761 2059 1825 his
2082 1760 2195 1825 verbis

541 1868 633 1932 velut
667 1867 768 1954 digito
804 1881 983 1932 monstraro
1018 1869 1201 1954 praefatum
1236 1870 1338 1932 nostri
1371 1870 1526 1956 temporis
1560 1868 1771 1955 vaniloquum
1805 1879 2101 1955 praesumptorem,
2138 1869 2194 1954 qui

542 1998 699 2062 spernens
724 1998 819 2039 sanos
836 1998 1001 2039 sermones
1019 1974 1141 2039 domini
1157 1974 1233 2039 Iesu
1250 1974 1380 2056 Christi,
1406 1974 1601 2039 conculcans
1626 1974 1806 2039 doctrinam
1830 1976 1970 2061 pietatis,
1994 1984 2081 2038 totus
2106 1975 2195 2039 circs

541 2104 643 2146 novas
668 2082 874 2168 quaestiones
898 2081 1071 2166 languidus
1095 2094 1128 2145 et
1151 2082 1314 2168 inquietus
1338 2081 1493 2146 oberrat?

649 2285 664 2332 9
691 2277 780 2344 aliter]
799 2282 837 2332 ita
856 2282 935 2346 Vulp,
964 2289 1054 2331 sutem
1074 2282 1105 2331 P.
1125 2277 1161 2330 Μ.
1256 2285 1288 2332 14
1315 2276 1434 2345 oberrat]
1454 2284 1519 2334 Pet
1535 2281 1654 2332 minorat
1675 2281 1794 2346 praeviae
1811 2289 1950 2332 annectunt
1967 2298 2004 2344 aa,
2028 2298 2091 2347 qima
2115 2298 2195 2346 supra
2214 2291 2241 2330 1⁶

538 2389 565 2437 p.
583 2376 633 2421 770
651 2373 668 2422 l.
681 2375 716 2421 38
728 2397 763 2404 -
772 2389 800 2436 p.
817 2375 867 2421 trs
886 2373 930 2420 ll
949 2371 1021 2436 quasi
1038 2371 1143 2420 alteram
1161 2371 1282 2421 oratimris
1302 2369 1374 2420 Flori
1389 2378 1488 2436 partem
1505 2370 1557 2420 iam
1574 2371 1661 2421 recudi
1673 2371 1790 2435 fecimus.

1155 2653 1580 2661 —————

702 3157 801 3279 58.
858 3145 1437 3280 CONCILIUM
1483 3144 1885 3278 TULLEN
1899 3145 2029 3279 SE.

1137 3488 1143 3503 .
1218 3392 1314 3474 sss.
1351 3389 1433 3465 ou.
1464 3393 1521 3464 a.

652 3646 807 3742 Consilii
831 3677 990 3741 Tullerrsis
1022 3679 1147 3741 virricum
1177 3691 1277 3740 erstat
1305 3680 1523 3757 testimonium,
1554 3678 1697 3764 deprloma
1719 3679 1841 3742 scilicet
1863 3678 2033 3743 Frotbarii
2053 3679 2200 3764 episcopi

549 3784 718 3864 Tullensis,
753 3808 813 3869 quo
842 3786 1031 3848 monasterio
1060 3785 1165 3847 sancti
1192 3785 1281 3868 Apri
1309 3784 1416 3864 (bodie
1446 3783 1502 3848 ‘St
1526 3777 1613 3847 Eure
1646 3785 1690 3847 lez
1723 3784 1845 3869 Toal'),
1880 3788 1969 3849 errius
1998 3786 2097 3850 abbas
2127 3788 2241 3871 ipsese

537 3892 662 3978 suerat,
681 3892 888 3976 parrochiam
912 3894 1017 3955 sarrcti
1037 3890 1215 3954 „llarimiui
1236 3892 1409 3977 confirmat.

652 4023 746 4080 Eua:
772 4021 888 4092 Calrnet,
913 4023 1050 4079 ‘Histoire
1068 4024 1102 4078 dc
1120 4021 1276 4078 Lorraine⁷
1294 4022 1319 4093 Ι,
1338 4023 1421 4097 prob.
1446 4024 1507 4081 484
1531 4043 1567 4079 ecc
1589 4022 1705 4080 arcbiuo
1727 4021 1820 4079 sancti
1834 4022 1916 4097 Apri,
1941 4042 2025 4098 quam
2048 4022 2194 4079 editionem

543 4131 685 4205 sequimur
709 4124 764 4206 (=
784 4124 836 4207 C);
867 4131 909 4185 ed.
934 4133 964 4187 2.
989 4129 1029 4196 II,
1049 4129 1132 4204 prob.
1160 4127 1298 4186 CXXVI.
1345 4128 1511 4185 Hartslrcim
1535 4129 1575 4199 II,
1593 4132 1662 4189 136.
1711 4127 1810 4186 Gallia
1834 4129 1928 4186 christ.
1954 4128 2036 4186 XIII
2055 4122 2112 4204 (ed.
2136 4125 2194 4205 2.),

544 4235 624 4292 insti.
641 4239 711 4295 450.
736 4267 777 4275 -
803 4237 894 4312 Rem:
919 4235 1021 4291 ‘Neues
1044 4235 1165 4292 Arcbio’
1190 4235 1303 4305 XXIV,
1321 4238 1389 4295 491.

651 4429 821 4522 ilmnibus
852 4457 946 4521 huius
977 4470 1108 4521 sanctae
1133 4455 1295 4519 Tullcnsis
1326 4457 1484 4521 ecclesiae
1516 4455 1590 4520 liliis
1621 4467 1654 4520 et
1683 4455 1836 4521 fratribus
1866 4467 1931 4521 tam
1955 4457 2072 4521 futuris
2096 4480 2195 4544 quam
2211 4483 2241 4522 ss

544 4563 768 4652 praesentibus
793 4564 982 4627 Frotharins
1006 4563 1230 4626 misericordia
1253 4563 1318 4627 Dei
1343 4565 1515 4650 episcopus
1526 4569 1546 4627 1.

650 4677 828 4751 Perspicuc²
852 4681 1042 4750 cognoscimus
1068 4689 1096 4734 et
1121 4689 1201 4734 certe
1225 4679 1290 4750 lege
1314 4687 1452 4746 tenemus,
1478 4682 1553 4750 quod
1577 4698 1627 4751 pro
1651 4680 1759 4734 cunetis
1782 4681 1873 4734 bonae
1897 4681 2016 4734 actionis
2039 4681 2139 4735 studiis
2164 4689 2195 4734 ct

543 4788 716 4859 spiritalibus
739 4788 892 4842 animarum
923 4787 996 4840 curis
1026 4804 1128 4840 corona
1158 4787 1238 4840 nobis
1269 4792 1298 4839 ct
1322 4805 1430 4840 meroes
1453 4805 1470 4840 u
1492 4787 1557 4840 Deo
1586 4793 1775 4857 praeparetur
1804 4787 1832 4840 in
1863 4787 1959 4841 caelis.
2006 4787 2091 4842 Unde
2122 4788 2195 4842 sicut

544 4903 645 4966 coepta
667 4895 802 4948 iustorum
825 4895 900 4948 bona
923 4912 940 4946 n
959 4894 1039 4946 nobis
1063 4901 1129 4946 sunt
1153 4894 1257 4947 cotidie
1281 4893 1427 4947 solidanda
1450 4900 1536 4964 atque
1560 4893 1694 4960 fovenda,
1718 4894 1758 4947 ite
1782 4901 1810 4948 et
1833 4894 1934 4948 amissa
1955 4894 2086 4949 sollerter
2109 4894 2194 4949 corri-

543 5003 638 5072 genda
661 5008 691 5055 ot
716 5001 750 5054 ad
775 5007 881 5054 statum
910 5000 1089 5053 rectitudinis
1120 5000 1309 5054 sollieitudine
1340 5000 1470 5071 pervigili
1500 5000 1668 5067 revocanda,
1699 5001 1868 5070 praesertim
1899 5019 1960 5055 cunr
1990 5002 2070 5055 uobis
2101 5001 2196 5055 divina
2213 5017 2242 5055 so

543 5108 721 5178 prouidentia
744 5106 899 5160 custodiam
924 5106 1075 5160 animarum
1107 5114 1136 5160 ct
1167 5107 1293 5177 regimen
1324 5107 1476 5161 contulerit
1507 5107 1700 5172 ecelesiarum,
1732 5107 1834 5177 quibus
1862 5125 1929 5162 oves
1959 5126 2024 5162 suas
2054 5107 2195 5163 alimentis

653 5319 681 5388 1)
707 5319 753 5374 lle
778 5318 933 5375 Frotlraria
958 5313 1032 5388 (813
1042 5319 1100 5372 Ι-
1112 5315 1208 5394 Sidi)
1235 5319 1276 5389 rs.
1303 5317 1376 5374 llll.
1401 5317 1478 5393 Epp.
1503 5319 1621 5388 Mil.
1711 5319 1742 5389 2)
1765 5319 1857 5376 Verba
1881 5321 2033 5392 Perspicua
2054 5350 2091 5360 -
2109 5339 2193 5393 prae·

543 5428 620 5497 cepit
643 5421 683 5500 (p.
703 5429 764 5483 783
788 5428 805 5481 l.
822 5421 855 5501 2)
880 5427 1047 5500 deprompta
1070 5433 1135 5480 suut
1158 5445 1193 5480 ca
1217 5433 1299 5481 carta
1324 5423 1474 5481 Frotlrarii
1491 5427 1582 5499 paulo
1605 5435 1671 5483 ante
1695 5426 1781 5483 eidem
1806 5425 1934 5483 abbatiae
1957 5447 2088 5485 concessa
2113 5423 2195 5502 (Ma-

542 5532 635 5602 billon,
666 5532 713 5587 De
742 5551 774 5587 re
798 5533 910 5606 diplom.
935 5532 1021 5606 bul,
1054 5552 1109 5606 qua
1140 5551 1235 5587 crrunrs
1259 5531 1450 5606 passessiones
1479 5531 1572 5587 sancti
1593 5533 1668 5607 Apri
1697 5533 1903 5610 confirmantur
1932 5543 1958 5590 et
1987 5535 2125 5609 precedam
2155 5534 2199 5591 ad

542 5640 700 5714 repuleram
733 5637 909 5713 disciplinam
940 5638 1097 5712 spectantia
1124 5638 1321 5693 decernuntur.
1368 5637 1454 5693 Hanc
1478 5637 1568 5712 ipsam
1592 5647 1702 5694 cartam
1727 5639 1899 5697 Fretbarius
1922 5640 1950 5696 in
1973 5639 2196 5716 subsequentibus
2212 5659 2242 5702 se

541 5745 691 5822 siqnificat.
740 5744 788 5817 Of.
817 5755 970 5819 praetcrea
1003 5744 1091 5801 Gesta
1121 5745 1205 5818 episc.
1238 5744 1403 5800 Trullensium
1434 5764 1456 5800 c.
1481 5749 1524 5804 26
1556 5736 1645 5818 (MG.
1671 5747 1725 5801 Sd.
1757 5745 1838 5818 VIII,
1864 5747 1947 5824 637).
1996 5745 2047 5804 Cb.
2080 5747 2194 5826 spinter,

543 5851 680 5907 ίΑιιηαὶεε
704 5853 737 5907 de
760 5852 853 5908 t’Est’
879 5852 896 5907 Ι
902 5853 928 5906 V
947 5849 1067 5926 (1890),
1089 5871 1119 5926 p.
1137 5855 1179 5910 27
1180 5855 1198 5910 9
1209 5871 1270 5926 sqq.
