4884 6717
720 526 772 581 44.
808 525 1028 582 CONCILIUM
1052 525 1278 581 PARISIENSE
1302 526 1339 582 A.
1361 525 1434 582 825.
1840 518 1903 581 547

356 718 407 777 81ι
432 724 516 790 enim,
548 724 621 778 sicut
649 722 803 794 praemissa
826 729 986 777 sanctorum
1008 731 1121 794 patrum
1145 723 1314 778 documenta
1337 724 1494 790 declarant,
1526 723 1617 778 sancti
1640 722 1736 793 angeli
1760 731 1790 778 et
1813 723 1903 777 sancti

248 831 299 884 riri
323 848 378 886 non
402 838 468 884 sunt
492 830 604 885 colendi
626 847 680 885 nec
703 830 848 896 adorandi,
880 829 932 885 hoe
963 829 1038 883 enim
1069 835 1098 884 et
1122 830 1176 900 ipsi
1199 829 1355 902 refugiunt,
1386 832 1438 887 sed
1468 831 1529 885 sola
1557 830 1692 895 karitate,
1722 846 1778 884 non
1809 836 1904 884 autem

249 938 387 992 servitute
412 938 578 1004 honorandi,
601 955 655 992 nec
678 938 784 992 sanetis
807 937 977 1008 martyribus
1000 938 1117 1008 templa,
1142 955 1222 992 sacra
1246 944 1276 992 et
1299 937 1445 1002 sacrificia,
1470 938 1522 992 sed
1546 936 1597 991 soli
1612 937 1677 990 Deo
1693 936 1903 1003 constituenda,

248 1046 415 1116 praesertim
439 1063 502 1100 cum
525 1045 681 1100 honorandi
703 1044 759 1098 sint
781 1051 899 1116 propter
922 1043 1118 1104 imitationem,
1142 1061 1198 1099 non
1213 1045 1349 1099 adorandi
1373 1051 1492 1116 propter
1514 1044 1690 1116 religionem,
1715 1061 1771 1114 qua
1794 1043 1903 1097 ratione

212 1160 298 1212 saut
322 1170 379 1224 qua
402 1152 573 1208 auctoritate
598 1151 737 1218 adoratio,
767 1152 922 1216 incensum,
952 1150 1100 1205 luminaris
1130 1157 1159 1204 et
1183 1157 1310 1217 caetera,
1341 1169 1414 1223 quse
1445 1152 1473 1206 in
1505 1149 1627 1222 epistola
1649 1149 1821 1206 Graecorum
1851 1150 1902 1204 ad-

248 1266 440 1324 numerantur,
467 1276 563 1314 eorum
586 1258 754 1329 imaginibus
778 1257 940 1313 exhibenda
963 1257 1049 1310 sunt?
1095 1255 1279 1328 Quapropter
1306 1258 1407 1312 omissa
1435 1259 1510 1313 omni
1540 1257 1742 1328 superstitione
1771 1257 1904 1311 convenit

247 1373 364 1422 sanetae
388 1366 545 1421 catholicae
570 1372 600 1421 et
624 1365 797 1435 apostolicae
823 1363 961 1419 ecelesiae
992 1363 1121 1434 religioni
1152 1381 1221 1435 erga
1250 1371 1411 1420 sanctorum
1441 1364 1577 1436 imagines
1607 1364 1679 1418 hanc
1703 1364 1903 1418 discretionem

247 1481 360 1540 tenere,
383 1474 457 1528 sicut
480 1473 597 1527 eximius
620 1473 720 1527 doctor
742 1472 845 1528 beatus
868 1488 944 1542 papa
967 1469 1122 1542 Gregorius
1149 1483 1331 1526 sermonem
1356 1460 1553 1526 Massiliensi
1578 1462 1731 1547 episcopo
1756 1459 1902 1524 scribens

248 1581 344 1634 docuit
367 1586 398 1634 ct
421 1580 449 1633 in
473 1568 597 1634 eisdem
620 1579 732 1649 scriptis
756 1578 912 1632 tenendum
935 1578 1170 1648 sequendumque
1194 1577 1321 1649 reliquit.

204 1707 230 1746 m
354 1681 457 1742 Haec²
479 1687 598 1756 autem,
631 1697 715 1761 quae
740 1685 927 1761 sequuntur,
959 1691 1058 1739 centra
1084 1702 1132 1739 eor
1156 1684 1267 1760 agunt,
1298 1685 1346 1756 qui
1371 1672 1550 1761 quemlibet
1573 1700 1708 1739 annorum
1730 1701 1845 1738 numero
1869 1684 1902 1737 et

247 1794 465 1848 consuetudine
490 1780 553 1847 sibi
575 1792 719 1847 vindicare
743 1791 851 1846 volunt.

352 1889 556 1976 Augustinus
579 1890 614 1953 in
636 1888 719 1953 libro
744 1889 970 1975 quaestionum
993 1889 1114 1952 veteris
1138 1900 1170 1952 et
1192 1889 1270 1952 novi
1293 1889 1495 1952 testamenti:
1526 1897 1728 1954 inrationabile
1738 1892 1761 1964 ³,
1785 1888 1900 1974 inquit,

246 2009 347 2080 vulgus
370 2013 419 2062 ant
444 2013 617 2078 apparentes
640 2006 752 2060 umbras
775 2012 825 2060 aut
849 2006 997 2060 daemonia
1020 2011 1069 2059 ant
1093 2004 1243 2059 simulacra
1266 2012 1436 2059 mortuorum
1459 2011 1491 2059 nt
1521 2006 1591 2061 deos
1614 2004 1709 2060 colere
1732 2010 1900 2075 caeperunt.

247 2113 328 2179 Quae
352 2114 381 2169 in
404 2114 611 2169 consuetudine
634 2113 787 2167 vetustatis
818 2112 944 2167 deducta
972 2112 1126 2166 arbitratur
1149 2112 1286 2167 ratione
1310 2112 1363 2166 sibi
1386 2113 1537 2168 veritatem
1564 2130 1648 2185 posse
1678 2111 1806 2183 defendi.
1837 2128 1901 2165 eum

202 2222 375 2279 severitatis
398 2222 470 2276 ratio
493 2237 550 2276 non
573 2238 608 2275 ex
632 2220 837 2275 consuetudine
861 2226 949 2290 atque
966 2237 1000 2275 ex
1024 2225 1181 2286 vetustata,
1206 2218 1258 2272 sed
1282 2236 1318 2274 er
1333 2219 1397 2274 Deo
1417 2219 1464 2286 sit,
1490 2219 1558 2290 quia
1579 2237 1635 2274 non
1658 2225 1804 2274 vetustate
1820 2219 1901 2272 Deus

245 2329 392 2401 probatur,
416 2329 468 2383 sed
491 2327 678 2383 aeternitate.
726 2324 914 2389 Quamobrem
938 2324 1011 2381 tides
1033 2343 1090 2380 non
1113 2331 1276 2397 accepta
1299 2343 1355 2392 res,
1385 2326 1436 2380 sed
1460 2327 1520 2381 sine
1545 2327 1625 2381 initio
1649 2334 1703 2382 est.
1751 2324 1783 2379 ln
1806 2325 1901 2379 Deum

246 2437 320 2492 enim
343 2436 461 2490 eredere
485 2440 612 2489 nostram
635 2433 761 2504 incipere
786 2439 841 2487 est.
888 2431 960 2487 Nam
984 2432 1059 2504 quod
1082 2432 1210 2487 creditur
1233 2438 1380 2486 aeternum
1405 2441 1458 2488 est.

352 2531 397 2596 Et
418 2543 493 2618 post
515 2552 638 2617 pauca:
670 2534 776 2603 Quod⁴
799 2543 895 2594 colunt
925 2540 1029 2611 pagani
1056 2547 1121 2611 post
1145 2539 1239 2593 Deum
1271 2546 1331 2606 est;
1362 2556 1433 2611 opus
1462 2547 1527 2611 post
1551 2538 1681 2612 opificem
1705 2547 1766 2606 est3
1796 2540 1900 2610 pagani

246 2654 343 2705 colunt
365 2665 463 2720 opera,
487 2664 537 2702 nos
560 2645 701 2719 opificem,
732 2645 772 2700 illi
796 2653 965 2713 creaturam,
996 2663 1046 2701 nos
1076 2651 1244 2701 creatorem.
1290 2645 1396 2701 Faetus
1426 2646 1507 2701 homo
1537 2646 1632 2718 etsepit
1662 2646 1793 2702 reuereri
1820 2663 1900 2700 snum

200 2772 228 2811 so
246 2758 431 2822 conditorem,
456 2756 523 2826 quia
546 2755 661 2826 dignum
685 2761 730 2809 est
754 2759 784 2810 et
807 2771 892 2809 eausa
916 2754 967 2809 exi
975 2754 1041 2825 git.

353 2853 539 2918 Hieremias
562 2851 738 2939 propheta:
764 2855 853 2917 Post⁵
876 2859 1022 2928 Babalim,
1050 2849 1162 2936 inquit,
1193 2857 1332 2928 obierant,
1362 2859 1440 2934 qaod
1460 2858 1620 2915 didicerunt
1641 2878 1660 2915 α
1678 2857 1811 2934 patribus
1832 2858 1900 2916 sats.
1919 2878 2071 2930 temate.

354 2958 450 3041 Quod
469 2957 586 3023 beatus
604 2957 815 3022 Hieronimus
834 2957 880 3021 ita
899 2958 1050 3043 exponit:
1073 2961 1171 3038 Ergo⁶
1186 2984 1241 3021 nee
1256 2974 1407 3038 parentum
1422 2985 1476 3021 nec
1492 2966 1626 3021 maiorum
1642 2983 1720 3020 error
1735 2967 1901 3038 sequendus

247 3086 302 3144 est,
326 3077 378 3133 sed
401 3076 555 3133 auctoritas
578 3074 780 3146 seripturarum
805 3079 834 3129 et
858 3074 915 3128 Dei
939 3075 1068 3130 docentis
1091 3074 1248 3145 imperium.

353 3177 421 3240 Ner
443 3182 530 3255 igitur
553 3199 588 3238 ex
611 3181 814 3253 superstitione
838 3188 888 3236 sut
912 3198 947 3236 ex
978 3180 1106 3252 qualibet
1129 3180 1277 3235 occasione
1301 3179 1435 3235 seandsla
1457 3178 1654 3234 infirmioribus
1676 3179 1811 3235 fratribus
1834 3197 1899 3252 pro·

200 3311 228 3352 ss
246 3292 343 3348 venire
376 3297 504 3362 possent,
536 3288 590 3344 hoc
621 3305 799 3359 summopere
832 3288 922 3343 sancti
955 3288 1007 3342 viri
1036 3288 1155 3359 provida
1184 3286 1411 3342 consideratione
1441 3287 1532 3342 vitare
1561 3287 1733 3342 studuerunt
1764 3295 1794 3341 et
1818 3286 1900 3342 dictis

246 3399 388 3469 laetisque
412 3397 469 3451 suis
492 3396 574 3451 nobis
597 3395 743 3450 vitandum
766 3412 973 3466 usquequaque
999 3395 1149 3450 evidenter
1171 3394 1337 3449 ostendunt.

353 3495 440 3559 Hine
464 3494 551 3558 enim
574 3490 690 3557 beatus
713 3490 916 3578 Augustinus
940 3492 975 3555 in
997 3489 1082 3556 libro
1113 3501 1228 3577 quarto
1259 3488 1300 3554 de
1331 3489 1463 3555 civitate
1486 3489 1569 3554 Dei:
1599 3499 1723 3555 Maiores
1732 3494 1755 3567 ⁸,
1785 3490 1900 3576 inquit,

246 3612 334 3667 nostri
357 3610 588 3682 superstitionem
611 3628 629 3664 a
651 3609 788 3681 religione
812 3615 1028 3680 separaverunt.

353 3707 436 3772 Item
467 3706 554 3771 idem
584 3707 618 3770 in
649 3705 765 3771 eodem
796 3727 894 3792 opere
923 3702 1006 3769 libro
1039 3703 1182 3769 decimo:
1218 3708 1375 3785 Legimus⁹
1409 3719 1575 3784 serpentum
1608 3730 1715 3768 morsus
1749 3712 1901 3784 pestiferos

201 3847 229 3886 ao
246 3843 366 3898 poenam
390 3824 568 3878 iustissimam
592 3830 773 3895 peccatorum
796 3822 825 3877 in
848 3822 924 3894 ligno
949 3820 1074 3876 exaltato
1098 3827 1186 3892 atque
1209 3827 1363 3892 prospecto
1386 3837 1477 3875 aeneo
1501 3826 1637 3890 serpente
1661 3825 1783 3886 sanatos,
1814 3827 1846 3874 ut
1871 3825 1901 3874 et

246 3931 351 4005 populo
385 3931 586 3986 subveniretur
619 3929 727 3985 afflicto
758 3936 788 3984 et
818 3946 891 3984 mors
919 3936 1009 3983 morte
1040 3928 1188 3983 destructa
1217 3925 1298 3981 velut
1332 3924 1481 3980 crucifixae
1517 3927 1613 3980 mortis
1649 3926 1683 3980 in
1718 3926 1900 3982 similitudine
1919 3925 2046 3969 sturmen

1952 3979 1976 4019 rr
1994 3983 2015 4020 a.

246 4040 416 4110 signaretur.
471 4036 563 4101 Quem
593 4054 661 4091 sane
692 4043 856 4108 serpentem
886 4043 1005 4107 propter
1034 4034 1104 4090 faeti
1133 4034 1295 4090 memoriam
1327 4041 1512 4100 reservatum,
1548 4052 1611 4088 eum
1644 4041 1747 4106 postea
1780 4038 1900 4105 populns
1980 4007 1986 4030 ’

247 4163 344 4202 errans
367 4152 510 4215 tamquam
533 4143 639 4199 idolum
663 4143 756 4199 colere
781 4143 934 4215 caepisset,
958 4141 1096 4197 Ezechias
1112 4159 1161 4197 rer
1177 4141 1310 4212 religiosa
1324 4147 1470 4213 potestate
1487 4141 1551 4196 Deo
1567 4141 1694 4196 serviens
1715 4159 1777 4195 cum
1800 4157 1902 4212 magna
1919 4139 2042 4235 04149391·

1981 4221 1987 4244 t

245 4253 363 4325 pietatis
386 4252 470 4307 laude
494 4251 637 4306 contrivit.

201 4378 229 4419 aa
353 4359 425 4414 Tale
436 4354 462 4391 ¹⁰
486 4358 554 4429 quid
579 4365 608 4414 et
633 4358 749 4413 beatum
772 4356 971 4428 Epyphanium
1001 4356 1090 4410 virum
1120 4355 1325 4410 sanctissimum
1357 4361 1387 4409 et
1417 4354 1606 4409 doctissimum
1630 4353 1691 4409 zelo
1716 4354 1809 4409 divino
1837 4372 1901 4408 suc·

247 4485 362 4522 censum
392 4466 420 4520 in
451 4465 582 4537 epistola,
620 4482 703 4536 quam
738 4464 775 4518 ad
804 4462 959 4519 Iohannem
990 4460 1334 4532 Constantinopolitannm
1365 4460 1527 4532 episcopum
1558 4461 1703 4531 scripsit
1738 4468 1768 4516 et
1800 4461 1902 4516 beatus

247 4574 426 4628 Hieronimus
457 4573 493 4627 de
518 4571 629 4628 Graeco
661 4572 689 4626 in
722 4571 853 4625 Latinum
882 4587 1038 4625 sermonem
1070 4567 1226 4636 transtulit,
1258 4567 1377 4639 legimus
1407 4565 1527 4634 fecisse3
1559 4554 1671 4621 scribit
1702 4557 1788 4621 enim
1819 4559 1904 4622 inter

247 4681 378 4734 caetera
401 4672 464 4734 sic:
496 4678 600 4733 Audiri
610 4673 637 4712 ¹¹
661 4679 797 4750 quosdam
827 4694 999 4732 murmurare
1024 4682 1123 4731 eontra
1145 4693 1200 4730 me.
1241 4672 1361 4737 Quando
1390 4673 1472 4727 simul
1502 4674 1691 4746 pergebamus
1714 4675 1750 4728 ad
1774 4681 1903 4728 sanctum

247 4791 348 4853 locum,
372 4787 420 4858 qui
443 4792 561 4841 vocetur
583 4785 698 4852 Bethel,
729 4791 760 4838 ut
791 4784 830 4838 ibi
853 4783 1002 4852 collectam
1033 4790 1128 4838 tecum
1152 4800 1186 4837 ex
1209 4798 1286 4836 more
1318 4779 1512 4836 eeclesiastico
1536 4779 1671 4848 facerem,
1703 4788 1732 4836 et
1762 4780 1903 4836 venissem

201 5005 230 5044 to
356 4994 513 5047 ldeelarat
531 4995 559 5045 V.
648 4995 835 5058 bGregorum
855 4992 883 5042 V.
968 4992 1159 5055 dauperstitio
1180 4990 1206 5039 1⁷.
1291 4991 1323 5040 12
1344 4988 1541 5040 Inrationabile
1560 4982 1660 5054 inquit]
1680 4987 1903 5040 inrationabilem

247 5085 319 5151 quod
338 5085 366 5135 t'.
432 5087 464 5136 13
486 5078 525 5148 ut]
544 5091 593 5134 aut
612 5083 639 5133 Γ.
705 5085 738 5133 15
757 5081 805 5133 sed
823 5081 890 5132 deest
909 5081 935 5130 Γ.
1003 5081 1035 5130 te
1054 5079 1151 5144 opifice
1171 5078 1199 5128 V.
1265 5081 1297 5129 te
1317 5085 1444 5130 creatura
1463 5078 1492 5129 Γ.
1556 5079 1587 5129 21
1609 5093 1677 5143 quos
1697 5076 1725 5126 Γ.
1787 5079 1821 5128 35
1841 5094 1902 5128 suc·

248 5191 345 5225 census
364 5174 393 5225 V.
465 5175 499 5224 38
519 5173 679 5224 murmurari
699 5171 725 5222 V.

358 5355 387 5425 1)
411 5355 442 5411 V.
466 5375 556 5431 supra
578 5374 608 5430 p.
626 5356 688 5414 497
718 5355 874 5429 420999.
989 5350 1020 5420 2)
1051 5350 1082 5407 V.
1106 5369 1197 5425 supra
1221 5369 1255 5425 p.
1272 5352 1334 5409 497
1364 5351 1496 5426 1199·
1527 5349 1607 5406 Haec
1636 5357 1735 5404 contra
1765 5367 1824 5415 eos,
1855 5350 1904 5420 qui

247 5481 382 5519 annorum
405 5480 521 5518 numero
540 5462 772 5533 superstitionem
796 5460 947 5532 imaginum
968 5459 1111 5513 vindicare
1136 5457 1235 5512 volunt
1260 5465 1290 5512 et
1313 5458 1547 5513 consuetudinem
1571 5457 1653 5528 sequi
1676 5456 1795 5528 cupiunt
1821 5475 1904 5528 quam

201 5590 232 5629 ss
248 5570 377 5626 veritatis
408 5569 618 5625 auctoritatem.
671 5566 775 5624 Teaems
806 5565 936 5642 epitomes
966 5572 1115 5638 corruptas
1144 5562 1263 5620 videno.
1379 5563 1409 5632 3)
1440 5563 1472 5619 V.
1496 5582 1587 5638 nspra
1616 5582 1650 5638 p.
1674 5564 1737 5622 497
1767 5564 1785 5618 l.
1804 5565 1823 5622 3
1842 5582 1903 5639 sqq.

250 5676 280 5746 4)
303 5676 334 5732 V.
351 5694 443 5751 snpra
460 5694 494 5750 p.
511 5677 573 5734 497
595 5675 614 5731 l.
633 5676 724 5749 9aqq.
833 5671 864 5741 5)
887 5672 918 5732 V.
943 5690 1034 5746 snpra
1052 5690 1086 5746 p.
1103 5672 1165 5729 497
1189 5672 1206 5726 l.
1225 5673 1266 5730 12
1276 5689 1319 5746 sq.
1424 5669 1455 5738 6)
1478 5669 1510 5726 V.
1526 5688 1617 5744 999999
1635 5688 1668 5744 p.
1686 5671 1749 5728 497
1772 5671 1791 5726 l.
1808 5671 1903 5745 1399.

250 5783 281 5852 l)
304 5782 336 5840 V.
359 5801 450 5859 snpra
468 5801 502 5857 p.
518 5783 581 5841 497
604 5781 623 5837 l.
641 5782 753 5856 30sqq.
835 5777 865 5848 8)
888 5778 920 5835 V.
943 5796 1034 5853 supra
1052 5796 1086 5852 p.
1103 5778 1165 5836 497
1188 5777 1207 5833 l.
1226 5779 1266 5836 33
1277 5796 1319 5852 sq.
1397 5775 1428 5846 9)
1452 5775 1484 5831 V.
1508 5794 1598 5851 supra
1616 5795 1650 5851 p.
1667 5778 1730 5834 497
1754 5776 1772 5832 l.
1790 5778 1830 5836 35
1841 5797 1904 5852 999.

252 5887 303 5956 10)
327 5888 358 5945 V
382 5909 472 5965 supra
490 5908 525 5964 p.
541 5891 605 5947 498
628 5888 646 5943 l.
664 5889 757 5963 4999.
852 5884 902 5954 ll)
928 5885 961 5940 V.
984 5903 1075 5959 ntpra
1093 5886 1208 5958 99498
1232 5885 1250 5939 1.
1269 5885 1360 5959 7sqq.

1640 5996 1691 6053 997ι
