4884 6717
588 513 653 576 492
1054 516 1107 575 44.
1143 513 1360 570 conclamat
1383 510 1611 567 PARlSIENSE
1635 513 1672 566 A.
1694 509 1769 567 825.

588 717 672 772 nibus
692 713 871 786 inpendere?
916 712 1035 767 Firmius
1067 719 1097 768 et
1126 711 1314 781 incorruptius
1345 712 1481 779 templum
1512 718 1557 763 est
1587 715 1689 778 pectus
1711 708 1878 763 humanum:
1909 708 1961 763 hoc
1991 710 2088 780 potius
2110 719 2241 779 ornetur,

588 822 641 877 hoc
664 821 736 877 aeris
759 819 813 874 illis
835 819 996 874 numinibus
1019 818 1179 889 impleatur.
1226 816 1286 871 Has
1311 816 1385 871 enim
1408 815 1494 870 falsas
1518 815 1746 870 consecrationes
1769 815 1900 885 sequitur
1929 817 2005 888 quod
2032 834 2151 873 neeesse
2177 825 2240 873 est:

589 928 637 999 qui
662 928 735 982 enim
758 927 797 981 sio
820 927 942 980 virtutes
966 925 1071 992 solunt,
1097 925 1125 979 id
1149 931 1193 979 est
1217 924 1265 994 qui
1288 922 1400 977 umbras
1424 929 1455 976 et
1478 921 1614 993 imagines
1630 922 1765 975 virtsuum
1782 928 1994 988 consectantur,
2019 941 2054 978 ea
2068 924 2139 995 ipsa,
2164 943 2240 996 quae

590 1051 658 1088 vcra
679 1040 754 1100 sunt,
779 1040 881 1088 tencre
904 1049 960 1086 non
982 1038 1102 1103 possunt
1125 1033 1158 1085 et
1180 1035 1300 1084 cetera.

694 1146 856 1211 XXVHI.
891 1145 1094 1232 Augustinus
1118 1147 1152 1208 in
1175 1142 1259 1209 libro
1283 1144 1509 1230 quaestionum
1526 1143 1648 1206 veteris
1672 1153 1705 1207 et
1727 1145 1805 1208 novi
1828 1145 2031 1209 testamenti:
2056 1153 2208 1211 Christiani
2220 1151 2240 1224 ¹,
2259 1167 2274 1206 s

590 1255 703 1340 inquIt,
733 1267 835 1333 utpote
866 1279 1020 1334 pauperes,
1051 1279 1121 1332 quos
1152 1261 1254 1314 stultos
1284 1266 1397 1328 vocant,
1428 1278 1514 1313 unum
1545 1259 1639 1314 Deum
1669 1264 1766 1314 colunt
1796 1260 1825 1314 in
1855 1262 2000 1332 mysterio,
2037 1280 2071 1317 ex
2094 1280 2151 1333 qno
2173 1271 2241 1317 sunt

589 1371 691 1438 omnia,
722 1388 776 1426 nec
798 1370 916 1441 aliquid,
948 1370 1025 1440 quod
1048 1369 1085 1424 ab
1109 1385 1142 1423 eo
1166 1368 1309 1422 conditum
1334 1373 1388 1433 est,
1412 1374 1594 1422 venerantur.
1641 1366 1737 1437 Ipsum
1767 1367 1842 1422 enim
1865 1367 1954 1422 solum
1977 1367 2109 1424 sufficere
2132 1369 2186 1424 sibi
2210 1377 2241 1425 et

592 1477 737 1532 abundare
761 1476 854 1531 sciunt
877 1476 913 1530 ad
936 1475 1067 1530 salutem.

696 1573 778 1638 Item
802 1571 889 1637 idem
912 1583 1130 1659 postpauca:
1162 1577 1247 1636 n0n2
1270 1598 1337 1652 ergo
1360 1580 1440 1635 nobis
1463 1581 1587 1646 videtur,
1618 1587 1650 1634 ut
1681 1581 1756 1651 quod
1779 1579 1862 1636 homo
1885 1581 1955 1636 facit
1979 1583 2088 1637 adorari
2112 1583 2238 1652 debeat3

591 1692 684 1747 lactor
707 1690 781 1745 enim
806 1708 823 1744 a
845 1689 965 1757 factura,
990 1706 1044 1743 non
1067 1688 1177 1743 factura
1199 1707 1216 1744 a
1239 1687 1347 1743 factore
1371 1687 1482 1742 adorari
1505 1687 1656 1741 iudicatur.
2261 1707 2287 1745 ιο

698 1803 877 1869 XXVIIII.
910 1804 993 1868 Item
1024 1804 1181 1867 Firmiani
1210 1803 1375 1867 Lactantii
1410 1802 1450 1866 de
1480 1800 1564 1867 falsa
1594 1800 1752 1887 religione
1788 1801 1871 1867 libro
1901 1803 1963 1868 IL:
2000 1809 2138 1885 Duplici³
2172 1833 2240 1886 ergo

591 1923 700 1977 ratione
730 1927 866 1991 peccatur
893 1921 930 1976 ab
954 1920 1162 1991 insipientibus,
1191 1921 1310 1993 primum
1341 1920 1417 1990 quod
1449 1925 1602 1987 elementa,
1633 1919 1662 1973 id
1694 1926 1739 1974 est
1762 1919 1819 1975 Dei
1842 1937 1940 1991 opera,
1970 1920 2033 1976 Deo
2056 1921 2239 1992 praeierunt3

594 2028 698 2084 deinde
722 2028 797 2098 quod
822 2032 1023 2082 elementorum
1045 2028 1167 2098 ipsorum
1189 2027 1295 2099 figuras
1316 2026 1439 2081 humana
1461 2026 1558 2097 specie
1582 2026 1792 2097 conprehensas
1816 2027 1922 2082 colunt.

700 2124 781 2188 Item
811 2125 880 2210 ipse
909 2125 943 2188 in
974 2124 1087 2190 eodem
1117 2123 1216 2190 libro:
1248 2130 1347 2189 Nihil4
1376 2133 1453 2187 abed
1483 2134 1642 2201 adoremus,
1672 2133 1741 2187 nihil
1773 2137 1895 2188 colamus
1926 2135 1979 2189 nisi
2009 2135 2095 2189 soline
2124 2134 2240 2191 artificis

594 2241 776 2312 parentisque
800 2242 888 2296 nostri
911 2242 1022 2296 unicum
1045 2261 1156 2298 nomen.
2261 2263 2288 2301 rs

699 2337 781 2402 Item
804 2339 874 2425 Ipse
897 2340 930 2403 in
953 2339 1066 2405 eodem
1089 2339 1189 2405 libro:
1215 2343 1330 2421 Supra⁵
1354 2366 1432 2419 ergo,
1457 2364 1513 2402 non
1536 2347 1611 2402 infra
1634 2353 1679 2402 est
1698 2348 1778 2401 Deus
1801 2365 1855 2402 nee
1878 2349 1908 2402 in
1931 2349 1986 2404 ima
2007 2350 2112 2420 potius,
2136 2350 2241 2404 sedin

593 2473 699 2509 summa
720 2454 866 2526 religione,
890 2473 946 2527 qua
969 2459 1147 2528 quaerendus
1170 2463 1225 2515 est.

698 2552 741 2616 Et
764 2552 863 2616 infra:
888 2558 985 2619 ΝἱὴὶΙ6
1007 2571 1103 2636 potest
1126 2584 1189 2621 esse
1215 2565 1342 2620 caeleste
1368 2564 1395 2618 in
1421 2581 1456 2618 ea
1479 2580 1523 2628 re,
1548 2579 1621 2632 qnae
1645 2560 1679 2615 lit
1703 2579 1738 2616 ex
1768 2568 1862 2630 terra3
1894 2563 2029 2633 quicquid
2060 2563 2133 2617 enim
2156 2563 2242 2616 simn-

594 2669 669 2724 latur
691 2668 791 2724 falsum
815 2687 877 2725 esse
901 2689 1018 2727 necesse
1044 2680 1087 2727 est
1110 2692 1164 2730 nee
1187 2681 1286 2745 potest
1309 2688 1443 2742 umquam
1472 2669 1532 2725 veri
1563 2686 1666 2723 nomen
1696 2669 1827 2740 accipere
1853 2669 1928 2739 quod
1951 2670 2100 2725 veritatem
2122 2669 2188 2724 luco
2212 2678 2243 2724 et

593 2763 747 2832 imitatione
770 2779 913 2834 mentitur.
2263 2796 2294 2833 ao

697 2874 778 2939 Item
800 2877 869 2962 ipse
894 2877 927 2941 in
949 2878 1063 2944 eodem
1090 2878 1188 2944 libro:
1220 2884 1282 2944 Ut⁷
1306 2887 1460 2958 intellegat
1488 2885 1560 2939 nihil
1588 2883 1738 2939 colendum
1762 2900 1837 2952 esse,
1870 2883 1945 2953 quod
1969 2881 2057 2937 oculis
2080 2882 2246 2937 mortalibus

593 2992 726 3046 cernitur.

696 3107 806 3172 XXX.
840 3107 1040 3196 Augustinus
1069 3113 1103 3177 iu
1126 3113 1251 3200 psalmo
1276 3110 1419 3177 CXIII:
1452 3113 1541 3173 Noli⁸
1566 3133 1635 3188 ergo
1659 3116 1766 3171 addere
1790 3132 1890 3170 manus
1912 3113 2065 3182 hominum,
2096 3121 2128 3169 ut
2152 3131 2187 3170 ex
2211 3132 2247 3169 eo

591 3223 715 3291 metallo,
739 3226 815 3296 quod
838 3225 907 3281 fecit
929 3246 1011 3282 verus
1027 3229 1117 3296 Deus,
1140 3230 1210 3285 velis
1234 3230 1330 3285 facere
1354 3228 1457 3282 falsum
1482 3226 1579 3292 deum,
1603 3224 1685 3277 immo
1708 3222 1811 3278 falsum
1835 3222 1985 3289 hominem,
2010 3239 2094 3291 quem
2110 3238 2160 3292 pro
2177 3239 2246 3276 vero

591 3332 734 3387 venererit
761 3333 825 3400 deo,
854 3351 938 3405 quem
961 3336 1086 3408 quisquis
1108 3356 1159 3410 pro
1182 3357 1250 3395 vero
1273 3336 1385 3393 homine
1408 3336 1437 3389 in
1461 3332 1613 3389 amicitiam
1637 3330 1781 3401 reciperet
1812 3329 1958 3384 insaniret.
2006 3328 2093 3382 Dneit
2116 3328 2191 3382 enim
2215 3335 2246 3382 et
2263 3345 2296 3384 rs

591 3437 695 3494 affectu
718 3440 838 3509 quodam
861 3440 967 3496 infirmo
990 3445 1064 3515 rapit
1090 3444 1199 3501 infirma
1229 3446 1315 3500 corda
1345 3441 1505 3498 mortalium
1535 3439 1643 3494 formae
1672 3437 1827 3491 similitudo
1859 3443 1889 3490 et
1919 3435 2105 3490 membrorum
2135 3434 2246 3488 imitata

594 3564 729 3618 conpago.

697 3661 825 3728 XXXI.
860 3664 1049 3752 Fulgentius
1072 3669 1106 3733 in
1129 3667 1211 3733 libro
1237 3668 1278 3733 dc
1302 3668 1366 3733 fide
1392 3666 1435 3730 ad
1459 3665 1647 3729 Donatum:
1680 3664 1777 3733 Quia⁹
1799 3669 1862 3739 ipse
1887 3668 1967 3723 Dens
1997 3666 2049 3721 sibi
2080 3665 2132 3720 soli
2160 3683 2244 3736 prae-

593 3779 700 3850 cipiens
723 3784 912 3838 tantummodo
935 3785 1113 3841 serviendum
1137 3805 1226 3858 seque
1250 3787 1351 3842 iubens
1376 3803 1393 3839 a
1415 3781 1551 3837 fidelibus
1582 3776 1756 3833 adorandum
1783 3792 1898 3847 prorsus
1927 3773 2083 3839 interdixit,
2114 3789 2151 3827 ne
2181 3772 2245 3842 quis

593 3887 698 3942 audeat
721 3895 875 3945 ereaturam
899 3892 1014 3947 adorare
1039 3901 1244 3967 creaturaeque
1261 3893 1379 3958 servire,
1404 3896 1560 3963 propterea
1580 3887 1609 3941 in
1625 3884 1683 3940 fine
1700 3884 1776 3937 illius
1791 3882 1872 3955 primi
1889 3880 2037 3953 praecepti
2053 3881 2089 3934 de
2103 3879 2243 3945 omnibus,
2264 3894 2298 3934 so

437 4006 574 4062 arsurus.
593 4012 665 4064 quae
691 3996 806 4063 creavit,
830 3998 870 4052 ita
894 3998 1031 4071 loquitur:
1056 3999 1121 4058 Non
1144 4000 1280 4058 arbralia
1304 4020 1337 4058 eu
1361 4018 1413 4055 uec
1435 3995 1541 4054 servies
1565 3992 1613 4050 οἰχ.

697 4092 740 4158 Εἴ
761 4107 834 4181 post
856 4119 976 4182 pauca:
1001 4105 1112 4165 Vera¹⁰
1136 4111 1208 4166 enim
1234 4109 1333 4182 religio
1357 4109 1386 4163 in
1411 4106 1494 4162 unius
1519 4107 1632 4158 constat
1656 4099 1711 4154 Dei
1736 4097 1863 4152 servitio.

697 4200 778 4266 Item
802 4203 871 4289 ipsu
895 4217 968 4290 post
991 4229 1111 4293 pauca:
1136 4217 1182 4272 Sic
1195 4213 1219 4251 ¹¹
1244 4217 1386 4272 veraciter
1409 4231 1495 4268 unum
1520 4211 1615 4265 Deum
1645 4225 1708 4262 cum
1731 4212 1813 4277 patre
1837 4203 1926 4257 filium
1949 4219 2017 4257 vera
2038 4200 2110 4255 fides
2133 4200 2242 4267 adorat,

592 4335 666 4388 quae
697 4319 736 4373 sic
760 4319 822 4374 lleo
845 4322 922 4376 novit
945 4341 962 4377 a
985 4325 1120 4379 creaturis
1144 4325 1272 4380 omnibus
1302 4322 1496 4387 serviendum,
1528 4325 1560 4372 ut
1592 4314 1705 4371 noverit
1736 4318 1885 4366 creaturae
1915 4327 1971 4363 non
2001 4307 2100 4362 deberi
2131 4306 2243 4360 divinae

591 4426 734 4480 servitutis
757 4427 930 4498 obsequium.
2265 4425 2299 4465 ⁸⁶

697 4540 841 4607 XXXII.
877 4543 1077 4630 Augustinus
1101 4547 1133 4612 in
1159 4545 1297 4632 epistola
1326 4543 1367 4610 ad
1394 4543 1577 4608 Maximum
1601 4535 1869 4624 grammaticum:
1901 4533 2016 4595 Scies¹²
2038 4556 2056 4593 a
2079 4534 2245 4591 Christianis

591 4657 745 4727 catholicis,
769 4678 886 4732 quorum
909 4662 937 4716 in
961 4671 1054 4720 vestro
1078 4663 1182 4736 oppido
1206 4664 1290 4718 retiam
1316 4660 1441 4718 eectlcsiu
1467 4658 1626 4714 constituta
1658 4658 1714 4720 cst,
1744 4649 1853 4704 nullum
1883 4647 1937 4701 coli
1966 4651 2146 4711 mortuorum,
2177 4642 2246 4697 nihil

697 4921 822 4974 XXVIII.
851 4927 866 4974 b
887 4921 1043 4992 (llrrlatiuull
1062 4927 1131 4988 Aug.
1150 4925 1178 4976 in
1196 4943 1274 4992 ruarp.
1299 4927 1326 4980 l’.
1401 4931 1417 4976 a
1439 4915 1511 4986 Nem]
1531 4922 1601 4986 Aug.
1620 4919 1648 4969 in
1667 4933 1747 4981 mnrp.
1767 4913 1798 4963 P.

696 5011 842 5064 XXVllll.
874 5016 900 5065 ll
925 5011 1045 5082 llupllcll
1064 5017 1192 5068 l'lrrniaul
1214 5017 1350 5069 Iractantil
1379 5017 1405 5066 ia
1425 5029 1505 5079 uturp.
1528 5011 1557 5062 P.

696 5101 778 5152 χχχ.
807 5105 840 5154 aa
861 5100 933 5167 χοχι
955 5105 1023 5170 Aug.
1043 5105 1069 5154 e.
1089 5123 1168 5169 my.
1190 5105 1218 5156 χ’.

703 5357 728 5424 l)
754 5355 816 5414 Abu
842 5355 943 5414 iraruui.
1059 5359 1089 5426 ⁶2)
1118 5357 1241 5414 lirrosa
1266 5357 1399 5434 praeterivi.
1519 5355 1548 5422 ll)
1578 5347 1756 5415 Iurctuutltu,
1782 5343 1903 5401 Ineunt.
1928 5341 2013 5399 divin.
2037 5339 2073 5396 II
2091 5358 2114 5395 c.
2133 5343 2153 5399 6
2175 5331 2252 5417 §15

594 5463 666 5536 opp.
692 5463 732 5518 tul.
760 5463 873 5520 llrumll
899 5464 920 5536 l,
941 5467 1005 5526 121.
1106 5463 1137 5532 l)
1164 5462 1270 5520 Ibidem
1296 5487 1317 5520 c.
1339 5467 1375 5524 17
1399 5459 1475 5534 §tm
1506 5461 1523 5517 l.
1542 5461 1560 5517 l.
1587 5459 1610 5528 I,
1632 5459 1698 5516 173.
1800 5450 1830 5522 5)
1855 5449 1964 5507 lbldffll
1988 5468 2011 5504 θ·
2028 5449 2066 5505 18
2088 5437 2164 5523 §15
2195 5449 2216 5503 l·
2233 5449 2253 5503 l·

595 5565 617 5632 1,
639 5569 700 5626 χχχ,
770 5572 800 5636 χ)
826 5569 931 5628 riuum
956 5593 978 5630 υ,
1000 5575 1036 5633 re
1059 5567 1127 5646 §a
1146 5575 1181 5636 a·
1206 5571 1223 5626 χ
1242 5573 1258 5626 t.
1287 5571 1307 5636 1,
1329 5575 1394 5632 trs.
1468 5569 1499 5638 χ)
1526 5567 1634 5626 utum
1661 5553 2028 5636 c.3§7,·2.1.1,104·
2098 5552 2130 5622 8)
2154 5553 2256 5630 Aaou·

593 5671 689 5738 sliuus,
718 5673 826 5733 litetur.
851 5677 878 5734 iu
898 5681 1003 5754 psalm.
1032 5681 1096 5738 llll.
1120 5697 1211 5734 numo
1235 5685 1255 5738 2
1277 5675 1300 5750 ,δ’
1319 5682 1350 5744 l:
1383 5683 1458 5754 limo
1487 5673 1539 5748 W,
1567 5677 1656 5736 12⁶0·
1751 5667 1782 5736 9)
1809 5663 1982 5741 Fulffffllim’
2009 5658 2135 5738 D⁶fid⁶
2157 5661 2258 5718 φῶθ’

594 5781 670 5836 dura
695 5781 771 5856 quial.
796 5789 816 5838 u
840 5787 895 5844 uel
919 5783 993 5856 §lm
1019 5789 1092 5862 llpp.
1119 5785 1162 5840 ml.
1192 5783 1348 5862 Muupeuml
1371 5793 1443 5846 utu).
1543 5783 1592 5848 lll)
1621 5777 1745 5842 Ibidem
1777 5774 1795 5828 l.
1813 5772 1831 5827 l·
1851 5789 1885 5845 Ρ·
1901 5771 1971 5829 201·
2064 5763 2116 5832 12)
2141 5764 2258 5824 Ibidem
2282 5788 2319 5827 ὥ

594 5889 653 5945 e7
675 5883 768 5960 §165
799 5889 816 5944 l.
834 5891 851 5946 l.
872 5911 903 5966 11.
920 5899 988 5952 utut
1086 5891 1136 5950 12»
1162 5891 1339 5966 [lupentinus.
1369 5891 1500 5970 ltpiuula
1528 5891 1563 5950 17
1587 5886 1630 5944 nil
1655 5880 1814 5941 niaximum
1838 5869 1862 5954 ἕ
1876 5879 1913 5945 5;
1944 5871 2017 5948 01³?
2034 5869 2072 5940 Ha
2088 5873 2142 5930 22·

2016 6489 2361 6695 'A
