4884 6717
538 538 603 600 602
697 543 749 601 50.
785 543 972 600 CONCILIA
995 542 1251 612 TOLOSANUM,
1275 543 1555 612 LUGDUNEn’sn,
1579 543 1892 602 MOGUNTINENSE
1916 546 1954 600 A.
1972 544 2048 600 829.

537 732 705 797 seeundum
736 731 929 795 liudbertum
966 732 1006 795 ab
1041 733 1199 818 eps'seopis
1234 733 1438 817 eseopr'tatum
1470 747 1523 812 est,
1558 743 1594 795 ut
1624 730 1727 796 tribus
1757 732 1792 796 in
1821 731 1901 796 loeis
1933 731 2050 819 synodi
2080 732 2195 797 fierent

539 839 763 926 (Epitaphium
772 838 907 901 Arsenii
916 837 959 900 II
967 863 991 900 o.
1006 846 1026 903 1
1039 838 1087 901 ed.
1101 836 1279 918 Diimmler,
1291 838 1556 924 ‘Abbandlunpen
1569 838 1625 904 der
1636 839 1789 904 Berliner
1798 838 1977 904 Alcademie
1989 837 2195 925 1899)1900,

538 945 786 1009 Philas-tristor.
811 944 941 1008 Klasse'
962 969 996 1030 p.
1023 952 1064 1012 65
1088 974 1130 1000 =
1156 945 1227 1009 Vita
1251 944 1360 1010 Walae
1383 944 1426 1008 II
1445 970 1471 1009 e.
1488 953 1527 1026 4,·
1558 945 1639 1010 JIG.
1665 943 1723 1009 SS.
1749 944 1797 1025 II,
1821 947 1910 1031 556).
1958 946 2088 1010 Rectius
2117 961 2195 1010 certe

538 1052 735 1115 Hinemarus
759 1053 852 1115 rerba
869 1051 961 1139 feeit
984 1052 1022 1115 de
1046 1054 1101 1131 eis,
1132 1072 1216 1136 quse
1247 1052 1393 1137 episcopi
1424 1052 1458 1115 in
1489 1050 1622 1137 synodis
1652 1073 1712 1136 per
1736 1061 1875 1137 quatuor
1896 1050 1970 1116 locs
1993 1051 2043 1116 sni
2066 1053 2195 1138 imperii

538 1156 657 1221 habitis
673 1157 858 1221 necessario
876 1168 908 1220 et
923 1156 1044 1221 utiliter
1060 1179 1165 1242 nuper
1180 1158 1375 1221 invenerant
1399 1157 1463 1240 (De
1479 1159 1617 1223 divortio
1632 1158 1787 1224 Latiarii
1799 1173 1828 1224 et
1846 1158 2013 1246 Tetberpae
2030 1163 2139 1224 interr.
2156 1171 2194 1229 52·
2220 1181 2233 1220 s

542 1264 621 1351 Opp.
648 1265 696 1329 ed.
723 1265 877 1329 Sirmond
898 1264 1035 1348 I,590).
1085 1264 1180 1329 Gesta
1209 1279 1312 1330 autem
1342 1265 1513 1352 synodalia
1535 1266 1737 1331 Parthiensia
1760 1280 1878 1331 tantum
1902 1267 1947 1331 ad
1969 1282 2076 1332 nostra
2099 1292 2195 1353 93999

539 1387 678 1458 tempora
688 1387 910 1458 peruenerunt,
939 1372 1108 1451 Tolosanis,
1131 1371 1372 1459 Lupduaensia,
1396 1371 1652 1460 Mopuntinensia
1661 1387 1793 1459 praeter
1802 1397 1911 1459 pauca
1931 1374 1991 1438 illa
2007 1375 2194 1462 frapmeuta

540 1480 655 1543 latent¹
690 1494 754 1558 aut,
791 1494 823 1542 ut
857 1481 963 1543 serius
998 1479 1114 1557 dicam,
1149 1503 1210 1542 non
1248 1481 1312 1543 iam
1347 1481 1421 1543 erui
1448 1494 1589 1565 possunt.
1647 1479 1830 1544 Audiamus
1864 1482 1946 1544 enim
1981 1504 2062 1566 quae
2092 1482 2120 1544 b.
2153 1505 2193 1544 m.

547 1585 580 1649 V.
607 1586 735 1651 Krause
759 1588 920 1672 esposuit:
950 1591 968 1649 ‘.
995 1634 1002 1648 .
1028 1634 1035 1648 .
1063 1588 1113 1650 uti
1132 1609 1215 1649 anno
1240 1593 1315 1652 813.
1341 1585 1511 1650 eoncordia
1541 1586 1709 1672 quaedam,
1740 1610 1820 1671 9999
1844 1586 1973 1666 dieitur,
2004 1587 2193 1673 synodorum

539 1696 677 1778 quinque
710 1695 765 1758 illo
795 1717 877 1756 9999
908 1693 1088 1757 habitarum
1121 1694 1309 1777 imperatori
1336 1693 1456 1757 tradita
1487 1717 1550 1757 esse
1578 1693 1736 1772 videturl,
1771 1695 1816 1758 ita
1850 1717 1933 1758 anno
1964 1717 2084 1779 999999
2115 1701 2193 1762 829.
2216 1716 2242 1754 ¹0

538 1800 730 1886 synadorum
753 1801 848 1863 buius
871 1803 953 1864 anni
973 1800 1153 1863 habitarum
1177 1798 1379 1863 concordiam
1394 1798 1587 1864 Hludouieo
1611 1802 1829 1864 transmissam
1853 1825 1917 1865 esse
1941 1800 2193 1865 crediderim...

539 1905 763 1990 Praefatiom's
789 1910 916 1992 primae
947 1921 975 1969 et
1007 1907 1135 1970 ultimae
1162 1907 1292 1991 partis³
1315 1907 1381 1970 loeo
1413 1907 1534 1970 litterae
1564 1907 1720 1992 quaedam
1750 1909 1967 1993 episcoporum
1991 1907 2037 1972 ad
2058 1910 2195 1994 impera·

540 2027 634 2076 torem
672 2013 764 2077 datae
796 2015 836 2076 ab
871 2014 965 2077 lessius
1000 2014 1183 2077 relationss⁴
1213 2026 1339 2077 auctore
1367 2015 1493 2098 positae
1525 2028 1613 2093 sunt,
1648 2037 1728 2098 9999
1763 2015 1797 2077 iu
1826 2013 2010 2079 Parisiensi
2040 2016 2197 2079 eoncilio⁵

539 2134 678 2183 actorum
704 2120 785 2184 libro
809 2123 899 2184 tertio
920 2123 1084 2206 praefisus
1109 2120 1263 2204 leputatur,
1293 2121 1421 2183 mutatis
1448 2134 1550 2184 tamen
1573 2120 1764 2205 quibusdam
1789 2122 1892 2186 serbis
1914 2122 2008 2186 19993
2031 2122 2196 2186 relationis

540 2227 677 2290 indolem
704 2226 928 2306 indicantibus,
953 2251 1021 2290 9993
1047 2226 1190 2290 dicatur:
1213 2228 1342 2310 paues⁶
1366 2223 1407 2288 de
1429 2224 1549 2306 multis,
1575 2248 1659 2312 quse
1681 2227 1714 2290 in
1731 2228 1850 2291 nostris
1866 2225 2080 2292 conventibus
2104 2239 2197 2313 gesta
2218 2248 2241 2286 u

541 2345 624 2412 sant,
650 2345 865 2419 excerpentes
889 2333 923 2395 in
947 2354 1046 2395 anum
1069 2330 1250 2416 redigendo
1275 2331 1440 2395 succincte
1466 2342 1498 2395 et
1521 2333 1694 2397 ordinatim
1718 2332 1956 2397 adnotavimus.
1991 2333 2079 2399 Hinc
2102 2338 2194 2399 etiam

540 2441 749 2526 collipendum
783 2440 906 2504 ridetur
935 2440 1015 2504 banc
1045 2440 1226 2503 relationem
1257 2463 1319 2502 999
1347 2438 1384 2502 de
1414 2439 1598 2504 Parisiensi
1624 2455 1742 2504 tantum
1772 2455 1931 2520 conventu,
1965 2441 2023 2504 sed
2050 2440 2088 2506 de
2118 2443 2196 2506 aliis

541 2570 661 2632 999999
695 2549 795 2611 tribus
831 2572 895 2611 esse
930 2560 1107 2632 eaoerptam
1147 2545 1206 2630 (cf.
1239 2544 1374 2632 Hefele,
1409 2545 1769 2633 ί099910999939999199
1800 2547 1848 2612 ed.
1878 2553 1911 2615 2.
1945 2547 1968 2609 Ι
1973 2547 2007 2626 V,
2035 2553 2078 2615 72
2092 2551 2197 2634 399.).·

541 2656 680 2717 inanima
703 2678 778 2717 sane
803 2655 967 2717 relationis
983 2677 1068 2738 pars
1091 2677 1159 2715 earn
1176 2651 1414 2716 Parisieusibus
1429 2656 1602 2717 canonibus
1625 2655 1802 2732 concordat,
1826 2656 1886 2740 qni
1900 2678 1994 2740 saepe
2009 2655 2195 2736 abbreviati,

541 2785 615 2824 rara
639 2774 757 2824 mistum
777 2761 947 2845 paululum
976 2761 1090 2823 mutati
1120 2759 1169 2822 sel
1186 2761 1302 2844 paucis
1332 2760 1436 2823 serbis
1466 2762 1561 2840 arieti,
1594 2760 1749 2825 interdum
1779 2763 1872 2826 etiam
1904 2762 2113 2847 neplepentius
2143 2762 2194 2826 de·
2213 2786 2241 2825 so

539 2869 655 2952 scripti
676 2881 705 2931 et
726 2869 886 2952 consaepti³
910 2880 1074 2952 apparent.
1125 2865 1289 2942 Qtsaedam
1311 2890 1386 2930 sane
1410 2866 1504 2930 buius
1526 2867 1692 2931 relationis
1715 2868 1856 2952 capitula
1879 2868 2013 2954 frastra
2044 2871 2077 2933 in
2100 2867 2194 2933 Pari·

539 2974 695 3038 siensibus
718 2975 890 3038 canonibus
913 2976 1128 3059 requiruntur,
1157 2975 1264 3057 capita
1287 2974 1408 3074 scilieet
1430 2981 1480 3039 11.
1505 2978 1558 3040 12.
1584 2981 1627 3040 13
1659 2974 1752 3060 infra
1783 2999 1802 3037 a
1833 2998 1881 3037 me
1905 2989 2068 3039 numerata
2100 2975 2192 3056 (Mil.

545 3079 648 3165 Capit.
666 3079 714 3160 II,
731 3088 786 3163 13)
812 3081 930 3144 etalio
957 3080 1014 3165 (ef.
1037 3105 1078 3142 ee.
1097 3087 1141 3144 56
1151 3103 1239 3164 399.,·
1264 3079 1283 3141 l.
1310 3080 1330 3142 l.
1348 3078 1397 3158 Π,
1413 3087 1458 3146 46
1468 3083 1551 3165 399.)
1576 3094 1757 3165 9999939939
1780 3080 1908 3165 quidem
1931 3082 2065 3160 similia,
2093 3084 2195 3146 uerbis

540 3202 641 3250 autem
666 3213 685 3249 a
709 3186 893 3251 Parisiensi
920 3187 1054 3250 coneilio
1086 3185 1214 3249 diversa
1244 3199 1324 3249 sunt.
1371 3185 1461 3250 Haec
1491 3200 1592 3250 autem
1624 3187 1768 3272 capitula
1793 3211 1832 3250 eu
1853 3188 1932 3250 aliis
1956 3188 2093 3252 eiusdem
2118 3191 2199 3252 anni

541 3294 687 3357 consiliis
710 3294 821 3358 liaustu
846 3318 910 3357 esse
929 3294 1130 3379 prestiterim:
1160 3293 1303 3378 lepontur
1334 3295 1416 3356 enim
1448 3296 1573 3358 onnsino
1602 3307 1806 3357 consentanea
1836 3296 1929 3358 etnam
1954 3297 1987 3358 iu
2008 3298 2196 3380 posterioris
2214 3318 2241 3356 ss

541 3401 703 3464 cniusdam
734 3401 852 3487 synodi
873 3401 1076 3485 Aperisprani
1101 3400 1224 3463 scilieet
1253 3423 1336 3462 9999
1360 3407 1436 3467 836.
1468 3400 1593 3464 babilae
1624 3402 1827 3480 insoniunt,
1858 3425 1938 3486 9999
1964 3404 2137 3466 maximam
2163 3404 2195 3466 in

536 3522 661 3593 partem
692 3522 720 3572 et
749 3509 843 3571 bitias
870 3506 1066 3571 Parisiensis
1101 3507 1234 3570 concilii
1262 3521 1290 3570 et
1318 3507 1456 3570 aliorum
1488 3531 1570 3570 auno
1601 3513 1680 3574 829.
1713 3508 1890 3572 habitorum
1921 3533 2054 3573 canones
2085 3511 2195 3573 iterum

541 3617 684 3678 sanuisse
708 3615 847 3678 ridetur'
873 3613 966 3686 (JIG.
996 3613 1099 3699 lss'apit.
1125 3612 1172 3694 II,
1189 3619 1237 3680 26
1247 3631 1320 3698 39).

648 3722 761 3786 Facile
792 3736 893 3784 ornem
919 3723 1124 3806 perspicitur,
1155 3743 1236 3804 9999
1259 3720 1441 3806 difficultas
1463 3723 1505 3784 sit
1528 3721 1663 3785 eruendi
1691 3745 1825 3786 canones
1853 3722 2036 3801 Tolosanos,
2066 3722 2196 3808 Lupdu·

540 3853 658 3908 999393,
682 3827 936 3915 Mopuntinenses
961 3852 1056 3912 99999
1081 3829 1114 3890 in
1138 3827 1289 3890 relatione
1314 3827 1372 3890 illa
1396 3853 1493 3912 99999
1518 3831 1550 3891 iu
1574 3829 1707 3892 conscilio
1723 3827 1981 3913 Aquispranensi
1992 3852 2049 3893 suo
2072 3832 2195 3894 nomine
2214 3852 2242 3891 so

541 3936 709 4016 imiiratos,
740 3960 800 4021 999
823 3937 867 4020 ι63
897 3950 929 3998 nt
958 3936 1080 3998 999993
1110 3933 1255 3996 dieamus
1282 3957 1333 3996 993
1358 3958 1418 3996 999
1442 3936 1508 3997 iam
1531 3935 1667 4020 sinpulis
1692 3935 1760 3998 illis
1784 3936 1929 3999 conciliis
1951 3938 2087 4000 attribui
2101 3961 2195 4022 posse

542 4068 636 4129 qnam
649 4067 787 4129 prorsas
811 4041 999 4128 deperditos.
1036 4040 1258 4103 Nihilominus
1282 4054 1400 4104 constat
1422 4040 1460 4115 de
1481 4040 1511 4102 Τ
1509 4042 1639 4105 olosana
1661 4040 1781 4128 synodo
1805 4041 1890 4105 nibil
1905 4066 1969 4127 pro
1993 4057 2074 4107 certo
2097 4046 2194 4130 affir-

542 4153 628 4215 artari
654 4175 746 4237 posse
778 4152 910 4235 itemque
944 4148 982 4212 de
1011 4147 1230 4235 erpdunensi,
1261 4172 1451 4233 quamquam
1483 4150 1516 4211 in
1546 4171 1580 4211 eo
1610 4162 1713 4212 aetum
1745 4172 1809 4212 esse
1839 4162 1931 4212 aritea
1954 4151 2129 4235 putabatur
2157 4151 2195 4215 de

542 4258 719 4322 conditione
742 4256 934 4320 Iudaeorum
965 4270 994 4320 et
1027 4258 1059 4318 in
1090 4258 1158 4320 eius
1188 4255 1468 4320 deliberationibus
1502 4257 1564 4318 niti
1584 4255 1747 4339 epistolam
1772 4253 1943 4341 Apobardi
1963 4256 2199 4343 archiepiscopi

544 4365 765 4451 Lupdmmnsis
790 4366 882 4434 (obiit
904 4391 933 4427 a.
959 4367 1050 4442 840.)
1075 4370 1204 4448 itemque
1228 4362 1391 4448 epistolam
1415 4361 1565 4441 eiusdem,
1588 4361 1758 4426 Bernardi
1778 4361 1962 4426 Viennensis
1986 4363 2194 4446 (817-812)
2216 4385 2242 4424 ss

543 4486 571 4534 et
594 4471 689 4557 Faofi
718 4471 797 4552 (sire
822 4470 946 4550 Foras,
977 4471 1021 4556 cf.
1048 4470 1185 4548 Simeon,
1216 4470 1236 4532 l.
1263 4469 1283 4531 l.
1309 4467 1337 4546 Ῐ,
1360 4477 1426 4535 395
1456 4493 1530 4531 999.
1554 4471 1586 4552 7)
1622 4467 1854 4533 Cabilloueusis
1878 4469 2098 4553 (813-837)
2130 4472 2196 4555 epi·

543 4603 718 4664 scoparum,
735 4576 848 4641 319933
861 4576 918 4640 XI
922 4577 957 4656 V,
975 4585 1050 4644 007.
1070 4584 1132 4642 611
1151 4587 1205 4643 t=
1219 4574 1299 4638 HG.
1316 4574 1402 4661 Epp.
1423 4574 1458 4654 V,
1474 4580 1550 4641 182.
1569 4576 1659 4660 185),
1675 4589 1839 4660 utramque
1854 4574 2043 4640 Hludowieo
2060 4579 2196 4662 impera-

543 4685 782 4748 toridirectam.
820 4684 891 4746 Has
907 4698 1007 4746 autem
1024 4681 1253 4747 adscribendas
1272 4706 1335 4746 esse
1358 4685 1452 4746 antris
1469 4685 1546 4749 826.
1568 4682 1619 4746 sel
1640 4687 1719 4749 827.
1752 4681 1889 4761 Simsou,
1914 4684 1933 4746 l.
1953 4684 1973 4746 l.
1997 4681 2026 4764 I,
2050 4690 2195 4768 393399.

535 4792 683 4879 feliciter
705 4793 806 4854 erieit.

650 4897 752 4962 Plura
777 4897 911 4962 dicenda
935 4911 1007 4962 sunt
1029 4898 1067 4962 de
1091 4897 1225 4960 castrilio
1241 4895 1479 4981 Mopuntiuensi
1500 4920 1602 4959 meuse
1617 4894 1712 4960 Iunio
1735 4898 1817 4960 unni
1833 4901 1911 4963 829.
1937 4896 2052 4960 babito.
2099 4895 2198 4961 Citius
2216 4918 2244 4955 so

544 5008 674 5092 tripinta
699 5005 778 5069 dicos
801 5029 934 5069 9999993
966 5007 998 5068 in
1022 5005 1202 5067 membrana
1227 5004 1442 5087 suariuseripta
1473 5004 1560 5066 eirea
1592 5027 1707 5066 annmn
1732 5011 1830 5071 1640.
1857 5003 1974 5068 vidisse
2002 5017 2030 5068 et
2052 5004 2197 5068 babuisse

653 5253 681 5337 1)
706 5260 830 5318 Nomina
846 5259 1132 5334 archiepiscoporum,
1156 5257 1205 5332 qui
1226 5255 1343 5332 sinpulis
1359 5257 1482 5314 conciliis
1505 5258 1638 5316 interesse
1661 5258 1729 5316 iussi
1746 5268 1838 5328 eram,
1863 5261 1993 5336 lepnntur
2015 5258 2045 5316 in
2068 5260 2197 5317 constitu·

543 5368 616 5424 tione
631 5368 703 5424 areni
718 5372 809 5434 828.,·
832 5385 922 5441 snpra
934 5385 965 5439 p.
982 5369 1044 5423 596
1059 5366 1078 5421 l.
1097 5367 1136 5423 bl
1147 5383 1207 5439 sqq.
1278 5355 1308 5440 2)
1332 5363 1362 5418 V.
1377 5383 1468 5438 supra
1479 5384 1511 5439 p.
1527 5367 1661 5441 297399.
1731 5357 1762 5445 3)
1779 5364 1853 5424 nd.
1872 5364 1963 5441 Capit.
1980 5365 2019 5435 II,
2036 5369 2131 5442 2739.
2146 5369 2197 5424 46.

545 5467 575 5548 4)
595 5474 625 5529 V.
642 5493 714 5550 9999
730 5475 764 5529 de
779 5494 813 5530 eu
829 5473 913 5545 infru
928 5471 978 5528 sub
994 5470 1025 5527 E
1040 5490 1217 5546 exponemus.
1280 5461 1310 5544 5)
1329 5468 1414 5527 Citius
1423 5479 1504 5547 99319
1518 5470 1784 5547 sustequentur.
1859 5464 1889 5549 6)
1908 5471 1939 5530 C.
1952 5476 1992 5531 55
1999 5493 2010 5542 ,·
2029 5474 2047 5529 l.
2061 5473 2078 5529 l.
2094 5471 2197 5541 II,46.

545 5573 575 5656 7)
606 5581 638 5637 V.
656 5585 783 5639 9921.
801 5587 827 5639 6.
845 5585 903 5648 21,·
933 5580 950 5634 l.
975 5580 992 5634 l.
1016 5577 1056 5646 II,
1074 5582 1185 5652 29399.
1201 5579 1250 5636 37.
1273 5606 1317 5616 -
1343 5576 1393 5634 Eu
1420 5577 1493 5634 notis
1515 5578 1558 5634 ad
1578 5587 1644 5634 aeta
1668 5578 1847 5636 Parisiensia
1869 5578 2015 5654 adspersis
2035 5578 2243 5655 apparebitis

543 5697 609 5764 quot
632 5707 754 5744 9999993
783 5687 812 5743 in
836 5686 972 5743 relatione
995 5686 1045 5742 illa
1068 5684 1187 5760 repetita
1210 5683 1284 5752 sint,·
1315 5703 1371 5739 non
1402 5683 1529 5740 adbibita
1556 5692 1622 5741 suut
1651 5684 1761 5742 concilii
1784 5685 1957 5743 Parisiensis
1979 5684 2044 5742 libri
2065 5684 2089 5741 Ι.
2107 5704 2197 5761 prae·

538 5795 628 5865 satio,
654 5813 691 5850 ec.
708 5797 737 5853 4.
756 5799 784 5852 6.
803 5797 830 5852 7.
847 5798 894 5852 15.
911 5795 989 5851 17-
1004 5796 1051 5852 19.
1075 5795 1124 5850 23.
1149 5794 1197 5849 et.
1223 5794 1272 5849 26.
1296 5794 1347 5850 28.
1371 5793 1420 5849 29.
1446 5793 1494 5849 32.
1519 5794 1567 5849 34.
1592 5795 1633 5849 36
1640 5795 1740 5850 -39
1764 5793 1812 5850 51.
1829 5795 1879 5861 52,
1904 5791 1969 5848 libri
1983 5791 2022 5848 ΙΙ.
2033 5791 2197 5867 praefatio,

544 5923 581 5956 99.
603 5904 728 5970 3-13,
753 5900 817 5956 libri
838 5899 889 5955 111
911 5920 949 5956 99.
973 5904 1001 5957 5.
1027 5905 1054 5957 6.
1146 5889 1177 5974 8)
1200 5897 1231 5952 V.
1255 5897 1285 5953 in
1309 5898 1360 5953 boc
1383 5906 1454 5954 tomo
1477 5897 1518 5954 ad
1539 5916 1644 5954 annunt
1670 5901 1742 5957 836.
1769 5897 1852 5954 Febr.
1876 5898 1926 5956 snb
1948 5900 1982 5954 A.
