4884 6717
681 540 732 596 61.
769 538 987 596 conclamat
1011 537 1333 595 INGELHEIMENSE
1356 538 1394 594 A.
1414 535 1489 592 840.
1845 529 1907 591 811

259 726 456 814 apostolicae
481 726 568 791 sedis
592 727 793 805 auctoritate,
824 748 985 790 consensu
1008 735 1170 790 tantorum
1200 726 1427 811 episcoporum
1456 733 1490 788 et
1512 722 1648 789 aliorum
1672 703 1831 788 bonorum
1853 721 1910 788 ho·

246 834 398 914 vminum3
423 832 480 897 ubi
496 856 516 897 a
530 834 676 919 piissimo
692 855 732 897 ae
756 831 892 920 spiritali
916 842 1008 918 patre
1025 830 1196 918 Gregorio,
1220 830 1339 896 domno
1355 829 1511 895 videlicet
1533 829 1721 916 apostolico,
1746 828 1910 915 benignis·

259 941 340 1004 sime
364 949 413 1004 est
436 951 586 1026 receptus
611 949 644 1004 et
667 939 845 1025 apostolica
868 940 1058 1003 auctoritate
1089 938 1276 1024 plenissime
1300 938 1477 1018 restitutus,
1508 938 1604 1002 sicuti
1634 958 1736 1024 penes
1766 958 1825 1000 nos
1855 935 1910 1001 ha·

258 1045 405 1112 bemus1.
439 1047 643 1111 Postremum
664 1046 804 1132 denique
825 1047 945 1110 iunctis
960 1045 1096 1132 pacifice
1113 1044 1186 1131 plus
1203 1067 1302 1131 quam
1319 1043 1474 1109 biennio²
1497 1042 1646 1109 omnibus
1671 1040 1910 1130 episcopalibus

228 1153 376 1222 solliciis
399 1154 532 1219 vocarit
554 1176 613 1218 nos
637 1155 701 1218 iam
726 1153 893 1238 saepefata
915 1165 1020 1217 mater
1034 1153 1204 1216 Remensis
1221 1152 1362 1216 ecclesia
1384 1151 1425 1215 ad
1449 1150 1571 1237 gradm
1595 1151 1844 1232 ecclesiasticos,
1869 1149 1911 1214 ad

260 1282 351 1347 quos,
382 1260 474 1326 Deus
499 1262 600 1342 novit,
632 1283 697 1325 non
721 1261 903 1346 importune
933 1282 992 1323 nos
1021 1260 1192 1345 gessimus,
1224 1258 1282 1322 sed
1312 1258 1469 1324 electione
1500 1258 1719 1322 ministrorum
1750 1256 1910 1322 ecclesiae

259 1369 551 1453 magistrorumque
581 1378 774 1448 nostrorum,
810 1364 1044 1430 acclamatione
1076 1367 1173 1430 etiam
1204 1377 1302 1451 atque
1337 1362 1500 1429 oblatione
1537 1365 1633 1429 totius
1663 1363 1823 1428 ecclesiae
1855 1362 1910 1427 de·

260 1472 316 1537 lati
340 1496 460 1538 sumus.

366 1581 446 1645 Post
467 1580 549 1645 haec
573 1602 650 1644 vero
675 1579 858 1644 dividentes
881 1580 967 1644 inter
989 1602 1023 1643 se
1047 1577 1510 1665 regnapaternaiLotharius
1526 1579 1757 1663 imperatorne
1773 1577 1911 1642 domnus

217 1718 243 1756 ιο
259 1697 370 1751 noster
394 1687 546 1768 Karolus,
578 1686 828 1772 gloriosissimus
858 1709 928 1768 rex,
960 1685 1092 1750 devenit
1122 1687 1187 1749 iam
1218 1707 1317 1772 saepe
1349 1684 1437 1749 dieta
1467 1695 1572 1749 mater
1601 1694 1712 1748 nostra
1740 1684 1911 1748 Remensia

263 1792 402 1858 ecclesia
424 1795 458 1858 in
481 1804 608 1880 partem
631 1803 664 1857 et
686 1792 843 1857 ditionem
866 1791 1090 1877 gloriosissimi
1114 1792 1202 1877 regis
1218 1791 1342 1874 Karoli,
1367 1814 1442 1855 cum
1466 1814 1530 1878 quo
1554 1803 1624 1855 erat
1647 1791 1848 1875 gratissimus
1872 1814 1911 1855 ac

262 1901 504 1987 potentissimus
527 1899 652 1963 Fuleho
676 1897 778 1963 abbas
787 1904 810 1980 ⁴,
842 1900 897 1985 qni
928 1900 1032 1984 ipsam
1056 1899 1230 1962 ecclesiam
1254 1898 1365 1962 domni
1387 1896 1550 1961 Ludovici
1580 1898 1785 1983 imperatoris
1815 1908 1912 1962 antea

262 2005 435 2093 presbyter
458 2006 643 2070 obtinuerat
674 2018 706 2070 et
728 2006 835 2091 gratia
857 2005 1003 2068 ciusdem
1027 2005 1124 2090 regis,
1156 2027 1230 2069 cum
1254 2026 1318 2091 quo
1343 2015 1421 2084 erat,
1452 2004 1569 2068 iterum
1593 2003 1731 2090 adeptus
1754 2014 1804 2068 est
1827 2026 1910 2069 cam.

368 2262 510 2311 ⁴liunetos
530 2261 563 2310 A.
648 2260 843 2325 bsaepeiacta
862 2257 891 2308 P.
976 2261 1008 2308 10
1027 2258 1205 2324 gloriosisim-
1224 2257 1265 2308 bie
1282 2266 1306 2307 et
1323 2257 1396 2324 iufra
1415 2257 1445 2308 Ρ.
1528 2260 1561 2308 12
1580 2252 1683 2323 domni]
1701 2258 1739 2308 ito
1757 2259 1790 2309 A.
1810 2257 1842 2321 P,
1869 2258 1912 2309 rod

219 2357 243 2396 to
256 2349 366 2416 sortasse
382 2350 555 2416 corripendum
573 2357 609 2400 est
627 2350 699 2399 dono
718 2349 757 2398 vel
773 2348 863 2414 gratia
881 2348 990 2408 domni3
1008 2365 1023 2396 u
1051 2348 1067 2397 l.
1083 2351 1115 2397 13
1133 2356 1157 2398 et
1172 2365 1200 2412 p.
1214 2351 1267 2398 812
1285 2347 1302 2398 l.
1315 2352 1341 2398 4.

372 2575 401 2662 1)
438 2582 487 2655 Of.
520 2581 656 2660 Gregorii
676 2583 731 2641 IV.
764 2576 965 2658 (827—844)
1000 2582 1116 2658 epistola
1148 2582 1184 2638 ab
1214 2582 1275 2657 ipm
1307 2581 1404 2640 Eborac
1434 2582 1567 2658 conflata,
1601 2580 1673 2640 ΜΘ.
1708 2582 1784 2658 Epp.
1816 2583 1847 2652 V,
1872 2586 1911 2643 81

263 2685 423 2765 (duffii-E.
440 2712 469 2749 n.
486 2684 726 2764 2583—2585).
757 2689 796 2745 K.
813 2689 937 2764 Hampe,
955 2687 1059 2745 ‘Neues
1074 2688 1193 2746 Areliv’
1207 2687 1324 2758 XXIII,
1338 2691 1408 2747 180.
1441 2688 1557 2745 Errant
1570 2697 1662 2745 autern
1678 2697 1728 2745 nul
1742 2690 1912 2746 mentiuntur

262 2806 390 2854 auctores
413 2797 504 2866 libelli,
536 2817 596 2853 cum
621 2796 755 2866 Edonum,
787 2805 938 2871 autequam
968 2794 1066 2851 iterum
1098 2796 1231 2870 apulsus
1252 2795 1297 2864 sit,
1328 2794 1449 2852 Βοηιαιη
1470 2796 1630 2871 profectum
1654 2814 1712 2852 esse
1733 2796 1846 2865 dicunn-
1870 2797 1910 2867 cs.

263 2903 379 2979 epistola
394 2904 505 2960 canalii
522 2902 678 2960 Tricassini
691 2905 764 2973 867,
784 2902 883 2959 illumi
894 2902 962 2972 XV,
975 2903 1104 2977 7933q.;
1128 2902 1169 2973 cs.
1188 2901 1320 2971 Sclrbra,
1345 2903 1363 2957 l.
1381 2903 1399 2958 l.
1411 2921 1444 2976 p.
1462 2905 1510 2960 35.
1530 2905 1571 2961 66
1586 2922 1655 2958 aaa.
1670 2906 1722 2962 68.
1798 2894 1829 2980 2)
1845 2901 1912 2959 Nou

218 3029 245 3068 to
258 3029 315 3085 per
343 3009 491 3080 biennium,
521 3011 573 3067 sed
595 3030 652 3086 per
680 3029 766 3067 uuum
795 3028 901 3066 annum
933 3001 988 3082 (cs.
1013 3008 1145 3077 Schriirs,
1176 3009 1195 3064 l.
1220 3009 1239 3064 l.
1265 3028 1298 3083 p.
1317 3003 1370 3085 34)
1403 3007 1464 3065 noo
1489 3016 1557 3083 post
1588 3008 1785 3065 restitutionem
1819 3010 1912 3067 sedem

263 3116 426 3174 lirinensem
451 3117 549 3187 tenuit;
573 3117 613 3188 cs.
639 3116 718 3192 epist.
742 3115 853 3173 mucilii
873 3114 1028 3172 Tricassiui
1050 3117 1114 3175 867
1136 3116 1178 3172 ad
1191 3114 1340 3172 illicolnum
1358 3134 1471 3190 papam
1493 3114 1579 3171 musa
1603 3107 1619 3188 (
1619 3114 1719 3171 Moesi
1733 3115 1767 3171 X
1770 3115 1800 3184 V,
1818 3109 1912 3192 793).-

263 3224 325 3279 Ebo
343 3266 350 3280 .
369 3266 376 3280 .
395 3266 402 3279 .
423 3224 584 3297 episcopale
608 3225 803 3292 ministerium,
827 3223 1012 3295 suffraganeis
1036 3223 1174 3278 ecclesiae
1200 3223 1349 3277 Remorum
1374 3221 1513 3294 episcopis
1535 3223 1736 3293 praesentibus
1758 3240 1790 3278 ac
1814 3223 1910 3278 conni-

264 3332 407 3401 ventibus,
438 3351 524 3404 agere
555 3332 650 3403 coepit
681 3339 711 3386 et
743 3372 750 3386 .
777 3372 783 3385 .
810 3371 817 3385 .
841 3330 1005 3386 Wnlfadum
1030 3370 1037 3383 .
1064 3371 1071 3383 .
1097 3370 1104 3383 .
1137 3337 1166 3385 et
1194 3330 1255 3386 eius
1282 3328 1405 3401 collegas
1435 3337 1563 3400 tempore
1594 3330 1726 3385 canonico
1756 3330 1910 3397 ordinavit3

266 3439 313 3510 qui
338 3479 398 3494 ...
423 3432 577 3514 (Elonem)
602 3439 777 3494 sollemniter
800 3455 908 3492 sncmm
931 3436 1053 3492 officium
1078 3444 1108 3492 et
1131 3435 1249 3507 pacifico
1273 3455 1325 3508 per
1348 3454 1450 3491 annum
1474 3436 1587 3492 circiter
1610 3435 1755 3492 celebrare
1780 3437 1911 3492 viderunt

220 3562 247 3602 aa
266 3552 294 3601 ct
316 3563 372 3600 non
396 3564 426 3601 se
450 3547 486 3600 ad
510 3563 604 3600 sacros
627 3546 740 3600 ordines
763 3544 959 3615 provehendos
974 3544 1135 3614 importune
1160 3544 1350 3614 ingesserunt,
1375 3544 1426 3598 scd
1450 3543 1650 3598 acclamatione
1675 3551 1705 3598 et
1728 3544 1911 3600 attestatione

205 3719 209 3736 ὁ
265 3653 352 3724 ipsius
383 3654 533 3720 ecclcsiae,
569 3660 600 3706 ut
635 3652 842 3717 ordinarentur,
872 3651 1061 3705 obocdierunt
1092 3643 1130 3723 (o.
1160 3669 1251 3725 supra
1281 3650 1298 3705 l.
1324 3652 1344 3708 6
1353 3643 1438 3725 sqq).
1492 3650 1530 3704 Et
1559 3649 1611 3704 hoc
1641 3651 1723 3706 modo
1755 3690 1762 3705 .
1789 3691 1796 3706 .
1822 3690 1829 3705 .
1860 3669 1913 3722 per

265 3760 333 3814 illud
364 3761 499 3831 temporis
530 3760 651 3831 spatium
680 3760 742 3813 Ebo
772 3758 942 3813 Remensem
970 3756 1119 3812 ecclesiam
1152 3758 1256 3824 tenuit,
1291 3758 1381 3812 donec
1412 3756 1533 3812 Karolns
1565 3758 1717 3828 resumptis
1746 3758 1852 3812 viribus
1883 3766 1913 3813 et

266 3868 352 3939 copiis
376 3868 537 3938 Sequanam
559 3865 742 3922 transmeavit
765 3873 795 3920 ct
819 3864 847 3918 in
863 3863 1008 3935 Belgicam
1032 3864 1175 3934 regionem
1199 3865 1301 3918 iterum
1323 3881 1454 3919 reversus
1477 3863 1532 3917 tuit
1555 3856 1640 3936 (anni
1662 3866 1731 3922 841.
1756 3859 1911 3940 audranno).

267 3973 350 4037 Quod
373 3975 491 4029 audiens
514 3973 586 4041 Ebo,
616 3973 718 4027 relicta
740 3971 873 4027 Remcnsi
898 3971 1029 4037 ecclesia,
1059 3970 1095 4024 sd
1118 3969 1296 4024 Hlotharium
1326 3971 1443 4026 secessit
1467 3979 1496 4026 et
1518 3971 1547 4024 in
1571 3969 1631 4024 eius
1654 3970 1838 4026 familiaribus
1861 3972 1911 4026 ob·

221 4093 247 4132 ao
264 4081 380 4152 sequiis,
410 4081 487 4135 vario
517 4089 622 4136 eventu
652 4080 800 4134 accidente
831 4079 904 4132 inter
933 4077 1009 4132 illurn
1042 4085 1070 4130 ct
1097 4076 1200 4132 fratres
1231 4077 1301 4140 eius,
1332 4078 1433 4131 mansit
1464 4083 1493 4132 et
1521 4077 1549 4130 in
1574 4076 1724 4148 Cisalpinis
1751 4078 1912 4149 regionibus

264 4187 407 4242 abbatiam
437 4188 527 4243 sancti
558 4186 694 4254 Remacli,
726 4187 777 4240 aed
809 4191 838 4240 et
868 4184 1011 4239 abbatiam
1041 4185 1129 4238 sancti
1153 4182 1319 4239 Columbani
1348 4184 1377 4238 in
1407 4182 1490 4238 ltalia
1513 4184 1588 4254 apud
1612 4201 1677 4238 euin
1700 4183 1832 4250 obtinuit,
1864 4185 1912 4239 nbi

263 4312 357 4349 rerum
379 4295 584 4366 proprietatem
607 4294 700 4365 pretio
724 4292 896 4364 compararit
919 4297 949 4346 et
972 4309 1025 4363 per
1048 4291 1123 4346 idem
1146 4299 1257 4361 tempus
1288 4290 1374 4362 ipsius
1404 4291 1581 4362 imperatoris
1608 4291 1733 4345 diversas
1756 4291 1912 4362 legationes

264 4401 293 4456 in
323 4402 448 4456 diversas
478 4410 575 4472 partes
604 4401 726 4472 peregit,
762 4416 852 4471 usque
883 4399 949 4451 dnm
980 4415 1053 4452 anno
1082 4396 1283 4452 incarnationis
1317 4398 1472 4452 dominicae
1503 4395 1729 4452 DCCCXLIIII.
1759 4416 1817 4453 una
1849 4417 1913 4453 eum

264 4510 398 4581 Drogone
423 4509 606 4564 blettensium
637 4508 769 4578 episcopo
800 4506 852 4560 sub
876 4504 976 4576 Sergio
1005 4522 1081 4575 papa
1110 4497 1316 4578 (alr—847)
1340 4503 1455 4558 Romam
1478 4503 1556 4558 adiit.
1575 4543 1582 4558 .
1601 4543 1634 4558 ..
1681 4504 1802 4558 Demum
1825 4504 1914 4560 Roma

265 4741 348 4795 quam
372 4723 473 4793 exequi
497 4721 679 4788 detrectavit,
704 4726 734 4775 et
756 4720 863 4773 ideirco
878 4718 931 4773 sibi
947 4718 983 4772 ab
1000 4718 1100 4772 eodem
1116 4717 1286 4787 imperatore
1308 4717 1427 4771 abbatiis
1451 4717 1550 4772 ablatis
1575 4724 1604 4772 et
1627 4735 1645 4771 a
1668 4735 1698 4770 sc
1723 4718 1791 4772 data
1812 4735 1912 4789 supra·

265 4830 372 4902 scripta
400 4829 575 4902 proprietate
606 4825 796 4896 Hirmingardi
825 4825 996 4897 imperatrici
1027 4816 1125 4896 (sicori
1153 4818 1325 4898 Hlotlrurii),
1360 4823 1517 4879 illudowici
1551 4823 1701 4895 largitione
1736 4825 1811 4896 regis
1841 4824 1912 4880 Ger·

265 4937 374 4992 maniae
404 4937 432 4991 in
463 4935 607 5007 prouincia
636 4933 804 5004 Moguntina
834 4939 864 4987 et
893 4932 1009 5003 regione
1033 4928 1182 4998 Saxoniac,
1213 4947 1270 4985 non
1297 4929 1382 5001 longe
1407 4948 1425 4985 a
1446 4930 1592 4986 vicinitate
1622 4929 1719 4985 finium
1742 4931 1912 4986 Northman·

264 5062 373 5112 norum,
409 5043 510 5114 quibus
542 5059 560 5096 a
588 5040 717 5095 Paschali
747 5057 823 5111 papa
853 5033 890 5112 (l.
915 5031 1102 5112 817—824)
1129 5038 1311 5108 praedicator
1339 5036 1434 5092 iuerat
1463 5037 1623 5092 destinatus
1651 5029 1705 5110 (rs.
1736 5035 1808 5094 ΜΟ.
1834 5036 1912 5114 Ερρ.

221 5168 248 5207 so
271 5149 303 5219 V,
322 5153 363 5209 68
386 5150 421 5205 de
442 5167 520 5205 auno
544 5166 587 5203 co.
604 5141 702 5221 822),
727 5145 901 5217 episcopium
924 5143 1139 5200 Hildencsheim
1162 5161 1267 5198 vacans
1289 5143 1426 5211 obtinuit,
1449 5143 1497 5197 nbi
1514 5145 1611 5210 etiam,
1634 5144 1803 5200 auctoritate
1821 5144 1912 5200 cnius-

265 5258 330 5312 dam
352 5256 494 5329 privilegii
517 5254 597 5310 nobis
620 5255 738 5320 ostensi,
761 5271 779 5308 a
801 5254 887 5308 beato
911 5251 1048 5323 Gregorio
1070 5268 1146 5321 papa
1169 5243 1236 5322 (IV.
1261 5243 1448 5325 aar—sal)
1472 5250 1526 5304 sibi
1549 5250 1644 5305 collati
1668 5245 1722 5324 (cf.
1746 5251 1764 5305 l.
1784 5251 1802 5305 l.
1826 5250 1912 5320 V,81

265 5358 358 5438 spur.)
381 5363 551 5418 connivente
575 5380 661 5433 supra
683 5368 838 5416 memorata
860 5377 911 5413 sua
934 5358 1111 5413 restitutione
1135 5350 1220 5429 (unni
1235 5350 1330 5431 840),
1354 5356 1632 5412 ministeriumsuum
1649 5356 1807 5413 finetenus
1831 5377 1912 5415 exer·

266 5471 339 5538 cuit3
372 5470 412 5540 cs.
438 5467 511 5526 Mo.
538 5465 631 5542 Cupit,
655 5467 695 5536 Η,
720 5468 780 5525 173
810 5467 829 5522 l.
853 5469 904 5535 24,
927 5485 960 5540 p.
981 5466 1052 5523 264.
1101 5462 1263 5520 Flodoardi
1291 5463 1458 5520 bicallem.
1490 5464 1555 5519 eccl.
1579 5463 1618 5519 ΙΙ
1635 5467 1725 5533 cao,
1759 5463 1832 5523 Mo.
1858 5465 1913 5523 SS.

266 5575 352 5646 XIII,
369 5579 441 5636 474.
527 5567 558 5652 3)
582 5575 665 5631 Anno
689 5576 761 5633 843.
785 5591 878 5629 merua
899 5573 1041 5648 dapum
1071 5571 1112 5642 cs.
1139 5567 1532 5629 Matthacler2u.1103u
1617 5561 1647 5648 4)
1673 5569 1773 5628 Sancti
1794 5571 1916 5649 Remigii

222 5698 248 5738 ro
266 5682 421 5753 Bemmari,
453 5682 498 5739 cui
525 5682 582 5737 iam
606 5699 683 5738 auno
705 5683 777 5739 835.
802 5677 986 5736 aaronica
1008 5678 1163 5753 imperator
1188 5677 1281 5734 sedem
1303 5676 1467 5734 Rernerraem
1491 5677 1682 5747 commiseram
1716 5678 1756 5749 cf.
1782 5677 1914 5749 Sclrdrr,

266 5790 284 5845 l.
309 5791 327 5846 l.
350 5809 380 5864 p.
398 5793 439 5848 36
461 5808 530 5846 ana.
548 5791 598 5847 42.

1634 5899 1701 5956 102ΙΙΙ
