4884 6717
368 1887 456 1934 touls,
464 1886 498 1927 21.

352 1993 498 2041 t.Cor.1³,³.

355 4241 375 4278 1.
385 4239 436 4280 Cor.
444 4239 501 4288 l,22.

407 4649 436 4690 el.
446 4647 505 4697 Eph,

404 4705 425 4750 ὅ,
434 4703 459 4740 la
468 4714 501 4749 sq.

514 497 580 560 530
987 503 1038 559 44.
1076 503 1294 561 CONCILIUM
1317 501 1547 558 PARISIENSE
1571 503 1608 556 A.
1629 500 1702 557 825.

516 689 661 754 brevitas
692 691 753 753 rite
784 691 941 775 permisit,
972 712 1105 754 monere
1136 713 1195 754 vos
1226 699 1259 754 et
1289 689 1464 770 exhortari,
1496 711 1514 752 o
1538 687 1717 752 venerandi
1749 687 1861 751 mundi
1889 687 2065 774 principes,
2098 709 2170 750 cum

516 797 671 861 universa
694 809 807 860 sancta
830 796 906 876 Dei,
939 819 1036 883 quam
1061 796 1204 861 Domino
1236 795 1445 882 dispensante
1476 807 1509 859 et
1539 796 1759 859 committente
1790 792 1989 879 gubernatis,
2021 793 2173 874 ecclesia,

516 913 552 967 ut
576 925 625 982 ea,
651 925 734 989 quae
759 900 853 967 vobis
877 925 942 966 non
967 901 1131 988 quaelibet
1155 905 1331 982 temeritas,
1356 902 1414 966 scd
1430 924 1509 966 vera
1529 900 1693 966 humilitas
1710 911 1821 965 nostra
1836 901 1986 964 intimare
2003 898 2173 980 studuerit,

518 1011 672 1073 attentius
696 1009 836 1073 audiatis
861 1021 894 1073 et
917 1008 958 1073 ob
983 1009 1110 1073 illorum
1135 1011 1363 1090 reverentiam,
1389 1010 1444 1095 qui
1470 1032 1543 1073 cum
1567 1008 1710 1072 Domino
1734 1009 1805 1094 ipso
1831 1008 2038 1093 promittente
2062 1009 2095 1070 in
2120 1005 2174 1070 die

516 1116 694 1180 novissimo
719 1117 817 1179 totins
834 1114 946 1179 mundi
962 1116 1092 1179 venturi
1109 1130 1183 1179 sunt
1200 1116 1335 1197 iudices,
1360 1127 1550 1180 reverenter
1566 1115 1750 1200 suscipiatis
1767 1113 1858 1178 etad
1875 1112 2010 1178 salutem
2031 1114 2174 1177 omnium
2193 1141 2207 1180 s

517 1235 662 1286 vestrum
687 1234 817 1285 strenue
842 1245 1037 1286 conservare
1062 1222 1230 1286 studeatis.

625 1329 857 1393 Praemisimus
890 1330 978 1393 enim
1010 1328 1106 1416 paulo
1138 1331 1288 1415 superius
1301 1335 1321 1410 ¹,
1352 1343 1388 1393 ut
1417 1341 1490 1415 post
1520 1327 1681 1392 redditam
1712 1328 1881 1408 rationem,
1915 1338 1988 1412 post
2018 1327 2175 1390 insertam

518 1437 745 1500 auctoritatem
769 1447 903 1521 propter
926 1435 1150 1512 adunandam,
1182 1459 1280 1522 quam
1305 1435 1436 1500 domino
1460 1435 1533 1499 Deo
1559 1435 1728 1499 ordinante
1753 1435 1876 1519 regitis,
1901 1432 2073 1497 ecclesiam
2098 1455 2175 1496 con·

518 1542 626 1605 silium
650 1541 745 1606 vobis
769 1565 833 1605 non
858 1553 970 1606 nostra
993 1542 1236 1619 adinventione,
1268 1543 1326 1607 sed
1356 1543 1469 1606 diviua
1496 1526 1688 1607 auctoritate
1718 1540 1798 1605 illud
1828 1540 1906 1604 dare
1937 1539 2174 1620 debuissemus,

518 1671 577 1735 per
612 1648 698 1735 quod
730 1648 844 1712 eadem
876 1663 990 1713 sancta
1020 1661 1124 1713 mater
1154 1649 1295 1714 ccclesia
1325 1651 1370 1713 ita
1401 1647 1464 1712 sibi
1494 1659 1605 1713 mutuo
1636 1649 1670 1711 in
1701 1671 1781 1712 vera
1811 1669 1893 1733 pace
1925 1646 2088 1710 foederari
2120 1645 2173 1709 de·
2194 1673 2221 1713 10

518 1754 652 1836 buissct,
684 1755 824 1841 qualiter
855 1769 886 1819 et
916 1756 949 1818 in
981 1755 1041 1820 boc
1074 1756 1204 1821 saeculo
1236 1768 1269 1820 et
1299 1758 1331 1820 in
1362 1757 1469 1820 futuro
1494 1757 1523 1820 ei
1547 1754 1678 1841 placere
1701 1756 1868 1840 potuisset,
1900 1754 1955 1840 qui
1980 1775 2174 1818 ascensurus

519 1861 559 1925 de
592 1861 713 1925 nrundo
746 1864 813 1925 suis
846 1863 993 1947 promisit
1026 1862 1155 1926 dicens:
1192 1863 1306 1927 Pacem
1339 1888 1437 1928 merim
1470 1863 1510 1926 do
1544 1864 1639 1942 cobis,
1663 1887 1777 1948 paoem
1807 1863 1953 1946 relinquo
1983 1861 2081 1925 vobis.
2132 1859 2176 1923 Et

519 1969 596 2055 quia
626 1981 798 2032 attestante
830 1968 932 2033 Paulo
967 1970 1052 2032 inter
1083 1981 1192 2033 cetera
1224 1991 1338 2033 verum
1374 1981 1439 2033 est:
1476 1970 1517 2034 Si
1549 1972 1621 2055 101(
1655 1969 1827 2033 tradiderit
1860 1992 1973 2053 corpus
2006 1993 2108 2045 aurern,
2143 1980 2176 2030 at

518 2076 641 2154 ardent,
666 2079 828 2140 caritatem
852 2091 951 2139 oratam
978 2101 1036 2140 1101(
1062 2077 1215 2156 debuerit,
1241 2078 1326 2141 1111111
1347 2092 1400 2156 est,
1424 2076 1498 2140 ideo
1522 2075 1723 2161 praedictam
1747 2085 1894 2138 sanctam
1913 2073 1977 2137 Dei
2002 2072 2174 2137 eeclesiam

518 2183 552 2245 in
575 2204 673 2245 verae
698 2183 788 2266 pacis
813 2181 1020 2246 concordiam
1045 2181 1181 2246 adunari
1207 2183 1282 2246 totis
1305 2182 1429 2246 viribus
1454 2194 1613 2268 optamus,
1638 2183 1724 2268 quia,
1749 2180 1910 2267 quomodo
1935 2181 2004 2243 sine
2021 2178 2076 2242 illa
2092 2179 2174 2243 cari·
2194 2205 2221 2245 11

519 2299 618 2352 tatem
641 2301 787 2351 mutuam
812 2287 932 2352 habere
957 2289 1068 2374 possit,
1094 2288 1181 2353 nullo
1206 2288 1302 2352 modo
1326 2288 1545 2373 intelligimus.
1580 2289 1692 2351 Potest
1708 2289 1792 2350 6111111
1810 2287 1891 2367 11611,
1915 2299 1951 2350 ut
1966 2285 2083 2372 aliquis
2100 2307 2174 2349 cnm

519 2395 621 2458 altero
646 2417 688 2459 ex
713 2407 805 2480 parte
830 2395 883 2459 vel
907 2396 1016 2459 fictam
1040 2418 1156 2481 pacem
1177 2395 1400 2482 temporaliter
1416 2394 1552 2459 habeat:
1578 2393 1739 2481 quomodo
1756 2407 1864 2458 autem
1881 2394 1950 2456 sine
1967 2415 2047 2457 vera
2062 2403 2174 2457 mutua

518 2524 600 2586 pace
624 2500 736 2564 habita
767 2524 841 2565 011111
866 2501 968 2565 altero
991 2524 1104 2566 veram
1136 2504 1240 2587 possit
1263 2501 1384 2565 habere
1409 2503 1589 2581 caritatem,
1613 2500 1702 2564 nulla
1725 2500 1820 2564 docet
1843 2501 2029 2564 auctoritas.
2076 2498 2173 2563 Unde

519 2630 716 2694 magnopere
742 2606 1016 2673 considerandum
1049 2622 1108 2688 est,
1140 2619 1263 2694 quanta
1293 2610 1474 2672 temeritate
1506 2619 1670 2694 quantave
1702 2606 1841 2672 audacia
1863 2606 1906 2671 ad
1929 2617 2095 2670 aeternam
2119 2605 2172 2669 ille

519 2716 691 2801 pervenire
716 2737 750 2779 se
775 2738 872 2801 posse
898 2716 1072 2796 existimat,
1097 2717 1152 2801 qui
1177 2727 1383 2800 praesentem
1407 2716 1440 2779 in
1464 2716 1525 2780 hoc
1550 2714 1681 2779 saeculo
1704 2737 1819 2799 paoem
1837 2714 1971 2778 Domini
1987 2736 2047 2798 per
2062 2735 2172 2799 quam·
2192 2738 2221 2778 10

519 2820 599 2885 libet
630 2823 835 2886 occasionem
867 2823 1002 2885 scissam
1034 2833 1216 2885 restaurare
1249 2845 1322 2886 cum
1354 2822 1503 2907 proximo
1536 2844 1601 2886 non
1632 2833 1733 2900 curat,
1765 2843 1862 2907 quarn
1893 2820 2033 2906 primurn
2057 2842 2173 2883 munus

519 2928 659 2992 humano
694 2929 807 3012 generi
843 2928 1006 2992 conlatum
1038 2927 1145 3013 angeli
1181 2930 1332 2992 nuntiant
1366 2951 1443 2992 mox
1473 2942 1549 2992 nato
1581 2928 1723 2992 Domino
1754 2929 1788 2990 in
1819 2926 1939 2991 mundo
1970 2925 2173 3011 eandemque

519 3035 694 3098 novissime
717 3033 870 3098 fidelibus
895 3021 961 3097 suis
984 3034 1019 3097 in
1042 3035 1115 3098 vice
1140 3058 1198 3099 sua
1222 3034 1309 3098 idem
1335 3034 1496 3100 Dominus
1520 3035 1653 3121 reliquit
1676 3034 1879 3098 discessurus
1903 3032 1943 3097 de
1961 3032 2092 3097 mondo.
2132 3032 2175 3096 Et

520 3163 717 3227 quamquam
741 3140 843 3205 multa
867 3154 899 3204 ct
923 3163 1006 3226 pene
1031 3140 1284 3205 innumerabilia
1307 3152 1426 3223 essent,
1452 3164 1534 3228 quae
1560 3141 1600 3205 de
1625 3152 1773 3205 tentare
1798 3139 1968 3220 subtiliter,
1993 3139 2175 3204 sublimiter

520 3262 552 3310 et
575 3248 670 3310 nimis
695 3246 882 3311 terribiliter
906 3247 972 3311 dici
995 3249 1185 3332 potuissent,
1211 3247 1394 3311 cavendum
1419 3261 1469 3312 est
1491 3249 1677 3334 unicuique,
1705 3269 1746 3311 ne
1771 3247 1832 3311 hoc
1858 3249 2029 3332 quisquam
2055 3247 2094 3311 de
2119 3246 2175 3310 illa
2192 3270 2220 3310 aa

520 3353 720 3417 solummodo
744 3377 826 3440 paee
850 3353 1095 3438 intelligendum
1120 3366 1220 3439 putet,
1247 3376 1331 3440 quae
1356 3353 1495 3418 habetur
1511 3356 1544 3418 in
1561 3354 1670 3436 caelis,
1696 3356 1773 3440 quia
1790 3364 1822 3418 et
1838 3354 2000 3418 Dominus
2016 3353 2174 3417 recedens

520 3462 581 3524 ait:
612 3461 724 3524 Pacem
751 3487 849 3524 aaronis
874 3463 1018 3546 relinquo
1045 3464 1140 3540 rodis,
1164 3473 1196 3523 et
1220 3460 1329 3546 angeli
1354 3462 1615 3547 praemittentes:
1650 3463 1766 3526 Gloria
1792 3466 1823 3526 in
1848 3461 2074 3540 em·elsc'sDco,
2098 3482 2174 3524 rnox

519 3590 584 3630 non
611 3570 643 3631 in
666 3569 774 3646 caela,
807 3566 1015 3652 subiungant,
1046 3568 1103 3631 sed
1134 3571 1165 3631 in
1191 3583 1274 3631 terra
1294 3594 1366 3654 poa
1388 3570 1567 3633 horninibus
1590 3571 1687 3633 dovrae
1713 3570 1887 3633 (0110110116.
1936 3566 2054 3653 Cogita
2077 3568 2173 3652 igitur

520 3685 637 3753 tecum,
670 3696 688 3737 0
719 3672 811 3760 plebs
844 3685 875 3737 et
905 3672 1044 3759 populos
1068 3674 1143 3754 Dei,
1176 3675 1203 3736 si
1234 3674 1275 3738 ad
1307 3686 1498 3760 perpetuam
1529 3676 1579 3738 vis
1610 3676 1782 3760 pervenire
1807 3674 1953 3755 salutem,
1984 3685 2021 3737 ut
2051 3675 2084 3737 in
2112 3674 2173 3737 hoc

520 3779 650 3844 saeculo
674 3803 739 3843 nou
763 3781 883 3860 fictam,
909 3779 966 3844 sed
990 3802 1103 3843 veram
1128 3779 1248 3844 habere
1273 3793 1417 3845 mutuam
1442 3780 1573 3844 studeas
1597 3803 1723 3866 pacem,
2129 3797 2132 3805 ⁴
2193 3803 2220 3843 10

628 3886 694 3951 Sed
719 3888 824 3950 minus
848 3887 984 3950 fortasse
1008 3886 1164 3971 prodesse
1188 3888 1323 3973 poterit3
1356 3886 1436 3950 libet
1459 3888 1574 3952 merito
1598 3899 1689 3951 tanta
1712 3887 1851 3973 talisque
1875 3889 2052 3951 arroteritae
2076 3909 2175 3951 causa

521 3994 646 4058 corrsilii
671 3994 820 4058 sut'tieere
846 3992 1022 4073 debuisset,
1053 4015 1188 4057 neccsse
1221 3994 1292 4074 erit,
1324 4006 1359 4057 ut
1389 3994 1465 4058 huic
1497 3994 1673 4058 adsertioni
1698 4007 1807 4057 cetera
1830 3994 2058 4078 adiungantur,
2091 4015 2174 4080 quae

520 4122 727 4186 nequaquam
752 4101 835 4164 iuste
860 4098 1067 4178 adderentur,
1099 4100 1126 4161 si
1149 4122 1169 4162 a
1193 4100 1266 4163 Deo
1290 4099 1332 4164 ab
1357 4102 1448 4164 initio
1473 4100 1653 4165 catholicae
1684 4101 1760 4165 fidei
1786 4100 1862 4164 data
1885 4100 1979 4164 vobis
2004 4101 2173 4186 sapientia,

522 4209 605 4270 sicut
628 4208 778 4293 oportuit,
803 4228 861 4291 pro
886 4204 980 4269 vobis
1005 4204 1145 4269 sollicita
1169 4228 1242 4270 esse
1267 4206 1453 4271 studuisset.
1500 4208 1592 4271 Dicit
1616 4208 1702 4271 enirn
1726 4207 1907 4294 apostolus:
1940 4208 2058 4271 Iudaei
2082 4211 2173 4294 (1110(

518 4329 636 4400 peterat,
662 4315 783 4378 Graeci
803 4317 994 4399 sapientiora
1019 4328 1183 4398 qmrmnnt.
1231 4312 1296 4377 Ubi
1322 4325 1371 4376 est
1395 4337 1473 4399 ergo
1499 4315 1659 4400 sapientia
1682 4327 1801 4393 vestra,
1827 4315 1883 4401 qui
1906 4327 2040 4401 propter
2062 4336 2173 4399 quam·
2193 4336 2221 4376 aa

522 4419 601 4483 libet
625 4421 829 4484 occasionem
854 4418 933 4483 illud
959 4418 1079 4483 habere
1105 4421 1321 4499 contemnitis
1347 4422 1416 4484 sine
1441 4443 1505 4506 quo
1530 4420 1572 4484 ad
1596 4443 1697 4506 regna
1720 4419 1874 4484 caelestia
1897 4421 2069 4505 pervenire
2086 4419 2174 4483 nullo

520 4526 617 4591 modo
647 4525 825 4590 valebitis?
879 4526 922 4589 Et
957 4525 1037 4589 haee
1073 4549 1138 4589 11011
1173 4526 1340 4611 arguendo
1371 4526 1424 4590 vel
1455 4527 1666 4613 increpando,
1702 4527 1759 4591 sed
1795 4526 2010 4590 ammonendo
2045 4527 2174 4590 interim

521 4634 669 4714 dicimus,
701 4646 736 4697 ut
765 4656 823 4695 vos
854 4632 896 4696 ad
927 4633 1113 4696 interiorem
1145 4632 1308 4697 hominem
1339 4645 1494 4715 vestrum,
1525 4635 1558 4697 in
1590 4656 1653 4720 quo
1676 4634 1769 4697 Deus
1800 4655 1859 4719 per
1889 4632 1996 4714 fidem,
2028 4655 2119 4718 spem
2143 4645 2176 4697 et

522 4742 690 4804 caritatem
715 4738 897 4803 inhabitare
922 4741 1101 4818 consuevit,
1133 4760 1335 4803 revocemus.
1384 4741 1489 4819 Quem
1521 4741 1548 4803 si
1572 4742 1619 4803 ita
1642 4738 1831 4821 secundum,
1864 4752 1899 4803 ut
1929 4762 2028 4825 supra
2052 4739 2174 4803 dictum

522 4859 580 4924 est,
605 4847 798 4933 sapientiam
823 4843 917 4909 vobis
941 4868 961 4907 a
984 4844 1057 4908 Deo
1086 4844 1196 4908 datam
1229 4846 1384 4930 cogitare,
1416 4845 1552 4932 diligere
1583 4846 1635 4910 vel
1659 4859 1803 4910 metuere
1827 4846 1935 4926 vultiS,
1968 4847 2084 4910 mirum
2115 4857 2173 4925 est,
2192 4870 2223 4909 (0

521 4951 682 5038 quomodo
705 4975 779 5016 curn
796 4950 951 5016 fratribus
967 4952 1107 5015 invicem
1132 4962 1221 5014 tanto
1245 4952 1309 5015 iam
1334 4964 1479 5038 tempore
1504 4952 1693 5018 scandalum
1711 4964 1744 5017 et
1759 4952 1956 5016 discordiam
1972 4950 2094 5016 babere
2110 4975 2175 5016 non

522 5061 673 5123 metuitis.
720 5059 809 5122 Ecce
834 5059 964 5140 etenim,
989 5059 1016 5122 si
1040 5080 1104 5120 non
1128 5057 1278 5143 amplius,
1303 5059 1367 5122 iam
1392 5082 1496 5124 annus
1521 5070 1579 5136 est,
1611 5082 1653 5123 ex
1678 5082 1741 5146 quo
1765 5060 1849 5124 hano
1874 5061 1958 5124 inter
1981 5081 2040 5124 vos
2063 5060 2175 5123 miser-

520 5166 635 5229 rimam
659 5165 895 5229 dissensionem
919 5163 1094 5249 pullulasse
1118 5164 1313 5228 audivimus.
1352 5165 1459 5245 Quam
1483 5165 1637 5230 videlicet
1660 5165 1856 5230 discordiam
1873 5166 1957 5248 Deo,
1982 5177 2017 5229 ut
2040 5166 2175 5252 dignum

521 5285 580 5352 cst,
606 5293 733 5357 semper
757 5270 922 5352 odibilem,
948 5268 1077 5334 diabolo
1101 5291 1190 5351 vero,
1222 5282 1258 5333 ut
1282 5273 1311 5334 ei
1336 5270 1440 5352 decet,
1466 5294 1594 5358 semper
1618 5271 1789 5337 arnabilem
1815 5295 1927 5337 omnes
1951 5287 2174 5337 antecessores

520 5380 584 5442 mei
609 5377 651 5442 ad
675 5377 914 5463 corrigendum,
938 5389 1034 5463 prout
1058 5377 1105 5440 eis
1128 5375 1283 5461 possibile
1308 5377 1377 5459 fuit,
1402 5377 1538 5442 multum
1562 5377 1728 5443 laborasse
1752 5403 1817 5442 nou
1841 5381 2016 5465 ignoratur.
2193 5401 2222 5441 cs

629 5635 640 5681 l
662 5626 807 5696 exhortari]
826 5649 859 5682 ac.
877 5630 1011 5684 volumus.

631 5849 659 5916 1)
684 5849 714 5904 V.
737 5867 827 5922 supro
845 5868 878 5923 p.
896 5853 958 5906 523
981 5849 999 5903 l.
1018 5852 1055 5906 31
1073 5869 1134 5923 sqq.
