4884 6717
536 525 601 588 556
1021 530 1073 584 46.
1110 529 1329 586 CONCILIUM
1352 530 1552 586 ROMANUM
1577 531 1613 586 Α.
1634 528 1709 585 826.

536 728 605 781 nihil
630 745 735 793 errore,
760 726 829 780 nihil
853 727 1094 798 praesumptione,
1119 728 1169 782 sed
1193 724 1348 798 pontificali
1373 734 1464 779 toturn
1480 727 1687 781 deliberatione
1703 726 1889 797 praecipitur,
1905 732 1938 779 ut
1954 725 2023 796 qnid
2039 725 2191 779 observare

536 834 631 888 velitis
655 834 817 904 apostolicis
841 833 974 889 affatibus
999 834 1176 900 instruamur,
1202 841 1346 903 quatenus
1370 835 1402 887 ct
1425 833 1607 888 fraternitate
1632 832 1763 901 collecta,
1786 833 1904 903 prolatis
1919 833 1948 885 in
1964 832 2088 887 medium
2103 849 2191 886 rene·

535 942 625 995 rande
650 941 750 1012 synodi
775 941 943 1005 constitutis,
968 930 1125 994 adversus
1156 952 1206 1011 eu,
1237 951 1321 1015 quae
1354 931 1517 994 contraria
1547 942 1622 994 sunt
1651 929 1727 1015 legi,
1758 949 1854 994 svestra
1884 939 2052 993 auctoritate
2083 939 2192 993 subnixi

538 1048 603 1118 quid
634 1055 764 1118 oporteat
794 1039 827 1100 in
865 1036 1029 1100 hominum
1065 1035 1325 1101 ordinationibus
1354 1045 1416 1099 ficri
1447 1046 1618 1117 intellegere
1650 1047 1713 1101 Deo
1743 1047 1899 1100 iurante
1930 1046 2078 1116 possimus.
2131 1046 2192 1099 Erit

537 1154 668 1223 profecto
691 1161 789 1207 vester
812 1154 978 1224 triumphus,
1010 1155 1034 1206 si
1061 1153 1238 1224 apostolatus
1268 1153 1353 1206 vestri
1384 1153 1559 1224 temporibus
1588 1154 1662 1224 quod
1693 1155 1781 1208 sancti
1805 1153 1884 1207 Petri
1914 1153 2052 1207 cathedra
2081 1152 2229 1207 obtineto

538 1261 678 1314 catholica
701 1261 798 1314 audiat
824 1260 940 1318 eclesia.
964 1260 986 1313 si
1011 1260 1123 1314 nocella
1146 1260 1313 1314 zizaniorum
1337 1260 1445 1314 semina
1472 1259 1580 1314 fuerint
1611 1251 1741 1315 omnino
1766 1261 1926 1331 exstirpata.
1982 1259 2119 1314 Orantem
2142 1277 2192 1330 pro

537 1367 617 1420 nobis
648 1373 773 1420 sanctum
805 1368 992 1437 apostolatum
1022 1374 1148 1420 vestrum
1178 1367 1237 1438 iugi
1267 1383 1337 1421 aero
1368 1366 1463 1420 divina
1491 1375 1641 1421 conservet
1669 1367 1835 1422 aeternitas.
1889 1356 2052 1437 Quater¹z
2083 1366 2193 1420 Exaudi

538 1472 660 1528 Christe.
706 1463 856 1549 Eugenio
880 1486 986 1550 papae
1011 1474 1077 1534 trita,
1102 1465 1286 1551 quinquies

646 1588 707 1674 (5).
744 1589 884 1652 Oramus
915 1590 1118 1652 sanctitatem
1149 1599 1301 1668 vestram,
1325 1600 1361 1652 ut
1384 1610 1479 1652 aures
1505 1598 1632 1652 vestras
1663 1589 1778 1652 intima
1807 1588 1915 1652 cordis
1939 1588 2110 1653 affectione
2134 1610 2193 1674 per

538 1694 668 1780 singula
691 1697 844 1759 attentius
864 1696 1079 1760 accomodare
1096 1696 1287 1781 procuretis,
1312 1706 1347 1759 ut
1361 1708 1473 1759 noster
1487 1693 1580 1759 labor
1596 1696 1629 1759 in
1646 1694 1797 1760 omnibus
1813 1707 1995 1759 nostrarum
2012 1696 2192 1759 animarum
2212 1717 2239 1755 ro

538 1801 688 1887 proficiat
710 1802 753 1865 ad
778 1801 930 1884 salutern,
956 1804 1038 1865 etsi
1062 1801 1155 1865 vobis
1179 1801 1297 1888 placet,
1321 1813 1358 1866 ut
1381 1800 1531 1882 audiatis,
1555 1801 1707 1887 legantur
1730 1824 1841 1867 coram
1865 1801 2024 1867 omnibus.

646 1908 800 1972 Universi
824 1908 1058 1994 respondentes
1083 1908 1252 1972 dixerunt:
1276 1908 1453 1994 Legantur.

646 2032 694 2095 VI
711 2033 773 2119 (6)
801 2032 991 2097 Theodorus
1016 2031 1173 2097 diaconus
1195 2032 1292 2118 legit:
1312 2032 1351 2096 In
1374 2033 1504 2096 nornine
1528 2034 1629 2119 patris
1649 2045 1680 2097 et
1695 2032 1754 2096 filii
1770 2044 1803 2096 et
1819 2031 1959 2118 Spiritus
1975 2032 2089 2113 sancti,
2106 2031 2193 2119 quod

539 2150 588 2202 est
612 2141 738 2203 trinitas
762 2139 906 2203 invidua.
953 2139 1070 2202 Primis
1095 2141 1237 2204 omnium
1262 2139 1303 2203 de
1328 2138 1474 2203 ecclesiis
1498 2140 1575 2220 Dei,
1608 2161 1692 2225 quae
1722 2162 1783 2225 per
1812 2139 1941 2225 singula
1967 2139 2040 2203 loca
2062 2140 2097 2202 in
2120 2161 2193 2225 par·

538 2246 688 2326 rocchiis,
712 2248 885 2332 pervices
909 2245 961 2309 vel
987 2247 1135 2309 civitates
1159 2248 1192 2309 iu
1216 2247 1318 2309 ruinis
1342 2245 1512 2331 neglectae
1536 2247 1692 2328 reiacent,
1719 2247 1753 2308 in
1778 2244 1896 2332 quibus
1920 2268 1981 2310 nec
2006 2246 2115 2310 officia
2137 2258 2193 2309 aut
2213 2267 2239 2306 u

538 2353 711 2418 luminaria
734 2354 815 2416 liunt
843 2377 904 2417 nee
936 2354 1033 2416 etiam
1057 2351 1179 2417 ibidem
1210 2376 1268 2439 pro
1293 2352 1402 2439 aliquo
1431 2353 1563 2416 servitio
1595 2353 1805 2415 inveniuntur
1836 2364 1868 2416 et
1898 2352 2000 2434 dotes,
2033 2375 2118 2439 qaae
2150 2375 2192 2415 ex

539 2471 683 2546 ternpore
709 2461 962 2523 consecrationis
986 2458 1109 2523 ibidem
1134 2459 1229 2524 datae
1254 2460 1393 2539 fuerunt,
1419 2457 1546 2523 ablatae
1571 2468 1645 2522 sunt
1668 2482 1730 2522 nee
1751 2457 1974 2540 recordantur,
1999 2482 2080 2545 quas
2103 2461 2192 2546 prius

538 2565 760 2652 possidebant.
807 2565 1003 2629 Praesidete
1035 2568 1155 2651 itaque,
1187 2566 1314 2646 fratres,
1347 2565 1486 2652 qualiter
1509 2563 1623 2629 domus
1651 2565 1727 2646 Dei,
1759 2576 1793 2630 ut
1823 2565 1979 2630 honorem
2009 2565 2151 2630 habeant
2174 2589 2194 2630 a

539 2672 689 2738 fidelibus
709 2672 914 2753 Christiania,
939 2684 1141 2736 restauratae
1166 2674 1319 2753 existant,
1344 2673 1562 2758 etprimitias
1588 2685 1619 2735 ct
1642 2671 1799 2754 redditas,
1824 2695 1905 2758 quos
1928 2672 2021 2736 Deus
2044 2671 2194 2736 fidelibus

540 2781 633 2845 iussit
657 2780 778 2844 ibidem
803 2780 931 2858 offerre,
964 2802 1029 2843 non
1053 2781 1251 2860 minuantur,
1281 2791 1318 2843 ut
1341 2779 1527 2843 sacerdotes
1558 2780 1761 2866 ministrique
1787 2779 1851 2843 Dei
1882 2778 2060 2843 secundum
2085 2778 2193 2843 Deum
2213 2801 2241 2839 ro

540 2886 662 2950 ibidem
687 2889 867 2950 servientes
891 2900 924 2949 et
947 2899 1180 2950 conversantes
1211 2910 1304 2950 suum
1335 2887 1461 2972 possint
1485 2884 1661 2950 observare
1684 2888 1897 2972 propositum,
1929 2887 2007 2972 quia
2037 2887 2194 2972 scriptum

540 3006 605 3057 est:
635 2993 854 3058 Sacerdotes2
877 3016 942 3056 non
966 2992 1037 3056 aliis
1062 3004 1180 3056 vacent
1210 2994 1274 3055 nisi
1304 2991 1372 3057 sola
1396 2993 1552 3073 oratione,
1583 2992 1722 3057 lectione
1754 3005 1786 3057 et
1808 2992 2063 3079 praedicatione.
2110 2992 2194 3056 Nam

539 3103 611 3186 quis
636 3123 769 3164 securus
793 3099 935 3163 iudicem
959 3100 1095 3178 nuntiet,
1121 3101 1147 3162 si
1171 3122 1291 3185 praeco
1313 3109 1410 3179 tacet,
1435 3100 1519 3163 sicut
1533 3122 1592 3184 per
1606 3099 1798 3185 propheta-m
1815 3099 1977 3163 Dominus
1994 3100 2194 3164 comminans

365 3238 519 3286 azaniae.
539 3209 599 3271 ait:
626 3209 667 3271 Si
681 3233 741 3271 reon
758 3210 998 3270 urrrrantr‘acerta
1016 3209 1124 3291 r'nt'quo
1143 3209 1340 3292 r'nr'qur'tatcrn
1357 3231 1457 3286 suarii,
1481 3209 1665 3292 aavnpm'uem
1689 3209 1756 3271 cius
1780 3208 1818 3272 dc
1841 3222 2005 3271 susurratam
2021 3210 2194 3292 requirens.

539 3314 626 3400 quia,
658 3314 684 3375 si
716 3312 902 3376 sacerdotes
933 3314 1045 3398 inopes
1077 3325 1133 3375 aut
1164 3312 1377 3397 inprudentes
1401 3313 1554 3392 existunt,
1587 3312 1726 3397 qualiter
1748 3325 1884 3399 possunt
1912 3313 1983 3377 aliis
2008 3311 2193 3394 subvenire,
2213 3331 2241 3372 ss

376 3449 518 3500 acernias.
538 3421 615 3506 quia
639 3423 698 3507 qui
721 3423 788 3484 sibi
816 3445 948 3505 nepetam
973 3435 1016 3483 car
1046 3423 1100 3482 cni
1127 3421 1192 3483 alii
1219 3421 1316 3484 boneia
1344 3421 1427 3484 erit?
1474 3418 1694 3498 Quamobrem
1719 3420 1745 3482 si
1769 3420 1834 3483 Dei
1860 3419 2031 3483 demusin
2056 3442 2193 3506 pauper·

538 3538 603 3590 tate
640 3538 695 3590 aut
730 3526 949 3589 destructione
985 3527 1208 3606 inveniantur,
1245 3524 1407 3611 quomodo
1440 3524 1578 3611 populus
1612 3525 1678 3588 Dei
1713 3525 1824 3590 doceri
1857 3526 1985 3612 possit?
2041 3526 2192 3606 Pensate,

537 3633 664 3714 fratres,
690 3632 817 3718 qualem
843 3634 1001 3695 rationem
1024 3643 1099 3694 ante
1125 3630 1266 3695 tribunal
1284 3630 1405 3695 Christi
1421 3630 1579 3694 reddituri
1598 3633 1733 3715 erimns3
1759 3632 1871 3696 videat
1887 3632 1979 3719 plebs
1996 3631 2192 3712 Christiana,

538 3741 564 3802 si
589 3740 703 3804 doinus
727 3739 791 3803 Dei
817 3739 897 3802 haec
922 3739 1098 3823 patiuntur,
1131 3737 1208 3823 quid
1241 3738 1281 3801 de
1313 3761 1347 3801 se
1379 3760 1502 3823 suaque
1534 3737 1630 3802 darno
1661 3739 1792 3825 suisque
1824 3741 1962 3825 posteris
1994 3742 2192 3818 aestimetur,

538 3847 689 3933 quoniam
715 3847 755 3910 de
781 3844 931 3909 omnibus
955 3842 1137 3908 actionibus
1163 3857 1195 3907 et
1218 3844 1433 3930 neglegentiis
1457 3867 1567 3907 sumus
1597 3846 1631 3908 in
1661 3845 1830 3909 tremendo
1858 3847 2009 3909 exanrine
2035 3848 2192 3911 rationem
2212 3866 2241 3906 so

536 3954 611 4017 Dco
635 3953 802 4017 reddituri.

644 4078 676 4141 V
693 4079 754 4162 (i)
787 4078 900 4164 ltaque
925 4076 1111 4140 sacerdotes
1136 4089 1168 4140 et
1192 4076 1331 4139 ministri
1348 4073 1479 4156 Christi,
1505 4077 1560 4162 qui
1584 4078 1669 4140 inter
1691 4078 1812 4163 gradus
1837 4077 2029 4142 clericorum
2053 4076 2192 4142 ordinati

538 4187 691 4266 existunt,
717 4183 827 4247 debito
849 4185 957 4247 officio
974 4183 1154 4247 secundum
1170 4182 1279 4246 Deum
1304 4193 1336 4245 et
1360 4181 1540 4246 doctrinam
1564 4195 1691 4269 patrum
1716 4186 1749 4247 in
1774 4183 1923 4248 omnibus
1948 4197 2191 4256 conversentur,

537 4291 657 4355 eruditi
680 4292 857 4354 existentes
881 4291 915 4354 in
939 4290 1059 4354 divinis
1083 4289 1184 4366 libris,
1209 4288 1404 4373 valeantque
1429 4311 1463 4351 se
1488 4291 1676 4375 conspicere
1695 4302 1726 4353 et
1742 4289 1822 4355 alios
1839 4290 2044 4355 emendando
2061 4289 2189 4371 docere,

644 4510 714 4559 llll.
746 4514 756 4558 l
780 4509 854 4574 quod
876 4509 907 4557 G.
982 4507 1166 4557 ‘trenerandi
1188 4508 1219 4559 (ἰ.
1294 4507 1403 4570 tquod
1423 4509 1454 4555 (ι’.
1535 4508 1562 4555 in
1582 4507 1720 4557 hominurn
1740 4503 1969 4571 ordinationibus]
1991 4510 2018 4559 in
2037 4510 2192 4560 hominibus
2212 4522 2239 4561 to

537 4600 737 4650 ordinationem
754 4599 786 4658 G,
807 4597 839 4646 dc
860 4596 1019 4646 ordinatore
1040 4604 1067 4645 et
1086 4597 1118 4645 de
1140 4595 1266 4646 ordinato
1286 4595 1392 4660 episcopi
1415 4595 1618 4648 'lbrrncoacnsea
1692 4596 1947 4663 bapostolotusG.
2021 4599 2145 4648 obtinere
2160 4599 2192 4648 G.

536 4690 672 4738 Gaudeat
700 4687 732 4738 G.
824 4680 985 4751 exstirpata]
1010 4687 1123 4748 stirpata
1149 4685 1180 4732 G.
1274 4685 1375 4734 Orantc
1401 4709 1436 4716 -
1460 4683 1618 4750 apostolatu
1645 4693 1735 4734 vestro
1763 4685 1794 4735 G.
1886 4689 1901 4738 7
1929 4682 2043 4750 Quater]
2071 4688 2131 4737 1111
2160 4688 2191 4737 G.

537 4780 553 4828 8
573 4771 726 4842 quinquies]
746 4776 770 4823 V
790 4776 821 4824 G.

643 4884 674 4933 V.
704 4887 719 4932 9
740 4877 865 4944 Oramus]
883 4882 914 4931 de
933 4899 994 4930 traco
1016 4880 1143 4945 Herpeuius
1162 4880 1280 4945 loquitur.

644 4991 692 5039 VI.
722 4989 755 5040 13
775 4984 824 5054 Vl]
844 5005 962 5037 acerrimus
979 4987 1108 5052 appoatus
1126 4986 1225 5035 videtur
1242 5002 1291 5035 csse
1308 5004 1325 5035 a
1342 4985 1430 5046 saun,
1449 4986 1493 5051 qui
1510 4984 1566 5036 illos
1578 5003 1693 5037 numeros
1706 4988 1764 5038 llll
1777 4997 1800 5038 et
1814 4990 1836 5036 V
1851 4983 1883 5050 (n.
1904 4991 1919 5040 l.
1937 4989 2007 5055 inq.)
2020 4991 2193 5054 pronuncieris
2208 5002 2238 5040 4ο

535 5081 646 5144 capiam
665 5080 759 5131 lruhnit.
843 5080 875 5127 15
896 5094 944 5142 per
963 5071 1049 5137 vicos]
1070 5077 1145 5124 vicos
1167 5074 1198 5123 G.
1282 5072 1407 5138 neglecto
1428 5077 1459 5124 G.
1545 5077 1575 5126 l'l
1596 5073 1784 5141 recordantur]
1802 5079 1854 5128 scil.
1870 5079 2009 5145 presbyteri
2026 5080 2190 5129 ecelcriurum.

537 5172 570 5219 23
589 5164 671 5232 sicut]
691 5179 718 5218 ct
738 5176 767 5217 ut
788 5168 819 5218 G.
893 5167 926 5216 27
947 5165 1046 5214 docere
1067 5165 1098 5213 G.
1172 5166 1205 5213 29
1226 5158 1264 5225 sc]
1284 5180 1312 5213 re
1333 5163 1364 5213 G.

645 5277 707 5325 Vll.
737 5277 770 5325 32
790 5270 831 5338 V]
850 5275 886 5323 ita
901 5273 933 5332 G,
952 5271 1024 5322 errius
1041 5271 1119 5319 scribe
1138 5271 1228 5320 oblitus
1246 5279 1301 5320 erat
1318 5286 1342 5318 ae
1360 5287 1438 5334 supra
1457 5267 1485 5328 (l.
1501 5268 1545 5332 13)
1564 5288 1695 5322 rrnmcrurn
1709 5273 1746 5321 Vl
1763 5274 1882 5337 prousisae.
1937 5276 1971 5323 33
1985 5271 2189 5338 conversentur]

536 5372 732 5415 conserventur
752 5365 783 5414 G.

647 5554 676 5640 1)
713 5560 761 5633 Cf.
793 5570 858 5618 acta
889 5560 999 5616 concilii
1028 5557 1153 5615 Rotnani
1181 5557 1254 5613 aratri
1281 5561 1352 5616 465.
1384 5552 1498 5630 (allarici
1527 5558 1590 5628 VII,
1616 5557 1706 5636 iroth
1741 5563 1777 5615 Et
1807 5582 1868 5617 cum
1899 5566 2009 5636 legeret
2039 5558 2239 5638 (Paulinum

538 5669 667 5726 statarius
697 5667 840 5743 epistolam
873 5667 1063 5741 episcoporum
1098 5664 1363 5734 lhrracoucrrsiurn,
1394 5684 1478 5738 quum
1510 5664 1633 5739 episcopi
1655 5687 1732 5723 atrito
1755 5673 1827 5726 826.
1853 5667 2036 5747 repetebant),
2067 5671 2103 5725 ab
2127 5671 2188 5724 uai-

536 5778 626 5832 vcrsis
651 5777 790 5847 episcopis
815 5783 844 5830 et
869 5774 1042 5846 presbyteris
1066 5772 1249 5826 acclamatum
1274 5779 1333 5825 cst:
1363 5772 1472 5825 Exaudi
1496 5771 1621 5838 Christe,
1645 5773 1743 5829 Hilaro
1767 5776 1840 5840 vita3
1873 5777 1978 5831 dictum
2010 5786 2053 5832 est
2083 5778 2188 5832 decies.

537 5884 617 5937 llaec
641 5882 833 5952 praesumptio
857 5897 1006 5951 numquam
1029 5878 1095 5944 fiat3
1120 5879 1227 5933 (lictum
1251 5887 1295 5932 est
1319 5878 1410 5933 sexies
1435 5885 1484 5933 ete.
1578 5871 1608 5954 2)
1636 5879 1750 5935 Fontem
1768 5882 1889 5952 frustra
1913 5882 2047 5957 quaesiui.
