<?xml version="1.0" encoding="UTF-8"?>
<!DOCTYPE html PUBLIC "-//W3C//DTD XHTML 1.0 Transitional//EN"
    "http://www.w3.org/TR/xhtml1/DTD/xhtml1-transitional.dtd">
<html xmlns="http://www.w3.org/1999/xhtml" xml:lang="en" lang="en">
 <head>
  <title>
</title>
<meta http-equiv="Content-Type" content="text/html;charset=utf-8" />
  <meta name='ocr-system' content='tesseract 3.04.00' />
  <meta name='ocr-capabilities' content='ocr_page ocr_carea ocr_par ocr_line ocrx_word'/>
</head>
<body>
  <div class='ocr_page' id='page_1' title='image "./monumentagerman02gescgoog_0024.png"; bbox 0 0 4884 6717; ppageno 0'>
   <div class='ocr_carea' id='block_1_1' title="bbox 527 559 2028 624">
    <p class='ocr_par' dir='ltr' id='par_1_1' title="bbox 527 559 2028 624">
     <span class='ocr_line' id='line_1_1' title="bbox 527 559 2028 624; baseline -0.001 -3"><span class='ocrx_word' id='word_1_1' title='bbox 527 559 591 621; x_wconf 81' lang='grc'><strong>472</strong></span> <span class='ocrx_word' id='word_1_2' title='bbox 684 565 725 621; x_wconf 84' lang='lat'><strong>42</strong></span> <span class='ocrx_word' id='word_1_3' title='bbox 743 574 773 623; x_wconf 88' lang='lat' dir='ltr'><strong>ct</strong></span> <span class='ocrx_word' id='word_1_4' title='bbox 791 566 842 622; x_wconf 80' lang='lat'><strong>43.</strong></span> <span class='ocrx_word' id='word_1_5' title='bbox 879 566 1065 624; x_wconf 80' lang='lat' dir='ltr'>CONCILIA</span> <span class='ocrx_word' id='word_1_6' title='bbox 1090 567 1379 624; x_wconf 82' lang='lat' dir='ltr'>ATTINIAOENSE</span> <span class='ocrx_word' id='word_1_7' title='bbox 1403 569 1439 622; x_wconf 84' lang='lat' dir='ltr'><strong>A.</strong></span> <span class='ocrx_word' id='word_1_8' title='bbox 1461 565 1535 622; x_wconf 78' lang='lat'><strong>822.</strong></span> <span class='ocrx_word' id='word_1_9' title='bbox 1560 567 1611 621; x_wconf 89' lang='grc' dir='ltr'><strong>ΕΤ</strong></span> <span class='ocrx_word' id='word_1_10' title='bbox 1636 565 1871 621; x_wconf 83' lang='lat' dir='ltr'>OLONNENSE</span> <span class='ocrx_word' id='word_1_11' title='bbox 1895 565 1931 621; x_wconf 83' lang='lat' dir='ltr'><strong>A.</strong></span> <span class='ocrx_word' id='word_1_12' title='bbox 1953 564 2028 621; x_wconf 83' lang='lat'><strong>825.</strong></span> 
     </span>
    </p>
   </div>
   <div class='ocr_carea' id='block_1_2' title="bbox 526 752 2179 1161">
    <p class='ocr_par' dir='ltr' id='par_1_2' title="bbox 526 752 2179 1161">
     <span class='ocr_line' id='line_1_2' title="bbox 527 752 2179 840; baseline 0.001 -23"><span class='ocrx_word' id='word_1_13' title='bbox 527 753 644 840; x_wconf 90' lang='lat' dir='ltr'><strong>quibus</strong></span> <span class='ocrx_word' id='word_1_14' title='bbox 668 753 862 819; x_wconf 87' lang='lat' dir='ltr'>omnimodis</span> <span class='ocrx_word' id='word_1_15' title='bbox 886 754 1005 839; x_wconf 85' lang='lat' dir='ltr'><strong>agendi</strong></span> <span class='ocrx_word' id='word_1_16' title='bbox 1028 754 1168 819; x_wconf 78' lang='lat' dir='ltr'>facultas</span> <span class='ocrx_word' id='word_1_17' title='bbox 1192 766 1248 819; x_wconf 90' lang='lat' dir='ltr'><strong>ant</strong></span> <span class='ocrx_word' id='word_1_18' title='bbox 1271 755 1416 819; x_wconf 85' lang='lat' dir='ltr'><strong>funditus</strong></span> <span class='ocrx_word' id='word_1_19' title='bbox 1440 766 1496 820; x_wconf 84' lang='lat' dir='ltr'><strong>aut</strong></span> <span class='ocrx_word' id='word_1_20' title='bbox 1519 765 1606 818; x_wconf 89' lang='lat' dir='ltr'><strong>certe</strong></span> <span class='ocrx_word' id='word_1_21' title='bbox 1631 776 1750 839; x_wconf 84' lang='lat' dir='ltr'><strong>magna</strong></span> <span class='ocrx_word' id='word_1_22' title='bbox 1774 776 1816 816; x_wconf 81' lang='lat' dir='ltr'><strong>ex</strong></span> <span class='ocrx_word' id='word_1_23' title='bbox 1838 763 1932 838; x_wconf 84' lang='lat' dir='ltr'><strong>parte</strong></span> <span class='ocrx_word' id='word_1_24' title='bbox 1955 775 2015 838; x_wconf 87' lang='lat' dir='ltr'><strong>per</strong></span> <span class='ocrx_word' id='word_1_25' title='bbox 2031 752 2179 818; x_wconf 79' lang='lat' dir='ltr'>dioceses</span> 
     </span>
     <span class='ocr_line' id='line_1_3' title="bbox 526 859 2178 947; baseline -0.001 -23"><span class='ocrx_word' id='word_1_26' title='bbox 526 883 601 924; x_wconf 88' lang='lat' dir='ltr'><strong>suas</strong></span> <span class='ocrx_word' id='word_1_27' title='bbox 625 860 727 942; x_wconf 81' lang='lat' dir='ltr'>deest,</span> <span class='ocrx_word' id='word_1_28' title='bbox 752 884 772 924; x_wconf 90' lang='lat' dir='ltr'><strong>a</strong></span> <span class='ocrx_word' id='word_1_29' title='bbox 795 859 935 926; x_wconf 83' lang='lat' dir='ltr'><strong>dominis</strong></span> <span class='ocrx_word' id='word_1_30' title='bbox 965 884 1084 943; x_wconf 87' lang='lat' dir='ltr'><strong>rernm,</strong></span> <span class='ocrx_word' id='word_1_31' title='bbox 1115 873 1150 927; x_wconf 90' lang='lat' dir='ltr'><strong>ut</strong></span> <span class='ocrx_word' id='word_1_32' title='bbox 1180 861 1215 926; x_wconf 93' lang='lat' dir='ltr'><strong>id</strong></span> <span class='ocrx_word' id='word_1_33' title='bbox 1237 862 1309 926; x_wconf 87' lang='lat' dir='ltr'><strong>ficri</strong></span> <span class='ocrx_word' id='word_1_34' title='bbox 1333 884 1476 947; x_wconf 84' lang='lat' dir='ltr'><strong>congrue</strong></span> <span class='ocrx_word' id='word_1_35' title='bbox 1499 862 1611 947; x_wconf 79' lang='lat' dir='ltr'>possit,</span> <span class='ocrx_word' id='word_1_36' title='bbox 1635 860 1856 947; x_wconf 80' lang='lat' dir='ltr'><strong>provideatur.</strong></span> <span class='ocrx_word' id='word_1_37' title='bbox 1903 860 1949 924; x_wconf 92' lang='lat' dir='ltr'><strong>Hi</strong></span> <span class='ocrx_word' id='word_1_38' title='bbox 1972 870 2091 942; x_wconf 84' lang='lat' dir='ltr'><strong>autem,</strong></span> <span class='ocrx_word' id='word_1_39' title='bbox 2123 860 2178 947; x_wconf 92' lang='lat' dir='ltr'><strong>qui</strong></span> 
     </span>
     <span class='ocr_line' id='line_1_4' title="bbox 526 965 2179 1054; baseline 0 -23"><span class='ocrx_word' id='word_1_40' title='bbox 526 989 578 1031; x_wconf 87' lang='lat' dir='ltr'><strong>res</strong></span> <span class='ocrx_word' id='word_1_41' title='bbox 603 968 842 1032; x_wconf 82' lang='lat' dir='ltr'><strong>ecclesiasticas</strong></span> <span class='ocrx_word' id='word_1_42' title='bbox 867 979 922 1032; x_wconf 88' lang='lat' dir='ltr'><strong>aut</strong></span> <span class='ocrx_word' id='word_1_43' title='bbox 946 966 1156 1054; x_wconf 79' lang='lat' dir='ltr'>baptismales</span> <span class='ocrx_word' id='word_1_44' title='bbox 1180 968 1337 1033; x_wconf 85' lang='lat' dir='ltr'><strong>ccclesias</strong></span> <span class='ocrx_word' id='word_1_45' title='bbox 1361 970 1430 1032; x_wconf 87' lang='lat' dir='ltr'><strong>iure</strong></span> <span class='ocrx_word' id='word_1_46' title='bbox 1455 991 1513 1032; x_wconf 89' lang='lat' dir='ltr'><strong>suo</strong></span> <span class='ocrx_word' id='word_1_47' title='bbox 1537 968 1570 1031; x_wconf 91' lang='lat' dir='ltr'><strong>in</strong></span> <span class='ocrx_word' id='word_1_48' title='bbox 1594 977 1745 1053; x_wconf 91' lang='lat' dir='ltr'><strong>promptu</strong></span> <span class='ocrx_word' id='word_1_49' title='bbox 1770 965 1901 1047; x_wconf 86' lang='lat' dir='ltr'><strong>habent,</strong></span> <span class='ocrx_word' id='word_1_50' title='bbox 1926 965 2068 1031; x_wconf 85' lang='lat' dir='ltr'><strong>officium</strong></span> <span class='ocrx_word' id='word_1_51' title='bbox 2085 989 2179 1053; x_wconf 87' lang='lat' dir='ltr'><strong>prae·</strong></span> 
     </span>
     <span class='ocr_line' id='line_1_5' title="bbox 526 1073 1290 1161; baseline 0.001 -23"><span class='ocrx_word' id='word_1_52' title='bbox 526 1073 698 1138; x_wconf 77' lang='lat' dir='ltr'><strong>dicationis</strong></span> <span class='ocrx_word' id='word_1_53' title='bbox 721 1073 990 1138; x_wconf 81' lang='lat' dir='ltr'><strong>inexcusabiliter</strong></span> <span class='ocrx_word' id='word_1_54' title='bbox 1012 1074 1147 1161; x_wconf 87' lang='lat' dir='ltr'><strong>implere</strong></span> <span class='ocrx_word' id='word_1_55' title='bbox 1171 1075 1290 1139; x_wconf 85' lang='lat' dir='ltr'><strong>valcnt.</strong></span> 
     </span>
    </p>
   </div>
   <div class='ocr_carea' id='block_1_3' title="bbox 524 1215 2212 1731">
    <p class='ocr_par' dir='ltr' id='par_1_3' title="bbox 524 1215 2212 1731">
     <span class='ocr_line' id='line_1_6' title="bbox 632 1215 2212 1303; baseline -0.003 -23"><span class='ocrx_word' id='word_1_56' title='bbox 632 1217 672 1280; x_wconf 93' lang='lat' dir='ltr'><strong>V.</strong></span> <span class='ocrx_word' id='word_1_57' title='bbox 708 1216 761 1280; x_wconf 89' lang='lat' dir='ltr'><strong>De</strong></span> <span class='ocrx_word' id='word_1_58' title='bbox 792 1215 989 1302; x_wconf 86' lang='lat' dir='ltr'><strong>potentibus,</strong></span> <span class='ocrx_word' id='word_1_59' title='bbox 1026 1219 1082 1302; x_wconf 90' lang='lat' dir='ltr'><strong>qui</strong></span> <span class='ocrx_word' id='word_1_60' title='bbox 1112 1217 1155 1281; x_wconf 88' lang='lat' dir='ltr'><strong>ad</strong></span> <span class='ocrx_word' id='word_1_61' title='bbox 1185 1218 1463 1303; x_wconf 77' lang='lat' dir='ltr'><strong>praedicationem</strong></span> <span class='ocrx_word' id='word_1_62' title='bbox 1493 1218 1606 1281; x_wconf 85' lang='lat' dir='ltr'><strong>venire</strong></span> <span class='ocrx_word' id='word_1_63' title='bbox 1637 1215 1760 1298; x_wconf 85' lang='lat' dir='ltr'><strong>nolunt,</strong></span> <span class='ocrx_word' id='word_1_64' title='bbox 1792 1227 1824 1279; x_wconf 91' lang='lat' dir='ltr'><strong>et</strong></span> <span class='ocrx_word' id='word_1_65' title='bbox 1854 1215 1976 1280; x_wconf 89' lang='lat' dir='ltr'><strong>idcirco</strong></span> <span class='ocrx_word' id='word_1_66' title='bbox 2008 1217 2099 1280; x_wconf 90' lang='lat' dir='ltr'><strong>multi</strong></span> <span class='ocrx_word' id='word_1_67' title='bbox 2123 1236 2212 1281; x_wconf 81' lang='lat' dir='ltr'><strong>eoss</strong></span> 
     </span>
     <span class='ocr_line' id='line_1_7' title="bbox 525 1322 2179 1410; baseline -0.001 -23"><span class='ocrx_word' id='word_1_68' title='bbox 525 1326 689 1388; x_wconf 84' lang='lat' dir='ltr'><strong>imitantes</strong></span> <span class='ocrx_word' id='word_1_69' title='bbox 719 1323 773 1387; x_wconf 86' lang='lat' dir='ltr'><strong>vel</strong></span> <span class='ocrx_word' id='word_1_70' title='bbox 804 1336 978 1410; x_wconf 86' lang='lat' dir='ltr'><strong>sequentes</strong></span> <span class='ocrx_word' id='word_1_71' title='bbox 1009 1323 1050 1387; x_wconf 90' lang='lat' dir='ltr'><strong>ad</strong></span> <span class='ocrx_word' id='word_1_72' title='bbox 1082 1323 1281 1389; x_wconf 86' lang='lat' dir='ltr'><strong>audiendum</strong></span> <span class='ocrx_word' id='word_1_73' title='bbox 1312 1323 1448 1389; x_wconf 89' lang='lat' dir='ltr'><strong>verbnm</strong></span> <span class='ocrx_word' id='word_1_74' title='bbox 1479 1324 1625 1388; x_wconf 88' lang='lat' dir='ltr'><strong>divinum</strong></span> <span class='ocrx_word' id='word_1_75' title='bbox 1656 1346 1721 1387; x_wconf 93' lang='lat' dir='ltr'><strong>non</strong></span> <span class='ocrx_word' id='word_1_76' title='bbox 1745 1324 1890 1404; x_wconf 87' lang='lat' dir='ltr'><strong>veniunt,</strong></span> <span class='ocrx_word' id='word_1_77' title='bbox 1927 1324 1982 1409; x_wconf 93' lang='lat' dir='ltr'><strong>qui</strong></span> <span class='ocrx_word' id='word_1_78' title='bbox 2016 1322 2179 1387; x_wconf 86' lang='lat' dir='ltr'><strong>interdum</strong></span> 
     </span>
     <span class='ocr_line' id='line_1_8' title="bbox 526 1428 2179 1518; baseline -0.001 -24"><span class='ocrx_word' id='word_1_79' title='bbox 526 1431 624 1494; x_wconf 86' lang='lat' dir='ltr'><strong>etiam</strong></span> <span class='ocrx_word' id='word_1_80' title='bbox 648 1429 803 1494; x_wconf 85' lang='lat' dir='ltr'><strong>familiam</strong></span> <span class='ocrx_word' id='word_1_81' title='bbox 828 1454 920 1495; x_wconf 91' lang='lat' dir='ltr'><strong>suam</strong></span> <span class='ocrx_word' id='word_1_82' title='bbox 948 1432 998 1495; x_wconf 84' lang='lat' dir='ltr'><strong>his</strong></span> <span class='ocrx_word' id='word_1_83' title='bbox 1028 1430 1154 1514; x_wconf 89' lang='lat' dir='ltr'><strong>diebus,</strong></span> <span class='ocrx_word' id='word_1_84' title='bbox 1186 1430 1305 1518; x_wconf 88' lang='lat' dir='ltr'><strong>quibus</strong></span> <span class='ocrx_word' id='word_1_85' title='bbox 1336 1431 1379 1495; x_wconf 88' lang='lat' dir='ltr'><strong>ad</strong></span> <span class='ocrx_word' id='word_1_86' title='bbox 1409 1430 1606 1496; x_wconf 84' lang='lat' dir='ltr'><strong>audiendum</strong></span> <span class='ocrx_word' id='word_1_87' title='bbox 1637 1428 1773 1494; x_wconf 87' lang='lat' dir='ltr'><strong>verbum</strong></span> <span class='ocrx_word' id='word_1_88' title='bbox 1804 1429 1950 1494; x_wconf 88' lang='lat' dir='ltr'><strong>divinum</strong></span> <span class='ocrx_word' id='word_1_89' title='bbox 1981 1430 2093 1494; x_wconf 87' lang='lat' dir='ltr'><strong>venire</strong></span> <span class='ocrx_word' id='word_1_90' title='bbox 2125 1430 2179 1493; x_wconf 86' lang='lat' dir='ltr'><strong>de·</strong></span> 
     </span>
     <span class='ocr_line' id='line_1_9' title="bbox 524 1535 2179 1624; baseline 0 -24"><span class='ocrx_word' id='word_1_91' title='bbox 524 1535 674 1618; x_wconf 85' lang='lat' dir='ltr'><strong>buerant,</strong></span> <span class='ocrx_word' id='word_1_92' title='bbox 706 1538 848 1601; x_wconf 86' lang='lat' dir='ltr'><strong>servitiis</strong></span> <span class='ocrx_word' id='word_1_93' title='bbox 879 1540 1019 1624; x_wconf 87' lang='lat' dir='ltr'><strong>propriis</strong></span> <span class='ocrx_word' id='word_1_94' title='bbox 1045 1538 1199 1604; x_wconf 88' lang='lat' dir='ltr'><strong>detinent.</strong></span> <span class='ocrx_word' id='word_1_95' title='bbox 1247 1537 1402 1602; x_wconf 81' lang='lat' dir='ltr'><strong>Nonnulli</strong></span> <span class='ocrx_word' id='word_1_96' title='bbox 1432 1538 1529 1601; x_wconf 86' lang='lat' dir='ltr'><strong>etiam</strong></span> <span class='ocrx_word' id='word_1_97' title='bbox 1554 1560 1597 1600; x_wconf 81' lang='lat' dir='ltr'><strong>ex</strong></span> <span class='ocrx_word' id='word_1_98' title='bbox 1620 1537 1699 1622; x_wconf 85' lang='lat' dir='ltr'><strong>ipsis</strong></span> <span class='ocrx_word' id='word_1_99' title='bbox 1723 1535 1931 1622; x_wconf 87' lang='lat' dir='ltr'><strong>presbyteros</strong></span> <span class='ocrx_word' id='word_1_100' title='bbox 1955 1535 2080 1622; x_wconf 85' lang='lat' dir='ltr'><strong>absque</strong></span> <span class='ocrx_word' id='word_1_101' title='bbox 2104 1559 2179 1600; x_wconf 92' lang='lat' dir='ltr'><strong>con-</strong></span> 
     </span>
     <span class='ocr_line' id='line_1_10' title="bbox 527 1643 1546 1731; baseline -0.001 -24"><span class='ocrx_word' id='word_1_102' title='bbox 527 1666 623 1708; x_wconf 84' lang='lat' dir='ltr'><strong>sensu</strong></span> <span class='ocrx_word' id='word_1_103' title='bbox 647 1645 794 1731; x_wconf 81' lang='lat' dir='ltr'><strong>episcopi</strong></span> <span class='ocrx_word' id='word_1_104' title='bbox 816 1646 852 1708; x_wconf 92' lang='lat' dir='ltr'><strong>in</strong></span> <span class='ocrx_word' id='word_1_105' title='bbox 876 1645 1024 1709; x_wconf 86' lang='lat' dir='ltr'><strong>ecclesiis</strong></span> <span class='ocrx_word' id='word_1_106' title='bbox 1049 1647 1248 1709; x_wconf 84' lang='lat' dir='ltr'><strong>constituunt</strong></span> <span class='ocrx_word' id='word_1_107' title='bbox 1271 1644 1323 1709; x_wconf 87' lang='lat' dir='ltr'><strong>vel</strong></span> <span class='ocrx_word' id='word_1_108' title='bbox 1347 1643 1546 1730; x_wconf 77' lang='lat' dir='ltr'><strong>expelluntl.</strong></span> 
     </span>
    </p>
   </div>
   <div class='ocr_carea' id='block_1_4' title="bbox 526 1785 2226 2087">
    <p class='ocr_par' dir='ltr' id='par_1_4' title="bbox 526 1785 2226 2087">
     <span class='ocr_line' id='line_1_11' title="bbox 632 1785 2226 1872; baseline -0.002 -23"><span class='ocrx_word' id='word_1_109' title='bbox 632 1787 691 1850; x_wconf 85' lang='lat' dir='ltr'><strong>VI.</strong></span> <span class='ocrx_word' id='word_1_110' title='bbox 728 1787 773 1852; x_wconf 91' lang='lat' dir='ltr'><strong>Ut</strong></span> <span class='ocrx_word' id='word_1_111' title='bbox 795 1787 919 1852; x_wconf 82' lang='lat' dir='ltr'><strong>heresis</strong></span> <span class='ocrx_word' id='word_1_112' title='bbox 944 1788 1123 1851; x_wconf 85' lang='lat' dir='ltr'><strong>simoniaca</strong></span> <span class='ocrx_word' id='word_1_113' title='bbox 1146 1788 1191 1851; x_wconf 83' lang='lat' dir='ltr'><strong>ita</strong></span> <span class='ocrx_word' id='word_1_114' title='bbox 1215 1799 1381 1868; x_wconf 84' lang='lat' dir='ltr'><strong>caveatur,</strong></span> <span class='ocrx_word' id='word_1_115' title='bbox 1414 1798 1449 1850; x_wconf 92' lang='lat' dir='ltr'><strong>ut</strong></span> <span class='ocrx_word' id='word_1_116' title='bbox 1479 1809 1544 1850; x_wconf 92' lang='lat' dir='ltr'><strong>non</strong></span> <span class='ocrx_word' id='word_1_117' title='bbox 1575 1785 1678 1849; x_wconf 89' lang='lat' dir='ltr'><strong>solum</strong></span> <span class='ocrx_word' id='word_1_118' title='bbox 1709 1796 1842 1872; x_wconf 90' lang='lat' dir='ltr'><strong>propter</strong></span> <span class='ocrx_word' id='word_1_119' title='bbox 1870 1808 2039 1849; x_wconf 89' lang='lat' dir='ltr'><strong>munerum</strong></span> <span class='ocrx_word' id='word_1_120' title='bbox 2063 1808 2179 1871; x_wconf 89' lang='lat' dir='ltr'><strong>accep·</strong></span> <span class='ocrx_word' id='word_1_121' title='bbox 2200 1807 2226 1845; x_wconf 87' lang='grc' dir='ltr'><strong>ιο</strong></span> 
     </span>
     <span class='ocr_line' id='line_1_12' title="bbox 526 1890 2179 1981; baseline -0.001 -23"><span class='ocrx_word' id='word_1_122' title='bbox 526 1896 658 1976; x_wconf 82' lang='lat' dir='ltr'><strong>tionem,</strong></span> <span class='ocrx_word' id='word_1_123' title='bbox 683 1894 741 1958; x_wconf 87' lang='lat' dir='ltr'><strong>scd</strong></span> <span class='ocrx_word' id='word_1_124' title='bbox 765 1917 872 1981; x_wconf 87' lang='lat' dir='ltr'><strong>neque</strong></span> <span class='ocrx_word' id='word_1_125' title='bbox 897 1895 1199 1980; x_wconf 80' lang='lat' dir='ltr'><strong>consanguinitatis,</strong></span> <span class='ocrx_word' id='word_1_126' title='bbox 1230 1893 1458 1957; x_wconf 83' lang='lat' dir='ltr'><strong>familiaritatis</strong></span> <span class='ocrx_word' id='word_1_127' title='bbox 1489 1903 1544 1957; x_wconf 81' lang='lat' dir='ltr'><strong>aut</strong></span> <span class='ocrx_word' id='word_1_128' title='bbox 1568 1890 1741 1957; x_wconf 86' lang='lat' dir='ltr'><strong>cuiuslibet</strong></span> <span class='ocrx_word' id='word_1_129' title='bbox 1764 1893 1927 1956; x_wconf 85' lang='lat' dir='ltr'><strong>amicitiae</strong></span> <span class='ocrx_word' id='word_1_130' title='bbox 1951 1904 2007 1957; x_wconf 86' lang='lat' dir='ltr'><strong>aut</strong></span> <span class='ocrx_word' id='word_1_131' title='bbox 2030 1890 2179 1979; x_wconf 87' lang='lat' dir='ltr'><strong>obsequii</strong></span> 
     </span>
     <span class='ocr_line' id='line_1_13' title="bbox 526 2000 1143 2087; baseline 0.002 -24"><span class='ocrx_word' id='word_1_132' title='bbox 526 2023 626 2064; x_wconf 72' lang='lat' dir='ltr'><strong>(eausa</strong></span> <span class='ocrx_word' id='word_1_133' title='bbox 649 2001 804 2087; x_wconf 86' lang='lat' dir='ltr'><strong>deinceps</strong></span> <span class='ocrx_word' id='word_1_134' title='bbox 828 2000 912 2065; x_wconf 89' lang='lat' dir='ltr'><strong>nllus</strong></span> <span class='ocrx_word' id='word_1_135' title='bbox 935 2001 1143 2087; x_wconf 85' lang='lat' dir='ltr'><strong>provehatur.</strong></span> 
     </span>
    </p>
   </div>
   <div class='ocr_carea' id='block_1_5' title="bbox 527 2249 2178 2409">
    <p class='ocr_par' dir='ltr' id='par_1_5' title="bbox 527 2249 2178 2409">
     <span class='ocr_line' id='line_1_14' title="bbox 634 2249 2178 2319; baseline 0 -16"><span class='ocrx_word' id='word_1_136' title='bbox 634 2255 703 2305; x_wconf 89' lang='lat'>1111.</span> <span class='ocrx_word' id='word_1_137' title='bbox 731 2250 925 2318; x_wconf 79' lang='lat' dir='ltr'><strong>2adominis]</strong></span> <span class='ocrx_word' id='word_1_138' title='bbox 947 2255 981 2305; x_wconf 89' lang='lat' dir='ltr'><strong>ad</strong></span> <span class='ocrx_word' id='word_1_139' title='bbox 997 2255 1112 2305; x_wconf 87' lang='lat' dir='ltr'><strong>bominis</strong></span> <span class='ocrx_word' id='word_1_140' title='bbox 1133 2254 1164 2305; x_wconf 73' lang='lat' dir='ltr'><strong>G.</strong></span> <span class='ocrx_word' id='word_1_141' title='bbox 1229 2249 1266 2318; x_wconf 87' lang='lat' dir='ltr'><strong>ut]</strong></span> <span class='ocrx_word' id='word_1_142' title='bbox 1287 2253 1407 2319; x_wconf 84' lang='lat' dir='ltr'><strong>qualiter</strong></span> <span class='ocrx_word' id='word_1_143' title='bbox 1426 2254 1457 2304; x_wconf 75' lang='grc' dir='ltr'><strong>θ.</strong></span> <span class='ocrx_word' id='word_1_144' title='bbox 1522 2253 1780 2305; x_wconf 82' lang='lat' dir='ltr'><strong>4iusxcusabilitcr</strong></span> <span class='ocrx_word' id='word_1_145' title='bbox 1796 2253 1907 2304; x_wconf 76' lang='lat' dir='ltr'><strong>decrtG.</strong></span> <span class='ocrx_word' id='word_1_146' title='bbox 1962 2249 2133 2319; x_wconf 79' lang='lat' dir='ltr'><strong>implerelito</strong></span> <span class='ocrx_word' id='word_1_147' title='bbox 2147 2254 2178 2316; x_wconf 87' lang='lat' dir='ltr'><strong>G,</strong></span> 
     </span>
     <span class='ocr_line' id='line_1_15' title="bbox 527 2338 2030 2409; baseline 0 -17"><span class='ocrx_word' id='word_1_148' title='bbox 527 2342 644 2408; x_wconf 86' lang='lat' dir='ltr'><strong>emplere</strong></span> <span class='ocrx_word' id='word_1_149' title='bbox 665 2343 697 2404; x_wconf 84' lang='lat' dir='ltr'><strong>E,</strong></span> <span class='ocrx_word' id='word_1_150' title='bbox 719 2343 784 2408; x_wconf 78' lang='lat' dir='ltr'><strong>fort.</strong></span> <span class='ocrx_word' id='word_1_151' title='bbox 805 2343 916 2409; x_wconf 86' lang='lat' dir='ltr'><strong>explere</strong></span> <span class='ocrx_word' id='word_1_152' title='bbox 934 2344 1064 2409; x_wconf 70' lang='lat' dir='ltr'><strong>topandium</strong></span> <span class='ocrx_word' id='word_1_153' title='bbox 1082 2352 1124 2394; x_wconf 85' lang='lat' dir='ltr'><strong>est.</strong></span> <span class='ocrx_word' id='word_1_154' title='bbox 1196 2338 1300 2408; x_wconf 84' lang='lat' dir='ltr'><strong>valent]</strong></span> <span class='ocrx_word' id='word_1_155' title='bbox 1320 2351 1415 2395; x_wconf 89' lang='lat' dir='ltr'><strong>curent</strong></span> <span class='ocrx_word' id='word_1_156' title='bbox 1433 2345 1472 2395; x_wconf 76' lang='lat' dir='ltr'><strong>acl</strong></span> <span class='ocrx_word' id='word_1_157' title='bbox 1487 2344 1590 2394; x_wconf 81' lang='lat' dir='ltr'><strong>faciunt</strong></span> <span class='ocrx_word' id='word_1_158' title='bbox 1607 2342 1791 2392; x_wconf 69' lang='lat' dir='ltr'><strong>minidonduni</strong></span> <span class='ocrx_word' id='word_1_159' title='bbox 1808 2351 1888 2392; x_wconf 80' lang='lat' dir='ltr'><strong>conset</strong></span> <span class='ocrx_word' id='word_1_160' title='bbox 1905 2342 2030 2393; x_wconf 77' lang='lat' dir='ltr'><strong>Boretirn.</strong></span> 
     </span>
    </p>
   </div>
   <div class='ocr_carea' id='block_1_6' title="bbox 633 2449 2226 2516">
    <p class='ocr_par' dir='ltr' id='par_1_6' title="bbox 633 2449 2226 2516">
     <span class='ocr_line' id='line_1_16' title="bbox 633 2449 2226 2516; baseline 0.002 -17"><span class='ocrx_word' id='word_1_161' title='bbox 633 2450 665 2499; x_wconf 85' lang='lat' dir='ltr'><strong>V.</strong></span> <span class='ocrx_word' id='word_1_162' title='bbox 694 2450 763 2499; x_wconf 80' lang='lat' dir='ltr'><strong>tad</strong></span> <span class='ocrx_word' id='word_1_163' title='bbox 784 2450 1105 2502; x_wconf 87' lang='lat' dir='ltr'><strong>audiendum—diebus</strong></span> <span class='ocrx_word' id='word_1_164' title='bbox 1124 2452 1223 2516; x_wconf 89' lang='lat' dir='ltr'><strong>quibus</strong></span> <span class='ocrx_word' id='word_1_165' title='bbox 1242 2451 1333 2501; x_wconf 65' lang='lat' dir='ltr'><strong>cluunt</strong></span> <span class='ocrx_word' id='word_1_166' title='bbox 1352 2451 1383 2502; x_wconf 79' lang='grc'><strong>0.</strong></span> <span class='ocrx_word' id='word_1_167' title='bbox 1458 2451 1647 2501; x_wconf 83' lang='lat' dir='ltr'><strong>8detinentnr</strong></span> <span class='ocrx_word' id='word_1_168' title='bbox 1667 2449 1699 2499; x_wconf 82' lang='lat' dir='ltr'><strong>G.</strong></span> <span class='ocrx_word' id='word_1_169' title='bbox 2200 2462 2226 2504; x_wconf 81' lang='lat' dir='ltr'><strong>lt</strong></span> 
     </span>
    </p>
   </div>
   <div class='ocr_carea' id='block_1_7' title="bbox 525 2551 2178 2710">
    <p class='ocr_par' dir='ltr' id='par_1_7' title="bbox 525 2551 2178 2710">
     <span class='ocr_line' id='line_1_17' title="bbox 633 2551 2178 2622; baseline 0.001 -17"><span class='ocrx_word' id='word_1_170' title='bbox 633 2555 681 2606; x_wconf 90' lang='lat' dir='ltr'><strong>VI.</strong></span> <span class='ocrx_word' id='word_1_171' title='bbox 711 2559 744 2606; x_wconf 90' lang='lat'><strong>10</strong></span> <span class='ocrx_word' id='word_1_172' title='bbox 763 2556 873 2608; x_wconf 83' lang='lat' dir='ltr'><strong>hereses</strong></span> <span class='ocrx_word' id='word_1_173' title='bbox 894 2556 926 2607; x_wconf 85' lang='grc' dir='ltr'><strong>Ε.</strong></span> <span class='ocrx_word' id='word_1_174' title='bbox 1023 2553 1174 2621; x_wconf 85' lang='lat' dir='ltr'><strong>muncrum]</strong></span> <span class='ocrx_word' id='word_1_175' title='bbox 1202 2574 1343 2609; x_wconf 84' lang='lat' dir='ltr'><strong>numerum</strong></span> <span class='ocrx_word' id='word_1_176' title='bbox 1364 2557 1396 2608; x_wconf 78' lang='lat' dir='ltr'><strong>G.</strong></span> <span class='ocrx_word' id='word_1_177' title='bbox 1495 2560 1525 2608; x_wconf 94' lang='lat'><strong>11</strong></span> <span class='ocrx_word' id='word_1_178' title='bbox 1554 2558 1795 2622; x_wconf 75' lang='lat' dir='ltr'><strong>consanguinitate</strong></span> <span class='ocrx_word' id='word_1_179' title='bbox 1823 2555 1854 2606; x_wconf 78' lang='lat' dir='ltr'><strong>G.</strong></span> <span class='ocrx_word' id='word_1_180' title='bbox 1947 2558 1979 2606; x_wconf 81' lang='lat'><strong>12</strong></span> <span class='ocrx_word' id='word_1_181' title='bbox 2005 2551 2178 2622; x_wconf 84' lang='lat' dir='ltr'><strong>provehatur]</strong></span> 
     </span>
     <span class='ocr_line' id='line_1_18' title="bbox 525 2643 690 2710; baseline -0.006 -14"><span class='ocrx_word' id='word_1_182' title='bbox 525 2646 638 2710; x_wconf 78' lang='lat' dir='ltr'><strong>prebeat</strong></span> <span class='ocrx_word' id='word_1_183' title='bbox 658 2643 690 2695; x_wconf 78' lang='lat' dir='ltr'><strong>G.</strong></span> 
     </span>
    </p>
   </div>
   <div class='ocr_carea' id='block_1_8' title="bbox 525 2861 2227 3369">
    <p class='ocr_par' dir='ltr' id='par_1_8' title="bbox 525 2861 2227 3369">
     <span class='ocr_line' id='line_1_19' title="bbox 636 2861 2179 2941; baseline -0.001 -24"><span class='ocrx_word' id='word_1_184' title='bbox 636 2861 665 2932; x_wconf 86' lang='lat' dir='ltr'><strong>l)</strong></span> <span class='ocrx_word' id='word_1_185' title='bbox 699 2861 748 2935; x_wconf 83' lang='lat' dir='ltr'><strong>Of.</strong></span> <span class='ocrx_word' id='word_1_186' title='bbox 773 2864 935 2921; x_wconf 81' lang='lat' dir='ltr'><strong>Hiudoioici</strong></span> <span class='ocrx_word' id='word_1_187' title='bbox 964 2864 1089 2940; x_wconf 81' lang='lat' dir='ltr'><strong>capitula</strong></span> <span class='ocrx_word' id='word_1_188' title='bbox 1118 2866 1161 2922; x_wconf 80' lang='lat' dir='ltr'><strong>ad</strong></span> <span class='ocrx_word' id='word_1_189' title='bbox 1181 2864 1324 2941; x_wconf 77' lang='lat' dir='ltr'><strong>episcopos</strong></span> <span class='ocrx_word' id='word_1_190' title='bbox 1347 2873 1396 2921; x_wconf 81' lang='lat' dir='ltr'><strong>etc.</strong></span> <span class='ocrx_word' id='word_1_191' title='bbox 1416 2863 1592 2940; x_wconf 79' lang='lat' dir='ltr'><strong>pertinentia</strong></span> <span class='ocrx_word' id='word_1_192' title='bbox 1606 2866 1667 2923; x_wconf 79' lang='lat'><strong>819</strong></span> <span class='ocrx_word' id='word_1_193' title='bbox 1690 2883 1713 2919; x_wconf 87' lang='lat' dir='ltr'><strong>c.</strong></span> <span class='ocrx_word' id='word_1_194' title='bbox 1731 2867 1766 2922; x_wconf 83' lang='lat'><strong>9.-</strong></span> <span class='ocrx_word' id='word_1_195' title='bbox 1794 2863 1939 2918; x_wconf 84' lang='lat' dir='ltr'><strong>Statutum</strong></span> <span class='ocrx_word' id='word_1_196' title='bbox 1971 2870 2026 2928; x_wconf 85' lang='lat' dir='ltr'><strong>est,</strong></span> <span class='ocrx_word' id='word_1_197' title='bbox 2057 2870 2089 2916; x_wconf 92' lang='lat' dir='ltr'><strong>ut</strong></span> <span class='ocrx_word' id='word_1_198' title='bbox 2119 2864 2179 2917; x_wconf 85' lang='lat' dir='ltr'><strong>sine</strong></span> 
     </span>
     <span class='ocr_line' id='line_1_20' title="bbox 525 2971 2180 3045; baseline 0 -21"><span class='ocrx_word' id='word_1_199' title='bbox 525 2972 696 3027; x_wconf 88' lang='lat' dir='ltr'><strong>anctoritate</strong></span> <span class='ocrx_word' id='word_1_200' title='bbox 720 2972 767 3028; x_wconf 82' lang='lat' dir='ltr'><strong>vel</strong></span> <span class='ocrx_word' id='word_1_201' title='bbox 797 2990 936 3028; x_wconf 85' lang='lat' dir='ltr'><strong>consensu</strong></span> <span class='ocrx_word' id='word_1_202' title='bbox 967 2973 1161 3044; x_wconf 87' lang='lat' dir='ltr'><strong>episcoporum</strong></span> <span class='ocrx_word' id='word_1_203' title='bbox 1191 2972 1354 3045; x_wconf 82' lang='lat' dir='ltr'><strong>presbyteri</strong></span> <span class='ocrx_word' id='word_1_204' title='bbox 1383 2973 1412 3027; x_wconf 90' lang='lat' dir='ltr'><strong>in</strong></span> <span class='ocrx_word' id='word_1_205' title='bbox 1443 2972 1618 3044; x_wconf 86' lang='lat' dir='ltr'><strong>quibuslibet</strong></span> <span class='ocrx_word' id='word_1_206' title='bbox 1648 2971 1776 3027; x_wconf 80' lang='lat' dir='ltr'><strong>ecclesiis</strong></span> <span class='ocrx_word' id='word_1_207' title='bbox 1805 2989 1859 3026; x_wconf 88' lang='lat' dir='ltr'><strong>nec</strong></span> <span class='ocrx_word' id='word_1_208' title='bbox 1889 2971 2099 3025; x_wconf 83' lang='lat' dir='ltr'><strong>constituantur</strong></span> <span class='ocrx_word' id='word_1_209' title='bbox 2126 2987 2180 3025; x_wconf 88' lang='lat' dir='ltr'><strong>nec</strong></span> 
     </span>
     <span class='ocr_line' id='line_1_21' title="bbox 526 3076 2227 3151; baseline 0 -20"><span class='ocrx_word' id='word_1_210' title='bbox 526 3076 723 3148; x_wconf 80' lang='lat' dir='ltr'><strong>expellantur3</strong></span> <span class='ocrx_word' id='word_1_211' title='bbox 755 3085 785 3135; x_wconf 89' lang='lat' dir='ltr'><strong>et</strong></span> <span class='ocrx_word' id='word_1_212' title='bbox 816 3080 838 3133; x_wconf 90' lang='lat' dir='ltr'><strong>si</strong></span> <span class='ocrx_word' id='word_1_213' title='bbox 868 3079 934 3134; x_wconf 89' lang='lat' dir='ltr'><strong>laici</strong></span> <span class='ocrx_word' id='word_1_214' title='bbox 964 3079 1082 3134; x_wconf 89' lang='lat' dir='ltr'><strong>clericos</strong></span> <span class='ocrx_word' id='word_1_215' title='bbox 1105 3079 1258 3151; x_wconf 86' lang='lat' dir='ltr'><strong>probabilis</strong></span> <span class='ocrx_word' id='word_1_216' title='bbox 1288 3079 1365 3133; x_wconf 81' lang='lat' dir='ltr'><strong>vitae</strong></span> <span class='ocrx_word' id='word_1_217' title='bbox 1396 3085 1426 3134; x_wconf 89' lang='lat' dir='ltr'><strong>et</strong></span> <span class='ocrx_word' id='word_1_218' title='bbox 1450 3079 1595 3134; x_wconf 82' lang='lat' dir='ltr'><strong>doctrinae</strong></span> <span class='ocrx_word' id='word_1_219' title='bbox 1619 3078 1760 3149; x_wconf 87' lang='lat' dir='ltr'><strong>episcopis</strong></span> <span class='ocrx_word' id='word_1_220' title='bbox 1784 3078 1990 3133; x_wconf 85' lang='lat' dir='ltr'><strong>consecrandos</strong></span> <span class='ocrx_word' id='word_1_221' title='bbox 2013 3078 2126 3147; x_wconf 85' lang='lat' dir='ltr'><strong>suisque</strong></span> <span class='ocrx_word' id='word_1_222' title='bbox 2152 3077 2180 3130; x_wconf 91' lang='lat' dir='ltr'><strong>in</strong></span> <span class='ocrx_word' id='word_1_223' title='bbox 2199 3086 2227 3125; x_wconf 73' lang='lat'><strong>²⁰</strong></span> 
     </span>
     <span class='ocr_line' id='line_1_22' title="bbox 527 3175 2179 3259; baseline 0.002 -21"><span class='ocrx_word' id='word_1_224' title='bbox 527 3184 656 3239; x_wconf 86' lang='lat' dir='ltr'><strong>ecclesiis</strong></span> <span class='ocrx_word' id='word_1_225' title='bbox 685 3187 899 3242; x_wconf 88' lang='lat' dir='ltr'><strong>constituendos</strong></span> <span class='ocrx_word' id='word_1_226' title='bbox 928 3186 1095 3253; x_wconf 87' lang='lat' dir='ltr'><strong>obtulerint,</strong></span> <span class='ocrx_word' id='word_1_227' title='bbox 1125 3186 1203 3240; x_wconf 83' lang='lat' dir='ltr'><strong>nulls</strong></span> <span class='ocrx_word' id='word_1_228' title='bbox 1233 3185 1363 3256; x_wconf 86' lang='lat' dir='ltr'><strong>qualibet</strong></span> <span class='ocrx_word' id='word_1_229' title='bbox 1392 3186 1539 3241; x_wconf 87' lang='lat' dir='ltr'><strong>occasione</strong></span> <span class='ocrx_word' id='word_1_230' title='bbox 1572 3202 1620 3240; x_wconf 88' lang='lat' dir='ltr'><strong>eos</strong></span> <span class='ocrx_word' id='word_1_231' title='bbox 1650 3185 1770 3241; x_wconf 87' lang='lat' dir='ltr'><strong>reiciant</strong></span> <span class='ocrx_word' id='word_1_232' title='bbox 1799 3175 1888 3252; x_wconf 79' lang='lat' dir='ltr'><em>(MG.</em></span> <span class='ocrx_word' id='word_1_233' title='bbox 1921 3181 2014 3259; x_wconf 78' lang='lat' dir='ltr'><strong>Capit.</strong></span> <span class='ocrx_word' id='word_1_234' title='bbox 2046 3183 2070 3252; x_wconf 84' lang='grc' dir='ltr'><strong>Ι,</strong></span> <span class='ocrx_word' id='word_1_235' title='bbox 2100 3184 2163 3242; x_wconf 86' lang='grc'><strong>277</strong></span> <span class='ocrx_word' id='word_1_236' title='bbox 2169 3203 2179 3250; x_wconf 86' lang='grc'><em>;</em></span> 
     </span>
     <span class='ocr_line' id='line_1_23' title="bbox 528 3286 2134 3369; baseline 0.001 -24"><span class='ocrx_word' id='word_1_237' title='bbox 528 3288 735 3347; x_wconf 77' lang='lat' dir='ltr'><strong>lsrthibucircr²</strong></span> <span class='ocrx_word' id='word_1_238' title='bbox 759 3311 787 3348; x_wconf 88' lang='lat' dir='ltr'><strong>n.</strong></span> <span class='ocrx_word' id='word_1_239' title='bbox 805 3286 896 3366; x_wconf 78' lang='lat'><em>674);</em></span> <span class='ocrx_word' id='word_1_240' title='bbox 920 3311 944 3348; x_wconf 86' lang='lat' dir='ltr'><strong>o.</strong></span> <span class='ocrx_word' id='word_1_241' title='bbox 971 3291 1053 3348; x_wconf 85' lang='lat' dir='ltr'><strong>etium</strong></span> <span class='ocrx_word' id='word_1_242' title='bbox 1078 3292 1110 3348; x_wconf 87' lang='lat' dir='ltr'><strong>U.</strong></span> <span class='ocrx_word' id='word_1_243' title='bbox 1133 3290 1220 3360; x_wconf 77' lang='lat' dir='ltr'><strong>Stutr,</strong></span> <span class='ocrx_word' id='word_1_244' title='bbox 1246 3289 1423 3349; x_wconf 78' lang='lat' dir='ltr'><strong>‘Gcsciicltte</strong></span> <span class='ocrx_word' id='word_1_245' title='bbox 1445 3292 1493 3348; x_wconf 69' lang='lat' dir='ltr'><strong>dci</strong></span> <span class='ocrx_word' id='word_1_246' title='bbox 1515 3290 1687 3348; x_wconf 81' lang='lat' dir='ltr'><strong>lircltlichcn</strong></span> <span class='ocrx_word' id='word_1_247' title='bbox 1712 3290 1989 3369; x_wconf 69' lang='lat' dir='ltr'><strong>Boncfiziainusens&#39;</strong></span> <span class='ocrx_word' id='word_1_248' title='bbox 2014 3290 2038 3360; x_wconf 83' lang='lat'><strong>1,</strong></span> <span class='ocrx_word' id='word_1_249' title='bbox 2064 3292 2134 3350; x_wconf 80' lang='lat'><strong><em>257.</em></strong></span> 
     </span>
    </p>
   </div>
   <div class='ocr_carea' id='block_1_9' title="bbox 641 4195 2065 4333">
    <p class='ocr_par' dir='ltr' id='par_1_9' title="bbox 641 4195 2065 4333">
     <span class='ocr_line' id='line_1_24' title="bbox 641 4195 2065 4333; baseline 0.009 -13"><span class='ocrx_word' id='word_1_250' title='bbox 641 4198 782 4328; x_wconf 65' lang='lat'><strong>²⁸43.</strong></span> <span class='ocrx_word' id='word_1_251' title='bbox 831 4195 1405 4329; x_wconf 86' lang='lat' dir='ltr'>CONCILIUM</span> <span class='ocrx_word' id='word_1_252' title='bbox 1448 4197 2065 4333; x_wconf 84' lang='lat' dir='ltr'><strong>OLONNENSE.</strong></span> 
     </span>
    </p>
   </div>
   <div class='ocr_carea' id='block_1_10' title="bbox 1158 4457 1550 4543">
    <p class='ocr_par' dir='ltr' id='par_1_10' title="bbox 1158 4457 1550 4543">
     <span class='ocr_line' id='line_1_25' title="bbox 1158 4457 1550 4543; baseline -0.018 0"><span class='ocrx_word' id='word_1_253' title='bbox 1158 4457 1251 4543; x_wconf 78' lang='grc'><strong>825.</strong></span> <span class='ocrx_word' id='word_1_254' title='bbox 1282 4489 1412 4538; x_wconf 89' lang='lat' dir='ltr'><strong>mense</strong></span> <span class='ocrx_word' id='word_1_255' title='bbox 1438 4465 1550 4537; x_wconf 86' lang='lat' dir='ltr'><strong>Maio.</strong></span> 
     </span>
    </p>
   </div>
   <div class='ocr_carea' id='block_1_11' title="bbox 524 4733 2225 5276">
    <p class='ocr_par' dir='ltr' id='par_1_11' title="bbox 524 4733 2225 5276">
     <span class='ocr_line' id='line_1_26' title="bbox 632 4733 2225 4854; baseline 0.002 -27"><span class='ocrx_word' id='word_1_256' title='bbox 632 4733 848 4827; x_wconf 80' lang='lat' dir='ltr'><strong>Hiotitcrius</strong></span> <span class='ocrx_word' id='word_1_257' title='bbox 873 4765 1043 4849; x_wconf 77' lang='lat' dir='ltr'><strong>imperator</strong></span> <span class='ocrx_word' id='word_1_258' title='bbox 1066 4786 1167 4826; x_wconf 85' lang='lat' dir='ltr'><strong>mense</strong></span> <span class='ocrx_word' id='word_1_259' title='bbox 1190 4761 1282 4827; x_wconf 87' lang='lat' dir='ltr'><strong>Maio</strong></span> <span class='ocrx_word' id='word_1_260' title='bbox 1305 4764 1387 4826; x_wconf 85' lang='lat' dir='ltr'><strong>anni</strong></span> <span class='ocrx_word' id='word_1_261' title='bbox 1409 4768 1484 4829; x_wconf 84' lang='grc'><em>825.</em></span> <span class='ocrx_word' id='word_1_262' title='bbox 1509 4765 1591 4828; x_wconf 82' lang='lat' dir='ltr'><strong>sicut</strong></span> <span class='ocrx_word' id='word_1_263' title='bbox 1620 4764 1751 4829; x_wconf 67' lang='lat' dir='ltr'><strong>demotis</strong></span> <span class='ocrx_word' id='word_1_264' title='bbox 1769 4766 1891 4852; x_wconf 78' lang='lat' dir='ltr'><strong>placiti</strong></span> <span class='ocrx_word' id='word_1_265' title='bbox 1908 4767 2068 4854; x_wconf 71' lang='lat' dir='ltr'><strong>qenerciis</strong></span> <span class='ocrx_word' id='word_1_266' title='bbox 2091 4768 2180 4830; x_wconf 63' lang='lat' dir='ltr'><strong>nictu</strong></span> <span class='ocrx_word' id='word_1_267' title='bbox 2199 4789 2225 4829; x_wconf 76' lang='lat' dir='ltr'><strong>rs</strong></span> 
     </span>
     <span class='ocr_line' id='line_1_27' title="bbox 525 4867 2179 4957; baseline 0.002 -25"><span class='ocrx_word' id='word_1_268' title='bbox 525 4870 703 4955; x_wconf 80' lang='lat' dir='ltr'><strong>capitulare</strong></span> <span class='ocrx_word' id='word_1_269' title='bbox 726 4869 765 4933; x_wconf 82' lang='lat' dir='ltr'><strong>dc</strong></span> <span class='ocrx_word' id='word_1_270' title='bbox 788 4871 934 4933; x_wconf 82' lang='lat' dir='ltr'><strong>comitum</strong></span> <span class='ocrx_word' id='word_1_271' title='bbox 958 4871 1064 4934; x_wconf 73' lang='lat' dir='ltr'><strong>causis</strong></span> <span class='ocrx_word' id='word_1_272' title='bbox 1085 4867 1178 4952; x_wconf 79' lang='lat' dir='ltr'><em>(MG.</em></span> <span class='ocrx_word' id='word_1_273' title='bbox 1201 4867 1305 4955; x_wconf 77' lang='lat' dir='ltr'><strong>Capit.</strong></span> <span class='ocrx_word' id='word_1_274' title='bbox 1323 4867 1352 4947; x_wconf 85' lang='lat' dir='ltr'><strong>I,</strong></span> <span class='ocrx_word' id='word_1_275' title='bbox 1369 4876 1435 4936; x_wconf 83' lang='lat'><strong>339</strong></span> <span class='ocrx_word' id='word_1_276' title='bbox 1442 4893 1453 4950; x_wconf 81' lang='lat'><strong>,·</strong></span> <span class='ocrx_word' id='word_1_277' title='bbox 1476 4870 1705 4935; x_wconf 45' lang='lat' dir='ltr'><strong>Mattianum</strong></span> <span class='ocrx_word' id='word_1_278' title='bbox 1727 4897 1757 4935; x_wconf 85' lang='lat' dir='ltr'><strong>n.</strong></span> <span class='ocrx_word' id='word_1_279' title='bbox 1775 4872 1879 4957; x_wconf 85' lang='grc'><strong>1026)</strong></span> <span class='ocrx_word' id='word_1_280' title='bbox 1904 4873 2017 4952; x_wconf 81' lang='lat' dir='ltr'><strong>edidit,</strong></span> <span class='ocrx_word' id='word_1_281' title='bbox 2042 4875 2085 4937; x_wconf 82' lang='lat' dir='ltr'><strong>ito</strong></span> <span class='ocrx_word' id='word_1_282' title='bbox 2109 4898 2179 4936; x_wconf 87' lang='lat' dir='ltr'><strong>con·</strong></span> 
     </span>
     <span class='ocr_line' id='line_1_28' title="bbox 524 4974 2179 5063; baseline 0.002 -23"><span class='ocrx_word' id='word_1_283' title='bbox 524 4978 699 5041; x_wconf 79' lang='lat' dir='ltr'><strong>stitutionce</strong></span> <span class='ocrx_word' id='word_1_284' title='bbox 723 4999 844 5063; x_wconf 83' lang='lat' dir='ltr'><strong>quoque</strong></span> <span class='ocrx_word' id='word_1_285' title='bbox 866 4976 991 5063; x_wconf 75' lang='lat' dir='ltr'><strong>synodi,</strong></span> <span class='ocrx_word' id='word_1_286' title='bbox 1022 5000 1117 5061; x_wconf 84' lang='lat' dir='ltr'><strong>quam</strong></span> <span class='ocrx_word' id='word_1_287' title='bbox 1140 4974 1245 5040; x_wconf 82' lang='lat' dir='ltr'><strong>codem</strong></span> <span class='ocrx_word' id='word_1_288' title='bbox 1270 4990 1405 5061; x_wconf 80' lang='lat' dir='ltr'><strong>ternpore</strong></span> <span class='ocrx_word' id='word_1_289' title='bbox 1428 5001 1466 5040; x_wconf 85' lang='lat' dir='ltr'><strong>nc</strong></span> <span class='ocrx_word' id='word_1_290' title='bbox 1490 4977 1567 5055; x_wconf 84' lang='lat' dir='ltr'><strong>ioco,</strong></span> <span class='ocrx_word' id='word_1_291' title='bbox 1592 4980 1626 5040; x_wconf 85' lang='lat' dir='ltr'><strong>in</strong></span> <span class='ocrx_word' id='word_1_292' title='bbox 1649 4993 1733 5042; x_wconf 81' lang='lat' dir='ltr'><strong>curte</strong></span> <span class='ocrx_word' id='word_1_293' title='bbox 1755 4980 1877 5043; x_wconf 80' lang='lat' dir='ltr'><strong>scilicet</strong></span> <span class='ocrx_word' id='word_1_294' title='bbox 1898 4979 2048 5044; x_wconf 84' lang='lat' dir='ltr'><strong>Holonnu</strong></span> <span class='ocrx_word' id='word_1_295' title='bbox 2073 4979 2179 5061; x_wconf 74' lang='lat' dir='ltr'><strong>(hodie</strong></span> 
     </span>
     <span class='ocr_line' id='line_1_29' title="bbox 528 5080 2178 5174; baseline 0.002 -28"><span class='ocrx_word' id='word_1_296' title='bbox 528 5080 619 5146; x_wconf 76' lang='lat' dir='ltr'><strong>Corte</strong></span> <span class='ocrx_word' id='word_1_297' title='bbox 653 5081 755 5147; x_wconf 84' lang='lat' dir='ltr'><strong>Olono</strong></span> <span class='ocrx_word' id='word_1_298' title='bbox 786 5082 877 5168; x_wconf 83' lang='lat' dir='ltr'><strong>opud</strong></span> <span class='ocrx_word' id='word_1_299' title='bbox 908 5082 1068 5166; x_wconf 85' lang='lat' dir='ltr'><strong>Ticinum)</strong></span> <span class='ocrx_word' id='word_1_300' title='bbox 1100 5082 1276 5162; x_wconf 81' lang='lat' dir='ltr'><strong>celebrarit,</strong></span> <span class='ocrx_word' id='word_1_301' title='bbox 1300 5106 1365 5168; x_wconf 83' lang='lat' dir='ltr'><strong>per</strong></span> <span class='ocrx_word' id='word_1_302' title='bbox 1394 5082 1456 5147; x_wconf 79' lang='lat' dir='ltr'><strong>dno</strong></span> <span class='ocrx_word' id='word_1_303' title='bbox 1488 5085 1684 5170; x_wconf 78' lang='lat' dir='ltr'><strong>capitulario</strong></span> <span class='ocrx_word' id='word_1_304' title='bbox 1710 5086 1927 5171; x_wconf 70' lang='lat' dir='ltr'><strong>pronaiquoit</strong></span> <span class='ocrx_word' id='word_1_305' title='bbox 1958 5086 2015 5174; x_wconf 87' lang='lat' dir='ltr'><strong>(cf.</strong></span> <span class='ocrx_word' id='word_1_306' title='bbox 2043 5084 2178 5165; x_wconf 80' lang='lat' dir='ltr'><strong>Simeon,</strong></span> 
     </span>
     <span class='ocr_line' id='line_1_30' title="bbox 524 5187 1929 5276; baseline 0.001 -25"><span class='ocrx_word' id='word_1_307' title='bbox 524 5188 735 5253; x_wconf 61' lang='grc' dir='ltr'><strong>ί«ῙτιΙινόἰὶεῘιεν</strong></span> <span class='ocrx_word' id='word_1_308' title='bbox 759 5189 813 5253; x_wconf 80' lang='lat' dir='ltr'><strong>des</strong></span> <span class='ocrx_word' id='word_1_309' title='bbox 830 5189 1047 5275; x_wconf 78' lang='lat' dir='ltr'><strong>frr‘r&#39;nltiscitcn</strong></span> <span class='ocrx_word' id='word_1_310' title='bbox 1070 5187 1186 5252; x_wconf 71' lang='lat' dir='ltr'><strong>Reicies</strong></span> <span class='ocrx_word' id='word_1_311' title='bbox 1208 5203 1298 5252; x_wconf 67' lang='lat' dir='ltr'><strong>nnrer</strong></span> <span class='ocrx_word' id='word_1_312' title='bbox 1322 5188 1458 5276; x_wconf 70' lang='lat' dir='ltr'><strong>Ludroip</strong></span> <span class='ocrx_word' id='word_1_313' title='bbox 1482 5189 1551 5253; x_wconf 83' lang='lat' dir='ltr'><strong>dem</strong></span> <span class='ocrx_word' id='word_1_314' title='bbox 1577 5189 1758 5254; x_wconf 76' lang='lat' dir='ltr'><strong>Frornmcn&#39;</strong></span> <span class='ocrx_word' id='word_1_315' title='bbox 1784 5191 1811 5262; x_wconf 82' lang='grc' dir='ltr'><strong>Ῑ,</strong></span> <span class='ocrx_word' id='word_1_316' title='bbox 1835 5194 1929 5276; x_wconf 84' lang='grc'><em>237).</em></span> 
     </span>
    </p>
   </div>
   <div class='ocr_carea' id='block_1_12' title="bbox 665 5486 2225 5570">
    <p class='ocr_par' dir='ltr' id='par_1_12' title="bbox 665 5486 2225 5570">
     <span class='ocr_line' id='line_1_31' title="bbox 665 5486 2225 5570; baseline 0.003 -10"><span class='ocrx_word' id='word_1_317' title='bbox 665 5492 708 5564; x_wconf 90' lang='grc' dir='ltr'><strong>Α.</strong></span> <span class='ocrx_word' id='word_1_318' title='bbox 752 5486 1089 5565; x_wconf 79' lang='lat' dir='ltr'><em>CAPITULARE</em></span> <span class='ocrx_word' id='word_1_319' title='bbox 1112 5489 1326 5563; x_wconf 83' lang='lat' dir='ltr'><em>PRIMUM</em></span> <span class='ocrx_word' id='word_1_320' title='bbox 1348 5489 1426 5563; x_wconf 86' lang='lat' dir='ltr'><strong>DE</strong></span> <span class='ocrx_word' id='word_1_321' title='bbox 1451 5489 1825 5569; x_wconf 78' lang='lat' dir='ltr'><em>EPISCOPOHUM</em></span> <span class='ocrx_word' id='word_1_322' title='bbox 1848 5490 2036 5570; x_wconf 82' lang='lat' dir='ltr'><strong><em>CAUSIS.</em></strong></span> <span class='ocrx_word' id='word_1_323' title='bbox 2197 5524 2225 5564; x_wconf 80' lang='lat' dir='ltr'><strong>n</strong></span> 
     </span>
    </p>
   </div>
   <div class='ocr_carea' id='block_1_13' title="bbox 518 5643 2178 5969">
    <p class='ocr_par' dir='ltr' id='par_1_13' title="bbox 518 5643 2178 5969">
     <span class='ocr_line' id='line_1_32' title="bbox 632 5643 2178 5756; baseline 0.005 -30"><span class='ocrx_word' id='word_1_324' title='bbox 632 5661 765 5749; x_wconf 77' lang='lat' dir='ltr'><strong>Lepitnr</strong></span> <span class='ocrx_word' id='word_1_325' title='bbox 787 5666 822 5727; x_wconf 87' lang='lat' dir='ltr'><strong>in</strong></span> <span class='ocrx_word' id='word_1_326' title='bbox 844 5664 895 5728; x_wconf 80' lang='lat' dir='ltr'><strong>itis</strong></span> <span class='ocrx_word' id='word_1_327' title='bbox 918 5663 1098 5728; x_wconf 77' lang='lat' dir='ltr'><strong>codicibus:</strong></span> <span class='ocrx_word' id='word_1_328' title='bbox 1120 5665 1154 5746; x_wconf 86' lang='lat'><strong>1)</strong></span> <span class='ocrx_word' id='word_1_329' title='bbox 1180 5665 1213 5728; x_wconf 88' lang='lat' dir='ltr'><strong>in</strong></span> <span class='ocrx_word' id='word_1_330' title='bbox 1238 5663 1344 5728; x_wconf 80' lang='lat' dir='ltr'><strong>codice</strong></span> <span class='ocrx_word' id='word_1_331' title='bbox 1367 5664 1584 5751; x_wconf 82' lang='lat' dir='ltr'><strong>Eporedicnsi</strong></span> <span class='ocrx_word' id='word_1_332' title='bbox 1600 5674 1643 5733; x_wconf 75' lang='lat'><strong>34</strong></span> <span class='ocrx_word' id='word_1_333' title='bbox 1667 5669 1754 5733; x_wconf 82' lang='lat' dir='ltr'><strong>circu</strong></span> <span class='ocrx_word' id='word_1_334' title='bbox 1767 5643 1893 5732; x_wconf 32' lang='lat' dir='ltr'><strong>’annunt</strong></span> <span class='ocrx_word' id='word_1_335' title='bbox 1910 5677 1986 5738; x_wconf 82' lang='lat'><strong><em>830.</em></strong></span> <span class='ocrx_word' id='word_1_336' title='bbox 2004 5671 2178 5756; x_wconf 69' lang='lat' dir='ltr'><strong>conscripto</strong></span> 
     </span>
     <span class='ocr_line' id='line_1_33' title="bbox 518 5769 2177 5854; baseline 0.005 -23"><span class='ocrx_word' id='word_1_337' title='bbox 518 5769 586 5854; x_wconf 72' lang='lat' dir='ltr'><strong>foi·</strong></span> <span class='ocrx_word' id='word_1_338' title='bbox 604 5775 665 5848; x_wconf 72' lang='lat'><strong>54,-</strong></span> <span class='ocrx_word' id='word_1_339' title='bbox 686 5771 724 5853; x_wconf 89' lang='grc'><strong>2)</strong></span> <span class='ocrx_word' id='word_1_340' title='bbox 750 5772 784 5833; x_wconf 89' lang='lat' dir='ltr'><strong>in</strong></span> <span class='ocrx_word' id='word_1_341' title='bbox 808 5770 913 5835; x_wconf 81' lang='lat' dir='ltr'><strong>codice</strong></span> <span class='ocrx_word' id='word_1_342' title='bbox 932 5769 1076 5835; x_wconf 83' lang='lat' dir='ltr'><strong>Romano</strong></span> <span class='ocrx_word' id='word_1_343' title='bbox 1100 5769 1303 5834; x_wconf 65' lang='lat' dir='ltr'><strong>bibliothecae</strong></span> <span class='ocrx_word' id='word_1_344' title='bbox 1323 5769 1495 5837; x_wconf 61' lang='lat' dir='ltr'><strong>Cinnanae</strong></span> <span class='ocrx_word' id='word_1_345' title='bbox 1512 5773 1550 5836; x_wconf 78' lang='lat' dir='ltr'><strong>F.</strong></span> <span class='ocrx_word' id='word_1_346' title='bbox 1568 5772 1592 5836; x_wconf 91' lang='lat' dir='ltr'><em>I</em></span> <span class='ocrx_word' id='word_1_347' title='bbox 1597 5774 1629 5837; x_wconf 91' lang='lat' dir='ltr'><strong>V.</strong></span> <span class='ocrx_word' id='word_1_348' title='bbox 1650 5783 1691 5841; x_wconf 85' lang='lat'><strong>75</strong></span> <span class='ocrx_word' id='word_1_349' title='bbox 1714 5799 1821 5839; x_wconf 82' lang='lat' dir='ltr'><strong>versus</strong></span> <span class='ocrx_word' id='word_1_350' title='bbox 1844 5801 1961 5840; x_wconf 78' lang='lat' dir='ltr'><strong>annunt</strong></span> <span class='ocrx_word' id='word_1_351' title='bbox 1984 5786 2082 5845; x_wconf 85' lang='lat'><strong><em>1000.</em></strong></span> <span class='ocrx_word' id='word_1_352' title='bbox 2107 5799 2177 5840; x_wconf 87' lang='lat' dir='ltr'><strong>con-</strong></span> 
     </span>
     <span class='ocr_line' id='line_1_34' title="bbox 523 5875 2177 5969; baseline 0.008 -34"><span class='ocrx_word' id='word_1_353' title='bbox 523 5877 642 5960; x_wconf 68' lang='lat' dir='ltr'><strong>scripto</strong></span> <span class='ocrx_word' id='word_1_354' title='bbox 658 5875 725 5962; x_wconf 82' lang='lat' dir='ltr'><strong>foi.</strong></span> <span class='ocrx_word' id='word_1_355' title='bbox 745 5882 789 5942; x_wconf 88' lang='grc'><strong>93</strong></span> <span class='ocrx_word' id='word_1_356' title='bbox 813 5875 938 5958; x_wconf 70' lang='lat' dir='ltr'><strong>(desum</strong></span> <span class='ocrx_word' id='word_1_357' title='bbox 959 5902 1001 5941; x_wconf 86' lang='lat' dir='ltr'><strong>co.</strong></span> <span class='ocrx_word' id='word_1_358' title='bbox 1020 5886 1050 5944; x_wconf 85' lang='lat'><strong>6.</strong></span> <span class='ocrx_word' id='word_1_359' title='bbox 1072 5878 1124 5960; x_wconf 81' lang='lat'><strong>7),·</strong></span> <span class='ocrx_word' id='word_1_360' title='bbox 1158 5879 1193 5958; x_wconf 85' lang='grc'><strong>3)</strong></span> <span class='ocrx_word' id='word_1_361' title='bbox 1218 5879 1253 5940; x_wconf 87' lang='lat' dir='ltr'><strong>in</strong></span> <span class='ocrx_word' id='word_1_362' title='bbox 1277 5877 1383 5943; x_wconf 83' lang='lat' dir='ltr'><strong>codice</strong></span> <span class='ocrx_word' id='word_1_363' title='bbox 1403 5877 1540 5944; x_wconf 78' lang='lat' dir='ltr'><strong>Ocvensi</strong></span> <span class='ocrx_word' id='word_1_364' title='bbox 1560 5884 1609 5947; x_wconf 88' lang='grc'><strong>22</strong></span> <span class='ocrx_word' id='word_1_365' title='bbox 1631 5882 1718 5945; x_wconf 81' lang='lat' dir='ltr'><strong>circa</strong></span> <span class='ocrx_word' id='word_1_366' title='bbox 1741 5905 1857 5946; x_wconf 81' lang='lat' dir='ltr'><strong>annum</strong></span> <span class='ocrx_word' id='word_1_367' title='bbox 1882 5890 1977 5951; x_wconf 85' lang='grc'><em>1005.</em></span> <span class='ocrx_word' id='word_1_368' title='bbox 2003 5885 2177 5969; x_wconf 65' lang='lat' dir='ltr'><strong>conscripto</strong></span> 
     </span>
    </p>
   </div>
   <div class='ocr_carea' id='block_1_14' title="bbox 0 0 2446 6708">
    <p class='ocr_par' dir='ltr' id='par_1_14' title="bbox 0 0 2446 6708">
     <span class='ocr_line' id='line_1_35' title="bbox 0 0 2446 6708; baseline 0 0"><span class='ocrx_word' id='word_1_369' title='bbox 0 0 2446 6708; x_wconf 95' lang='lat' dir='ltr'><strong> </strong></span> 
     </span>
    </p>
   </div>
  </div>
 </body>
</html>
