4884 6717
602 495 668 557 510
1070 500 1123 556 44.
1159 499 1377 557 CONCILIUM
1399 498 1628 555 PARISIENSE
1651 500 1688 555 A.
1710 499 1785 556 825.

603 698 736 768 scriptrua
759 699 896 752 doeemur.
942 697 971 752 si
1001 698 1059 751 istis
1086 697 1251 764 attenderet,
1279 715 1428 767 numquam
1456 698 1537 751 idolis
1559 699 1745 753 inclinaretur.
1792 697 1879 752 Omne
1910 699 1982 753 enirn
2004 716 2073 768 opus
2099 699 2126 752 iu
2149 698 2268 751 nomine

603 805 712 859 Domini
737 805 839 859 factum
862 805 1012 875 pretiosum
1037 811 1064 858 et
1088 811 1212 859 sanetism
1235 804 1337 857 dictum
1361 811 1412 871 est,
1435 804 1468 857 et
1492 803 1613 858 cetera.

709 902 792 966 Item
817 900 969 987 Gregorii
992 923 1100 987 papae
1122 901 1155 964 in
1182 900 1341 987 synodica
1364 899 1518 986 epistola:
1566 905 1616 964 Sil
1647 911 1783 965 cornaria
1814 911 1993 965 sentientibus
2016 918 2045 965 et
2066 912 2144 965 irrita
2167 912 2265 965 facere

603 1017 799 1088 quaerentibus
830 1017 959 1089 antiquas
989 1024 1098 1088 patrum
1128 1017 1290 1071 traditiones
1320 1017 1430 1070 salutis·
1445 1025 1600 1072 occurreret
1630 1017 1781 1085 conversio,
1811 1016 1970 1072 sufficerent
1993 1019 2088 1089 utique
2113 1035 2156 1086 ea,
2187 1035 2265 1088 quae

602 1125 725 1196 superius
748 1142 765 1178 a
788 1124 866 1179 nobis
889 1143 923 1179 es
947 1131 1055 1194 patrum
1078 1123 1239 1177 testimoniis
1263 1124 1307 1177 vel
1332 1124 1417 1177 sacris
1440 1124 1513 1177 dicta
1537 1133 1600 1178 sunt
1622 1125 1801 1179 documentis.
1847 1123 1903 1178 Sed
1930 1125 1997 1195 quia
2020 1125 2153 1186 videmus,
2185 1126 2301 1195 quous

602 1239 738 1286 merentes
761 1231 883 1299 dicimus,
912 1232 1061 1302 plerosque
1092 1230 1208 1284 turbatis
1231 1230 1368 1283 mentibus
1399 1236 1502 1284 statuta
1531 1231 1695 1285 conturbare
1720 1231 1865 1300 ecelesiae,
1896 1232 1968 1300 ideo,
1998 1231 2097 1285 fratres
2119 1231 2264 1294 carissimi,

602 1339 758 1394 extenditur
782 1357 880 1404 serm0,
905 1345 933 1392 et
955 1339 1079 1408 cupimus
1101 1338 1137 1390 ad
1160 1337 1381 1406 conpescendam
1405 1338 1504 1390 erroris
1527 1337 1660 1390 insaniam
1684 1337 1774 1392 adhue
1797 1355 1830 1391 ex
1855 1338 1994 1392 ueteribus
2016 1339 2187 1392 documentis
2210 1339 2263 1391 ali-

465 1451 582 1547 Ειιιοᾱὲἳῠ,
602 1446 669 1517 quid
693 1446 801 1510 dicerc3
825 1444 918 1499 forsan
940 1444 1103 1515 resipiscant
1127 1444 1250 1514 inquieti.
1285 1443 1316 1496 ln
1340 1444 1411 1497 libro
1435 1443 1507 1497 enim
1522 1444 1611 1497 Exodi
1634 1444 1673 1497 sic
1696 1444 1826 1515 legimus:
1851 1443 1974 1500 Leman
1997 1452 2037 1500 est
2058 1443 2199 1500 Dominus
2223 1444 2267 1500 ad

603 1551 722 1624 Moysen
746 1550 858 1607 dcere.-
883 1550 1013 1625 Imquere
1022 1547 1094 1628 filiis
1110 1548 1231 1618 Israhel,
1256 1557 1286 1604 ut
1308 1525 1408 1604 tollant
1430 1547 1669 1624 mihiprandium
1692 1548 1728 1605 ab
1751 1548 1828 1605 omui
1850 1549 1969 1619 bomine,
1993 1549 2042 1625 qui
2063 1550 2151 1622 offert
2174 1551 2262 1606 ultro·

602 1677 680 1728 uesta,
705 1655 847 1732 accipietis
878 1675 935 1713 eus.
983 1656 1066 1712 Haec
1095 1664 1160 1711 suut
1189 1663 1290 1724 auteur,
1322 1675 1395 1731 quae
1424 1654 1554 1730 accipere
1585 1655 1695 1724 debeas,
1729 1665 1756 1711 et
1779 1665 1872 1711 cetera
1895 1675 1946 1727 per
1968 1659 2089 1712 ordinem
2112 1676 2201 1727 usque
2226 1660 2262 1711 ad
2285 1675 2315 1712 ro

462 1781 583 1830 nasas.
602 1753 721 1821 duorum
747 1762 903 1832 Cherubim,
928 1762 977 1838 qui
999 1771 1082 1818 erum
1102 1781 1189 1836 super
1211 1781 1310 1818 arcum
1335 1760 1491 1831 testimonii,
1523 1770 1623 1817 cuncta
1653 1781 1726 1837 qaue
1754 1761 1896 1819 mandabo
1921 1782 1979 1837 per
2001 1771 2027 1819 te
2041 1763 2114 1840 filiis
2137 1763 2260 1819 Israhel.

432 1886 586 1937 naseam.
711 1862 756 1925 Et
779 1862 912 1924 iterum:
945 1866 1100 1924 ltandsl02'
1124 1869 1177 1923 Dei
1201 1868 1389 1923 a-Salomone
1412 1877 1568 1923 constmcto
1592 1870 1706 1940 templo.
1736 1871 1885 1924 interulis
1910 1870 1986 1940 fecit
2014 1870 2043 1925 iu
2066 1872 2184 1926 mando
2206 1872 2262 1925 diso

488 1993 587 2043 rusae.
607 1976 748 2036 Cherubin
772 1977 806 2031 dc
830 1975 913 2051 liquis
935 1976 1090 2042 olivarum·
1121 1983 1149 2030 et
1171 1976 1243 2029 infra
1266 1994 1368 2046 usque:
1402 1974 1442 2030 Et
1470 1975 1587 2050 sculpsit
1614 1975 1643 2031 iu
1669 1975 1707 2031 eis
1731 1975 1864 2050 picturas
1888 1975 2028 2033 illusus
2052 1984 2077 2032 et
2094 1979 2262 2052 palatarum

605 2084 712 2160 species
740 2092 766 2140 et
788 2082 929 2158 auoplpsa
952 2082 1035 2138 valde
1055 2080 1247 2156 prominentia
1270 2089 1296 2138 et
1324 2081 1393 2137 texit
1415 2102 1448 2138 ea
1472 2101 1545 2138 auro
1568 2090 1594 2138 et
1615 2082 1726 2157 operuit
1748 2091 1804 2138 tutu
1830 2081 1969 2139 Cbcsusbin
1993 2102 2076 2157 qaam
2095 2085 2214 2158 palntes
2237 2091 2265 2138 et

606 2199 708 2246 cetera.
755 2192 838 2251 Ecce,
862 2190 992 2243 carissimi
1015 2189 1124 2256 fratres,
1146 2190 1360 2259 consideremus,
1383 2190 1449 2259 quid
1473 2190 1536 2243 Deo
1560 2191 1708 2243 mandante
1734 2191 1845 2261 Moyses
1869 2190 1974 2258 fecerit,
2004 2191 2105 2260 quidve
2129 2190 2261 2244 Salomon
2285 2205 2313 2243 ro

603 2298 815 2368 sapientissimus
839 2297 929 2350 divino
953 2297 1026 2350 iussu
1050 2296 1239 2362 construxerit,
1262 2297 1295 2349 et
1318 2297 1437 2350 cetera.

711 2399 843 2469 Qirauto³
865 2404 996 2458 debemus
1026 2421 1094 2473 puro
1123 2403 1213 2456 cordis
1236 2403 1332 2456 annisu
1362 2404 1449 2472 ipsum
1474 2402 1611 2456 Christum
1634 2404 1772 2457 dominum
1803 2411 1923 2457 nostrum
1949 2411 2128 2474 sanctamque
2152 2421 2261 2473 sernper

605 2512 737 2583 virginem
761 2510 820 2564 eius
842 2510 1004 2581 genitricem
1019 2509 1146 2578 Mariam,
1169 2509 1311 2579 apostolos
1334 2527 1447 2580 quoque
1471 2510 1514 2562 vel
1532 2527 1627 2563 omnes
1643 2518 1751 2563 sanctos
1768 2510 1822 2563 Dei
1845 2528 1896 2579 per
1919 2528 2012 2564 eonuu
2036 2527 2129 2563 sacras
2152 2509 2260 2580 effigies

603 2627 688 2688 atque
711 2618 844 2689 imagines
866 2617 967 2685 colere,
997 2617 1112 2671 adorare
1137 2623 1166 2670 et
1188 2617 1225 2670 ad
1255 2615 1457 2686 propitiandum
1485 2616 1563 2669 nobis
1586 2623 1681 2686 petere
1706 2626 1733 2670 et
1756 2618 1883 2671 relaxare
1907 2618 2017 2671 delicta.
2062 2618 2122 2670 Nos
2145 2634 2199 2670 uon
2222 2617 2258 2669 ob

607 2726 681 2779 aliud
705 2742 805 2778 nomeu
830 2725 962 2795 imagines
986 2724 1101 2777 facimus
1124 2731 1151 2777 et
1174 2724 1330 2789 adoramus,
1360 2709 1410 2776 sed
1438 2740 1489 2792 pro
1512 2723 1590 2776 nobis
1613 2724 1755 2776 iucamato
1778 2725 1862 2778 verbo
1886 2724 1949 2777 Dei.
1996 2724 2023 2778 si
2047 2733 2140 2777 autem
2165 2741 2256 2776 manu·
2279 2738 2309 2776 eo

602 2832 677 2886 facta
700 2831 791 2885 omnia
821 2830 966 2884 abicienda
996 2836 1067 2898 sumt,
1096 2847 1188 2900 neque
1218 2847 1284 2883 arca
1316 2829 1435 2883 foederis
1463 2847 1554 2899 neque
1584 2847 1668 2883 aurea
1693 2837 1721 2884 et
1743 2831 1833 2884 celata
1856 2831 2002 2884 Chcmbim
2026 2832 2084 2884 eius
2106 2830 2258 2883 debuerant

603 2940 697 3010 recipi,
725 2955 799 3008 quae
829 2956 880 3007 per
903 2937 1030 2991 Beselecl
1062 2943 1090 2988 et
1112 2936 1193 2989 Eliab
1221 2936 1297 2989 facta
1328 2946 1388 2989 smrt
1418 2936 1494 2990 iuxta
1517 2945 1695 3006 praeceptum
1718 2937 1783 2991 Dei.
1830 2937 1858 2990 Si
1888 2955 1953 2990 vero
1984 2938 2032 2990 illa
2061 2937 2131 2989 sicut
2160 2936 2257 2989 similia

604 3046 750 3100 inuisibilia
775 3045 849 3098 facta
872 3054 944 3110 sum,
966 3043 1005 3096 ita
1029 3050 1056 3096 et
1079 3044 1148 3097 haec
1172 3043 1253 3096 simili
1270 3043 1352 3095 niodo
1368 3044 1516 3096 secundum
1533 3043 1650 3096 risiones
1667 3053 1694 3096 et
1709 3044 1894 3097 revelationes
1908 3043 2105 3114 prophetarum
2120 3043 2258 3096 coloribus

603 3153 748 3206 distinctae
772 3150 935 3218 efficimrtur,
959 3150 991 3203 et
1015 3151 1134 3203 cetera.

711 3248 793 3311 Item
823 3246 977 3311 Iohannis
1009 3246 1248 3333 archiepiscopi
1280 3244 1640 3332 Constantinopolitani,
1673 3246 1729 3331 qui
1759 3257 1792 3309 et
1822 3245 2056 3331 Chrysostomi.
2102 3245 2256 3310 iohannis
2278 3270 2306 3308 rs

604 3353 827 3441 Chrysostomi
850 3354 884 3416 in
908 3375 1056 3416 sermone
1081 3374 1203 3416 coenae
1219 3351 1370 3415 Domini:
1397 3357 1521 3415 Ornnia⁴
1545 3363 1620 3415 facta
1643 3370 1706 3416 sunt
1729 3372 1841 3432 propter
1863 3364 1979 3433 gloriam
1995 3364 2058 3430 Dei,
2082 3363 2141 3416 usui
2164 3372 2256 3416 aurem

606 3479 697 3524 nostro
720 3470 808 3523 nubes
831 3470 866 3522 ad
890 3467 1017 3522 imbrium
1041 3468 1228 3535 ministerium,
1251 3475 1324 3521 terra
1348 3471 1382 3521 ad
1405 3468 1533 3522 frumenti
1550 3469 1756 3537 abundantiam,
1780 3487 1854 3522 mare
1871 3471 1907 3523 ad
1921 3470 2116 3540 negotiandtun
2132 3470 2256 3540 eopiosc;

605 3579 711 3648 absque
733 3577 835 3631 invidia
859 3576 949 3630 omnia
973 3575 1142 3629 famulantur
1162 3575 1275 3643 homini,
1299 3577 1387 3646 magis
1411 3584 1502 3629 alitem
1526 3576 1638 3644 imagini
1662 3576 1782 3629 Domini.
1818 3576 1917 3646 Neque
1942 3577 2012 3630 enim
2037 3577 2147 3646 quando
2171 3577 2255 3646 impe-

605 3686 686 3739 riales
710 3685 800 3738 vultus
823 3691 851 3736 et
873 3683 1007 3754 imagines
1031 3682 1057 3735 in
1080 3681 1205 3735 civitates
1228 3682 1434 3736 introducuntur
1457 3690 1484 3735 et
1508 3682 1620 3735 obviant
1642 3683 1746 3736 iudices
1769 3691 1796 3736 et
1819 3682 1916 3752 plebes
1946 3701 2006 3736 eum
2037 3682 2173 3750 laudibus,
2201 3701 2254 3736 nou

606 3793 732 3846 tabulam
755 3791 920 3844 honorantes
947 3807 1038 3859 neque
1070 3789 1172 3843 effusas
1202 3807 1236 3844 ex
1264 3807 1329 3842 aere
1358 3789 1469 3861 figuras,
1498 3790 1545 3842 sed
1568 3788 1684 3858 figuram
1715 3790 1894 3859 imperatoris,
1923 3789 1960 3842 sie
1992 3797 2021 3844 et
2049 3797 2174 3842 ereatura
2201 3807 2255 3842 non
2275 3802 2304 3842 ω

605 3906 742 3952 terrenam
766 3897 885 3967 speciem
908 3898 1034 3961 honorat,
1057 3897 1106 3949 sed
1130 3897 1246 3950 eandem
1270 3897 1356 3966 ipsam
1380 3898 1529 3950 caelestem
1550 3895 1667 3966 figuram
1690 3903 1839 3949 reveretur.

713 3994 796 4057 Item
830 3991 918 4057 beati
949 3993 1104 4056 Iohannis
1129 3992 1352 4078 Chrysostomi
1383 3991 1423 4055 de
1454 3990 1611 4078 parabola
1640 3993 1788 4056 seminis:
1823 3997 2036 4056 Indumentimr⁵
2062 4003 2204 4072 imperiale
2235 4001 2255 4054 si

606 4111 785 4178 iniuriaveris,
808 4127 898 4163 nonne
922 4075 994 4176 esini,
1017 4109 1064 4178 qui
1088 4109 1216 4175 induitur,
1240 4109 1371 4162 iniurias?
1415 4108 1523 4174 Nescis,
1546 4110 1621 4179 quia,
1645 4110 1666 4161 si
1691 4110 1752 4179 quis
1775 4110 1922 4180 imaginem
1946 4110 2116 4179 imperatoris
2139 4109 2257 4174 iniuriat,

606 4220 642 4272 ad
665 4236 727 4272 eum
750 4218 840 4287 ipsum
862 4217 1058 4287 imperatorem
1081 4215 1268 4286 principaliter
1290 4215 1415 4286 dignitati
1440 4215 1497 4268 eius
1521 4216 1611 4269 adfert
1633 4217 1779 4269 iniuriam?
1824 4216 1929 4282 Nescis,
1958 4217 2034 4286 quia,
2062 4217 2083 4269 si
2107 4216 2168 4285 quis
2191 4216 2255 4268 isna-

605 4325 697 4397 ginem
727 4343 762 4378 cs
787 4325 861 4394 ligno
891 4331 939 4377 aut
963 4341 996 4376 ex
1027 4322 1120 4376 colore
1143 4322 1273 4384 detrahit,
1303 4339 1357 4375 nou
1389 4322 1456 4374 sieut
1487 4322 1522 4374 ad
1547 4323 1712 4376 elementum
1737 4323 1794 4376 sine
1819 4324 1909 4375 anirna
1933 4341 2014 4376 ausus
2037 4323 2179 4380 iudicatum.
2208 4322 2256 4375 sed
2276 4334 2305 4374 te

606 4433 674 4487 sicut
698 4433 829 4486 adversus
860 4431 1055 4501 imperatorem
1086 4430 1302 4500 dissegregatam
1333 4429 1478 4499 imaginem
1510 4429 1623 4482 totidem
1654 4429 1824 4498 imperatoris
1853 4438 1965 4498 gestans
1995 4430 2052 4482 eius
2075 4429 2197 4482 iniuriam
2221 4429 2257 4481 ad

606 4540 799 4609 imperatorem
821 4537 953 4592 deducit?

714 4635 826 4699 Sancti
850 4632 964 4696 Basilii
996 4655 1037 4696 ex
1068 4631 1150 4696 libro
1182 4631 1224 4695 ad
1248 4630 1512 4718 Amphilochium
1542 4632 1582 4696 de
1607 4631 1730 4718 Spiritu
1761 4641 1874 4696 sancto
1897 4634 1931 4696 in
1956 4630 2096 4718 capitulo
2120 4634 2256 4718 septimo

606 4743 749 4807 decimo:
775 4744 934 4815 Quoniam⁶
958 4750 1106 4819 imperator
1129 4749 1237 4812 dicitur,
1265 4755 1292 4803 et
1315 4749 1488 4818 imperatoris
1512 4748 1602 4818 imago
1626 4755 1654 4802 ct
1676 4767 1730 4801 non
1754 4749 1808 4802 duo
1832 4749 2018 4819 imperatores.
2064 4750 2163 4819 Neque
2187 4749 2257 4802 enim

713 4945 744 4993 21
766 4958 857 4992 arcam
879 4940 907 4990 P.
972 4942 1005 4990 25
1026 4941 1096 4990 ltem
1110 4966 1142 4973 -
1157 4939 1342 5003 Chrysostomi
1361 4956 1391 4989 es
1408 4947 1469 4988 riola
1486 4939 1622 5004 umrpinali
1640 4939 1667 4988 iri
1687 4948 1754 4989 teuta
1773 4949 1869 5005 recepta
1886 4940 2041 4991 crediderim.
2105 4942 2139 4990 30
2158 4940 2256 4989 effusae

605 5049 685 5082 cerae
705 5033 857 5096 scripturae
877 5030 908 5079 P.
2277 5009 2306 5048 ω

716 5214 744 5281 1)
771 5211 907 5288 Gregorii
922 5210 976 5266 III.
1002 5205 1193 5285 (731-741)
1217 5209 1353 5282 epicedion
1376 5209 1448 5266 aresii
1467 5212 1534 5267 731.
1560 5203 1613 5282 (cs.
1635 5209 1673 5265 K.
1691 5210 1813 5284 Hunqre,
1839 5209 1942 5267 ‘Neues
1957 5210 2072 5267 Archia
2088 5209 2173 5279 XXI,
2190 5205 2257 5284 111)

606 5328 737 5376 suuntur
759 5319 789 5375 iu
813 5317 963 5375 Hadriani
986 5316 1076 5392 epist,
1103 5315 1175 5373 MG.
1198 5316 1276 5391 Epp.
1301 5317 1331 5385 V,
1349 5321 1397 5375 19.
1482 5317 1512 5384 2)
1538 5316 1655 5372 [bidem
1737 5315 1767 5385 3)
1792 5317 1918 5385 Ibidem,
1940 5338 1966 5374 a.
1991 5337 2064 5393 quae
2087 5317 2125 5373 K.
2145 5317 2260 5392 Humpe

608 5424 722 5501 seponit
747 5425 823 5500 Epp.
847 5425 938 5494 1246
960 5443 1030 5480 auu.
1049 5429 1076 5482 6.
1151 5423 1181 5488 4)
1204 5422 1290 5478 Hauc
1313 5425 1400 5478 loeium
1424 5422 1498 5478 lister·
1520 5442 1609 5496 opera
1632 5422 1769 5478 lobannis
1794 5421 1984 5496 Chrysostomi
2005 5444 2062 5480 nou
2084 5423 2186 5492 iuveni,
2210 5424 2264 5480 sed

607 5531 708 5607 legitur
726 5531 755 5587 iu
772 5530 921 5587 Hadriani
940 5530 1029 5606 epist,
1056 5529 1156 5586 Mami
1173 5528 1243 5597 XII,
1261 5532 1351 5588 1068.
1389 5527 1437 5599 (Υ.
1458 5529 1608 5584 Hadriani
1630 5528 1720 5603 epist,
1747 5529 1820 5586 ald.
1842 5530 1918 5604 Epp.
1942 5531 2041 5600 1247.
2111 5530 2142 5598 5)
2165 5529 2261 5598 leid,-

610 5637 710 5694 Manai
724 5636 795 5706 XII,
813 5641 904 5696 1068.
951 5635 985 5693 Iu
1009 5639 1102 5693 altera
1125 5635 1243 5711 epistola
1267 5629 1354 5708 (MG.
1380 5635 1457 5710 app.
1483 5635 1514 5704 V,
1535 5638 1586 5702 17;
1616 5656 1642 5692 v.
1667 5635 1732 5691 ibid.
1751 5656 1785 5711 p.
1804 5632 1874 5712 ull)
1905 5636 1976 5692 idem
2006 5638 2082 5692 lousa
2104 5635 2263 5693 Severiano
2282 5659 2310 5699 ss

609 5741 767 5801 Gabalermi
783 5742 961 5800 adscribitur.
1003 5741 1051 5814 Cf.
1072 5741 1154 5798 Libri
1173 5741 1303 5799 Caroliai
1316 5742 1353 5798 II
1371 5762 1394 5798 c.
1411 5745 1460 5800 19,
1542 5743 1572 5810 6)
1597 5741 1732 5812 Basilica,
1757 5741 1803 5798 De
1821 5742 1930 5817 Spiritu
1947 5751 2045 5799 sancto
2064 5763 2087 5798 c.
2105 5747 2146 5801 18
2162 5734 2187 5819 ἕ
2202 5747 2263 5808 45,-

609 5849 683 5924 (lpp.
708 5851 750 5906 ed.
775 5849 883 5906 Bened.
901 5848 957 5918 III,
975 5854 1025 5908 38.
1063 5847 1111 5921 Os.
1137 5847 1235 5906 concil.
1259 5847 1379 5906 Nicaea.
1405 5852 1468 5908 787
1490 5858 1546 5906 net.
1565 5849 1637 5916 IV.;
1663 5849 1763 5905 linaei
1785 5848 1871 5919 XIII,
1890 5853 1938 5908 69.
