4884 6717
524 507 589 569 580
1008 511 1061 566 46.
1097 508 1315 565 CONCILIUM
1338 508 1538 565 ROMANUII
1562 509 1599 564 A.
1620 506 1694 565 826.

631 698 742 762 XXX.
796 698 858 762 De
898 697 1114 782 negotiis
1156 708 1200 760 et
1245 693 1646 762 laborationibus
1688 694 1763 759 die
1805 694 2047 759 dominico
2089 718 2175 760 non

523 804 745 870 faciendis.
793 802 929 868 Constat
958 804 1045 867 enim
1069 825 1181 866 omues
1205 802 1336 866 omnino
1361 799 1547 882 observare,
1578 814 1614 866 ut
1641 801 1693 866 die
1718 801 1880 866 dominico
1905 800 2010 865 nullas
2034 802 2176 868 audeant

524 913 730 999 operationes
755 911 1035 996 mercationesque
1066 931 1225 996 peragere
1256 919 1386 995 praeter
1416 908 1448 972 in
1474 908 1606 972 cibariis
1630 907 1727 973 rebus
1752 931 1810 994 pro
1834 908 2037 990 iterantibus,
2069 909 2114 972 ita
2141 923 2177 973 ut

525 1018 626 1083 libere
649 1018 775 1105 possint
799 1039 837 1080 ac
861 1015 991 1080 debitae
1016 1017 1048 1080 in
1073 1038 1111 1080 eo
1135 1015 1189 1079 die
1213 1013 1393 1079 secandum
1417 1013 1666 1100 possibilitatem
1696 1037 1808 1078 omnes
1838 1014 1881 1078 ad
1904 1015 2076 1079 ecclesiam
2102 1039 2176 1080 con·

524 1149 655 1190 currere
680 1137 711 1189 et
734 1126 767 1187 in
792 1122 860 1187 sola
884 1124 1112 1210 omnipotentis
1134 1122 1199 1185 Dei
1224 1121 1368 1185 oratione
1393 1143 1521 1202 vacare,
1546 1122 1652 1208 utqui
1670 1119 2030 1186 Christianovocabulo
2053 1145 2208 1191 nuncu-s

524 1243 643 1319 pantur
667 1232 899 1294 convenienter
922 1251 1022 1315 opera
1045 1251 1203 1314 peragere
1228 1226 1410 1291 videantur.

572 1365 679 1421 Forma
703 1364 803 1419 minor.
852 1364 949 1418 XXX.
984 1363 1099 1417 Nullum
1122 1363 1268 1434 negotium
1291 1361 1455 1432 nullumque
1479 1379 1550 1433 opus
1574 1362 1675 1416 servile
1701 1362 1746 1415 die
1771 1362 1908 1418 dominico
1932 1362 1993 1418 fiat.

632 1497 760 1561 XXXI.
797 1497 860 1560 De
897 1493 1241 1560 criminalibus
1277 1495 1439 1558 causis
1475 1493 1701 1558 et·furtis
1733 1496 2013 1582 ceterisque
2046 1497 2177 1560 simi·

525 1603 654 1668 libus
685 1603 759 1666 dic
791 1602 1030 1667 dominico
1061 1602 1260 1665 inventis.
1316 1600 1399 1666 Sunt
1427 1600 1547 1687 quippe
1578 1601 1633 1687 qui
1664 1600 1826 1666 dominico
1851 1602 1914 1685 die,
1945 1604 1978 1667 in
2002 1626 2066 1690 quo
2091 1627 2176 1668 com·

526 1712 624 1774 missa
647 1710 793 1774 facinora
816 1708 938 1773 debent
968 1710 1113 1772 oratione
1144 1706 1344 1792 abstergere,
1375 1707 1440 1771 alia
1470 1706 1672 1772 delectantur
1695 1710 1906 1774 committere.
1953 1710 2067 1797 Itaque
2092 1734 2177 1798 quae
2198 1738 2224 1776 ro

527 1817 599 1881 aliis
623 1815 737 1881 diebus
762 1818 1002 1879 committantur
1024 1815 1155 1879 licentia
1172 1816 1212 1878 sit
1229 1813 1329 1878 iudici
1349 1814 1536 1878 auctorive¹
1561 1836 1598 1877 eo
1623 1814 1676 1877 die
1696 1836 1868 1900 personam
1885 1829 2069 1903 suspectam
2086 1829 2179 1884 reatu

526 1924 716 1987 infamatam
740 1935 796 1987 aut
820 1924 942 2009 optima
966 1922 1177 1987 satisdatione
1201 1933 1257 1986 aut
1281 1920 1437 1985 custodiis
1461 1923 1668 2003 constituere,
1692 1934 1727 1986 ut
1749 1921 1846 1987 licitis
1871 1922 1985 1987 diebus
2005 1923 2177 1990 iudicetur.

573 2056 681 2112 Forma
705 2056 804 2112 rnirror.
852 2056 963 2112 XXXI.
999 2056 1061 2111 Xon
1085 2057 1132 2110 die
1157 2056 1305 2122 dominico,
1329 2055 1380 2110 sed
1405 2056 1451 2109 die
1476 2056 1530 2110 alio
1554 2055 1628 2110 mala
1650 2063 1715 2111 acta
1738 2057 1906 2112 iudicentur.

634 2189 780 2254 XXXII.
827 2190 891 2253 De
926 2189 1020 2271 his,
1056 2190 1133 2276 qui
1173 2190 1277 2252 sine
1316 2189 1600 2252 ostensione
1640 2189 1862 2253 criminis
1901 2192 2050 2255 inviti
2089 2216 2177 2256 mo-

525 2298 745 2361 nasterio
781 2309 888 2360 sunt
922 2293 1208 2360 introducti.
1257 2294 1371 2360 Sicut'2
1404 2295 1488 2358 enim
1520 2296 1574 2381 qui
1606 2297 1802 2360 monasteria
1832 2295 2001 2382 elegerunt
2024 2321 2045 2362 a
2067 2322 2177 2363 mona·
2199 2322 2224 2361 u

527 2405 633 2466 steriis
658 2402 769 2487 egredi
793 2425 858 2466 non
882 2403 1122 2488 permittuntur,
1146 2404 1191 2466 ita
1214 2402 1259 2482 hi,
1284 2403 1339 2488 qui
1363 2403 1456 2465 inviti
1481 2402 1550 2465 sine
1575 2402 1678 2466 iustae
1699 2404 1892 2467 ostensionis
1910 2405 2044 2468 crimine
2067 2428 2177 2470 mona·

527 2510 626 2573 sterio
651 2523 724 2572 sunt
749 2510 933 2586 intromissi,
957 2510 1021 2572 nisi
1044 2508 1189 2573 volentes
1207 2531 1272 2572 non
1294 2520 1474 2589 teneantur,
1500 2510 1577 2593 quia
1592 2508 1679 2594 quod
1703 2533 1766 2573 non
1784 2520 1896 2595 petunt
1912 2533 1976 2574 non
1993 2509 2176 2577 observant.

526 2615 672 2702 Ideoque
703 2614 783 2680 tales
816 2614 1046 2679 considerandi
1076 2627 1151 2679 sunt
1180 2616 1343 2679 maxinme
1375 2627 1510 2701 peccata
1541 2617 1740 2680 committere
1768 2638 1864 2702 quam
1897 2616 2064 2703 plangere,
2095 2619 2180 2683 sieut

527 2722 659 2786 decreto
683 2722 878 2786 sanctissimi
901 2722 1021 2786 Leonis
1044 2727 1172 2808 papae⁸
1193 2721 1455 2792 manifestissime
1480 2723 1670 2786 continetur.

574 2855 682 2912 Formo
706 2855 807 2911 rriiaor.
855 2856 980 2911 XXXII.
1017 2856 1045 2911 Si
1071 2857 1118 2927 qui
1142 2856 1203 2911 sine
1228 2863 1342 2910 ostenso
1365 2855 1479 2910 crimine
1504 2856 1583 2910 inriti
1608 2856 1635 2910 in
1659 2858 1835 2912 monasteriis
1859 2865 1925 2912 sunt
1948 2859 2040 2922 missi,
2069 2860 2178 2914 nonnisi
2198 2873 2225 2912 aa

688 2964 817 3018 volentes
841 2971 1004 3018 tencantur.

526 3118 650 3169 velamen
670 3119 779 3168 obtentu
800 3117 987 3183 religiositatis
1006 3120 1204 3185 susceperint,
1229 3134 1289 3168 eum
1309 3127 1399 3168 essent
1418 3120 1481 3168 viro
1502 3127 1636 3185 potentes,
1661 3119 1790 3186 deinceps
1810 3122 1895 3171 viros
1915 3124 2026 3172 sociare
2045 3139 2100 3173 non
2119 3140 2179 3189 per·

527 3209 675 3270 mittantur,
693 3208 740 3257 sed
755 3207 894 3272 elegentes
911 3211 1083 3257 monasteria
1101 3205 1261 3272 regulariter
1273 3208 1368 3257 vivant
1384 3215 1430 3256 aut
1444 3210 1471 3257 in
1486 3208 1611 3258 domibus
1626 3217 1782 3273 susceptum
1795 3210 1917 3261 habiturn
1931 3218 2007 3262 caste
2021 3212 2179 3272 observent3

527 3303 623 3346 eontra
642 3303 731 3347 autem
751 3303 843 3362 turpes
864 3298 992 3346 inventae
1013 3296 1186 3362 providentia
1200 3297 1323 3362 episcopi
1337 3297 1512 3347 emendentur
1529 3296 1589 3346 aaa.
1611 3297 1664 3358 Va,
1684 3298 1726 3346 abi
1743 3298 1865 3362 repetitur
1882 3299 1958 3348 liuius
1976 3301 2078 3350 canoras
2091 3301 2182 3366 form

1031 3390 1043 3402 n

1056 3423 1062 3434 e

527 3385 625 3435 uberior
643 3383 676 3444 (a.
695 3403 773 3450 supra
788 3403 817 3450 p.
831 3390 883 3434 559
903 3386 919 3435 ἱ.
934 3385 1054 3446 11-11)

635 3492 718 3541 XXX.
749 3496 760 3542 l
782 3492 867 3542 XXX.
895 3487 1142 3554 De-saeiendis]
1170 3493 1206 3540 ita
1226 3492 1279 3541 Vr.
1301 3491 1333 3542 G.
1353 3491 1383 3552 L,
1402 3492 1486 3541 XXX.
1506 3493 1548 3541 De
1566 3518 1598 3525 -
1616 3493 1768 3543 faciendum
1790 3492 1820 3552 F,
1840 3494 1925 3543 XXX.
1944 3495 1976 3544 B.
2050 3498 2066 3546 2
2090 3495 2179 3547 nullas

528 3576 655 3645 arrdeant]
675 3579 765 3630 nullus
784 3581 884 3631 audeat
905 3583 936 3632 G.
950 3580 981 3630 L.
1037 3584 1052 3631 3
1072 3576 1256 3646 operationes]
1276 3583 1383 3647 operari
1403 3581 1427 3630 V
1435 3587 1457 3640 1,
1485 3581 1527 3630 abi
1545 3599 1608 3646 paca
1625 3591 1763 3647 separantur
1782 3584 1839 3632 sive
1858 3584 1975 3647 piscatio
1989 3601 2072 3648 reque
2086 3588 2180 3651 peragi

527 3670 608 3720 deleto
632 3679 698 3728 sarit,
727 3671 777 3720 bico
797 3672 890 3736 peragi
910 3671 1009 3719 sarbara
1028 3679 1118 3735 preter
1132 3670 1244 3734 Jrositura
1262 3679 1304 3720 est.
1390 3671 1623 3735 mercationesquc
1643 3669 1783 3736 peragere]
1804 3680 1894 3737 preter
1914 3673 1958 3722 Vr
1977 3671 2011 3734 (·.
2030 3692 2093 3740 pane
2110 3675 2182 3724 niodo

527 3757 677 3823 manias).
697 3761 862 3809 mercatione
883 3761 940 3808 sive
960 3776 1090 3823 peragere
1110 3758 1141 3808 F.
1214 3767 1306 3825 preter
1326 3760 1379 3810 ΓΙ.
1400 3761 1431 3808 G.
1499 3761 1608 3809 eivariis
1630 3760 1682 3808 l'l.
1753 3777 1801 3825 pro
1821 3758 1992 3826 iterantibus]
2012 3779 2060 3828 pro
2080 3765 2181 3814 intran-

530 3848 601 3897 tibus
618 3846 642 3894 V
647 3854 669 3906 1,
689 3865 737 3913 pro
758 3849 950 3898 itinerantibus
964 3848 996 3908 B,
1015 3848 1105 3898 demat
1117 3847 1149 3897 L.
1214 3853 1230 3898 4
1250 3865 1281 3897 ac
1295 3866 1324 3898 ca
1338 3855 1366 3897 ut
1377 3865 1440 3898 corr.
1462 3849 1514 3898 1'1.
1580 3850 1689 3899 devitas
1701 3867 1731 3899 er
1744 3851 1788 3900 die
1801 3853 1874 3902 vitae
1887 3869 1950 3901 corr.
1972 3852 2024 3908 Vr,
2044 3853 2135 3902 debite
2150 3853 2181 3902 F.
2202 3866 2229 3904 to

530 3937 574 3986 die
593 3936 658 3986 deest
678 3936 710 3986 1.
766 3935 911 3986 aeclesiam
933 3939 964 3987 G.
1029 3932 1202 3999 concurrere]
1225 3954 1332 3988 currere
1354 3937 1384 3986 G.
1450 3940 1636 3988 iurationem
1656 3938 1687 3987 L.
1752 3935 1909 4004 ut]eti'1.
1969 3936 2182 4006 qui]qnia1'r.

530 4033 704 4090 nuncupatur
724 4028 755 4076 G.
829 4029 845 4074 o
865 4042 946 4091 opere
966 4026 997 4076 L.
1071 4027 1230 4076 rideanttnr
1250 4027 1281 4076 G.

2199 3404 2225 3443 25

637 4132 735 4182 XXXI.
764 4135 779 4182 8
799 4133 898 4184 XXXI.
918 4134 959 4182 De
973 4158 1007 4167 -
1021 4129 1151 4196 inventis]
1171 4134 1207 4183 ita
1228 4133 1271 4182 Vr
1285 4129 1338 4194 (ribi
1352 4136 1569 4198 praeclarisque
1589 4134 1679 4198 Lsyitm
1698 4133 1786 4199 qnae).
1802 4135 1829 4184 F
1844 4134 1897 4195 (abi
1912 4138 2057 4201 profantis
2072 4139 2183 4203 posinna

530 4219 681 4282 arsonis).
703 4223 735 4270 G.
757 4221 777 4271 L
797 4221 850 4280 (ribi
869 4224 1039 4287 caeterisque
1057 4223 1178 4287 scr-ipram
1196 4223 1250 4285 est),
1278 4222 1378 4273 XXXI.
1398 4223 1431 4272 B.
1506 4225 1539 4272 10
1557 4219 1724 4287 abstergere]
1743 4226 1879 4274 abstinere
1900 4225 1929 4275 F.
2004 4225 2182 4291 carnrnrittcre]

531 4310 652 4360 commiti
672 4306 703 4359 l..
794 4305 874 4374 quiae]
902 4311 938 4360 ita
958 4315 989 4370 (1¹,
1017 4312 1089 4375 quod
1108 4311 1243 4376 (irrtellipm
1268 4327 1317 4375 pro
1344 4328 1385 4371 eo,
1411 4312 1463 4361 scil.
1482 4312 1613 4372 facinore,
1639 4313 1724 4376 quod)
1748 4313 1801 4363 1'1.
1821 4314 1853 4364 B.
1874 4315 1906 4365 F.
1926 4316 1957 4368 L.
2051 4320 2078 4367 ll
2108 4313 2180 4378 aliis]
2202 4327 2229 4366 st

531 4417 591 4448 rraar
612 4397 712 4448 talibus
730 4407 776 4447 arat
795 4397 857 4456 illis,
876 4399 928 4449 scil.
949 4399 1102 4458 dominicis,
1127 4400 1257 4464 ἱερηιάιιπι
1275 4401 1330 4449 cst?
1411 4402 1616 4450 committuntur
1636 4401 1668 4458 G,
1695 4403 1888 4452 commitentur
1907 4404 1938 4453 L.
2020 4405 2129 4455 licentias
2149 4432 2182 4439 —

532 4482 683 4550 auctorive]
704 4485 809 4536 licearis
828 4487 931 4536 india-lo
951 4490 1109 4537 auctorivae
1130 4489 1183 4548 Vr,
1203 4488 1302 4537 iudicis
1321 4490 1486 4538 auctoritate
1505 4491 1684 4539 terminentur
1704 4491 1735 4550 G,
1757 4490 1838 4540 liceat
1858 4492 1941 4542 iudici
1962 4496 2045 4543 actori
2066 4512 2131 4544 arrae
2150 4494 2182 4544 L.

532 4592 664 4641 personae
687 4576 738 4636 1'1,
758 4567 875 4641 personii
892 4576 923 4628 L.
944 4593 1061 4642 persona
1081 4578 1113 4627 G.
1167 4583 1296 4642 suspectu
1316 4577 1368 4638 VJ,
1388 4585 1516 4641 suspecta
1535 4585 1560 4626 et
1581 4577 1612 4627 G.
1670 4581 1701 4629 12
1721 4580 1851 4631 infamata
1871 4581 1903 4631 G.
1916 4582 1947 4632 L.
2003 4584 2130 4648 optimam
2152 4583 2182 4644 F,

532 4666 650 4729 optimae
671 4665 703 4714 G.
784 4660 975 4728 satisdatione]
994 4666 1030 4714 ita
1049 4665 1081 4715 B.
1101 4665 1133 4726 L,
1161 4668 1227 4716 satis
1247 4666 1419 4717 damnatione
1442 4667 1493 4722 ΓΙ,
1513 4667 1717 4718 satisdationem
1735 4686 1798 4718 corr.
1818 4671 2031 4721 satisfactionem
2052 4672 2084 4724 F.
2104 4674 2182 4722 satis·

533 4756 651 4805 factione
672 4757 703 4803 G.
777 4755 880 4804 iudicet
899 4753 929 4804 F.
949 4780 983 4787 —
1002 4780 1037 4788 -
1058 4757 1090 4804 13
1110 4755 1154 4804 die
1174 4749 1239 4818 alio]
1260 4756 1321 4805 diae
1341 4754 1396 4805 alio
1417 4756 1469 4806 1’3.
1546 4754 1599 4806 alia
1619 4756 1649 4806 Ρ.
2201 4770 2229 4808 to

640 4860 752 4910 XXXII.
787 4863 818 4910 14
838 4861 954 4910 XXXII.
975 4862 1015 4910 lle
1031 4885 1060 4895 -
1076 4856 1233 4925 introducti]
1253 4862 1289 4911 ito
1309 4862 1361 4922 Vr,
1390 4862 1504 4912 XXXII.
1531 4864 1572 4912 De
1599 4863 1648 4922 his,
1675 4865 1721 4928 qui
1747 4867 1805 4913 alne
1832 4873 1939 4916 (ratense
1966 4869 2077 4918 crimine
2104 4870 2181 4919 inriti

535 4951 705 5000 monasteriis
723 4949 770 5010 (ita
790 4948 821 5006 F,
850 4951 1045 5000 monasterium
1067 4951 1098 5010 G,
1127 4952 1294 5000 monasterio
1314 4948 1348 5002 L)
1376 4959 1438 5000 sunt
1464 4953 1608 5002 introducti
1631 4952 1662 5002 F.
1683 4953 1715 5002 G.
1735 4953 1765 5014 L,
1794 4954 1909 5004 XXXII.
1930 4956 1962 5010 B.
1992 4957 2032 5021 Cp
2051 4957 2099 5007 XI.
2119 4958 2149 5007 l!
2161 4964 2182 5007 1.

536 5042 568 5090 15
588 5034 846 5104 qui-elegerunt]
867 5055 997 5088 monacus
1016 5039 1059 5089 vel
1081 5041 1213 5090 monacha
1233 5056 1287 5104 que
1306 5042 1470 5089 monastcrIa
1490 5040 1597 5101 degerit
1615 5041 1647 5090 Μ
1657 5047 1679 5090 1.
1733 5038 1789 5107 qui]
1808 5059 1878 5107 qnae
1898 5044 1928 5093 L.
1989 5048 2183 5097 monasterinm

542 5129 596 5178 1'1.
679 5126 815 5192 eligerunt
835 5128 891 5176 1'1.
977 5129 1140 5178 monasterio
1161 5129 1184 5176 Γ
1194 5134 1217 5177 1.
1302 5131 1334 5177 16
1354 5130 1520 5193 permittitur
1538 5129 1571 5178 l!
1582 5135 1604 5178 1.
1688 5130 1713 5179 hi
1739 5156 1774 5165 -
1800 5128 1870 5195 saint]
1898 5133 1934 5182 hii
1961 5136 2007 5198 qui
2034 5137 2062 5185 in
2088 5152 2181 5186 arona·

533 5218 615 5268 sterio
629 5218 723 5267 inbitis
737 5223 762 5266 et
776 5217 893 5267 iniustae
907 5219 966 5267 sine
980 5219 1137 5267 ostensione
1150 5225 1214 5267 sunt
1235 5216 1288 5267 1⁷1.
1344 5217 1380 5266 liii
1395 5216 1425 5265 L.
1440 5217 1471 5266 l!
1478 5222 1500 5269 1.
1556 5219 1646 5268 invitis
1661 5219 1693 5274 F,
1712 5221 1814 5269 inventi
1828 5221 1861 5269 M
1869 5227 1891 5271 1.
1946 5224 2014 5273 iuste
2029 5226 2060 5273 G.
2075 5223 2105 5274 L.
2120 5226 2153 5275 l!
2160 5231 2182 5275 1.
2202 5235 2230 5273 ts

534 5307 646 5356 crimine
664 5306 731 5355 deest
749 5305 780 5356 L.
862 5308 1035 5357 monasteriis
1055 5305 1085 5366 F,
1112 5307 1179 5356 aaa
1197 5305 1229 5356 L.
1311 5307 1342 5356 Π
1363 5301 1423 5370 nisi]
1443 5309 1470 5356 ni
1490 5307 1521 5357 L.
1603 5311 1635 5356 la
1655 5308 1993 5373 ideoque—continetur
2010 5312 2100 5362 desum
2120 5314 2152 5363 J!
2161 5321 2182 5364 1.

535 5396 649 5444 maxime
669 5393 747 5444 B.F.
762 5397 794 5444 G.
811 5394 842 5450 L,
862 5396 985 5458 intellige:
1006 5398 1101 5459 magis.
1176 5398 1207 5445 19
1228 5397 1313 5445 Leoni
1337 5396 1388 5444 1'1.
1407 5394 1439 5444 L.
1513 5398 1732 5447 manifestissime
1750 5398 1816 5446 deest
1837 5399 1888 5448 1'1.
1908 5425 1943 5434 -
1961 5426 1996 5434 -
2015 5403 2050 5451 ⁴20
2069 5402 2182 5453 xxxu.

532 5483 598 5532 deest
618 5483 670 5537 Η,
743 5478 800 5547 qui]
821 5486 880 5548 quis
901 5484 930 5533 J!
939 5489 963 5534 3.
977 5490 1002 5535 4.
1022 5484 1052 5544 P,
1073 5503 1089 5549 q
1112 5485 1164 5533 Η.
1239 5493 1349 5534 ostenso
1368 5503 1431 5533 rorr.
1450 5486 1484 5534 al.
1504 5503 1571 5534 marr.
1591 5491 1698 5536 ostento
1719 5485 1748 5542 P,
1770 5488 1896 5538 hostenso
1916 5507 1978 5538 corr.
1999 5497 2109 5540 ostenso
2130 5492 2182 5542 1'4.

535 5573 665 5623 criminae
686 5572 740 5622 1'3.
803 5567 982 5634 iniimus.
1049 5574 1213 5623 monasterio
1235 5574 1267 5622 J!
1273 5579 1297 5624 1.
1319 5575 1511 5624 monasterium
1531 5574 1564 5624 Μ
1570 5579 1594 5624 3.
1616 5573 1646 5625 P.
1667 5575 1719 5624 Vr.
1787 5585 1848 5626 suut
1866 5578 1932 5626 <lesu
1951 5573 2015 5629 ,aa
2082 5583 2112 5630 ‘21
2136 5598 2182 5632 vo.

535 5659 620 5711 lenter
639 5659 702 5711 Jls.
716 5667 741 5710 1.
762 5661 784 5708 V
790 5667 814 5718 1,
841 5661 934 5711 rotent
954 5661 984 5711 P.
2203 5681 2231 5722 so

646 5807 673 5874 l)
699 5808 804 5862 Auctor
820 5831 860 5854 τ-
878 5817 966 5863 actor.
1082 5807 1112 5876 2)
1139 5807 1187 5879 Cf.
1213 5815 1273 5864 cll
1299 5807 1330 5864 G.
1349 5815 1389 5867 21)
1412 5831 1457 5885 qn.
1476 5813 1502 5868 1,
1618 5811 1648 5878 3)
1672 5809 1747 5867 Aitna
1772 5813 1814 5866 od
1835 5813 1947 5870 decreto
1971 5814 2075 5870 Leonis
2098 5835 2121 5871 c.
2143 5821 2184 5875 25

534 5913 552 5969 i.
572 5913 603 5983 s.
629 5909 788 5986 (Jaffessa'.
813 5935 841 5969 a.
859 5913 932 5988 544)
956 5916 1110 5982 alludatur,
1136 5915 1293 5971 rliiralicnre
1316 5936 1371 5972 rroa
1395 5916 1493 5973 arreins.
