4884 6717
728 559 780 617 50.
816 560 1035 619 CONCILIUM
1059 559 1286 616 PARISIENSE
1310 562 1347 616 A.
1368 559 1443 616 829.
1847 558 1912 620 669

258 753 348 816 etin
372 751 467 815 scolis
491 749 650 814 habendis
675 759 707 814 et
734 749 913 814 educandis
944 747 1100 812 militibus
1131 757 1264 811 sanctae
1288 747 1353 811 Dei
1389 748 1549 813 ccclesiae
1581 771 1714 835 operam
1750 749 1912 816 daremus.

259 858 332 939 Que
355 880 415 922 nos
439 858 512 922 Deo
536 859 711 921 miserante
735 858 769 921 in
796 854 945 920 omnibus
975 877 1035 941 pro
1064 853 1188 919 viribus
1219 854 1339 918 imitari
1370 866 1403 918 et
1433 877 1589 919 exercerc
1624 856 1666 920 ad
1701 867 1846 922 nostram
1880 869 1914 923 ct

258 966 484 1029 universorum
508 963 644 1028 salutem
676 965 834 1049 cupimus,
865 963 899 1026 in
929 974 1085 1048 quantum
1116 961 1210 1026 nobis
1247 961 1359 1025 divina
1392 961 1524 1025 favente
1560 964 1667 1046 gratia
1700 964 1913 1029 sacerdotalis

258 1070 392 1136 libertas
416 1083 448 1134 et
471 1081 617 1157 optutum
641 1071 741 1133 otium
764 1068 964 1134 adtributum
987 1068 1095 1133 fuerit.
1143 1068 1250 1132 Nam¹
1275 1080 1307 1132 et
1338 1069 1372 1132 in
1403 1070 1530 1133 statutis
1562 1069 1778 1134 conventibus
1807 1073 1912 1158 primo

225 1179 400 1242 somnium
425 1179 497 1264 pari
520 1189 596 1241 voto
620 1178 756 1263 parique
781 1198 942 1241 consensu
965 1176 1181 1256 decrevimus,
1204 1186 1241 1239 ut
1263 1176 1486 1263 unusquisque
1510 1187 1655 1242 nostrum
1670 1179 1704 1241 in
1720 1178 1914 1264 parroechia

258 1308 318 1350 sua
341 1284 435 1348 dictis
460 1296 493 1348 et
516 1283 674 1371 exemplis
698 1282 811 1369 plebes
836 1282 898 1347 sibi
923 1281 1086 1347 subiectas
1110 1282 1152 1347 ad
1176 1282 1311 1346 meliora
1334 1283 1471 1347 incitare
1496 1283 1640 1349 studeret
1663 1307 1795 1371 easque,
1819 1296 1854 1349 ut
1878 1307 1913 1350 sc

259 1390 394 1456 amalis
419 1389 608 1455 cohiberent
632 1403 664 1453 et
686 1389 728 1454 ad
747 1390 857 1454 Deum
882 1412 923 1453 ex
947 1399 1013 1453 toto
1038 1388 1136 1453 corde
1161 1397 1398 1469 converterent,
1423 1388 1560 1454 sollicite
1585 1390 1774 1455 admoneret
1790 1392 1913 1456 Deum·

260 1519 334 1583 que,
358 1519 456 1583 quem
479 1496 647 1583 peccando
672 1496 735 1560 sibi
758 1498 875 1560 iratum
900 1496 1056 1576 fecerant,
1082 1495 1182 1580 digna
1205 1496 1425 1581 paenitentiae
1450 1497 1671 1561 satisfactione
1696 1508 1729 1561 st
1756 1498 1913 1584 elemosy-

259 1626 373 1668 narum
397 1604 568 1689 largitione
592 1601 654 1666 sibi
678 1601 872 1689 placabilem
897 1602 1006 1668 faeere
1030 1613 1216 1687 satagerent
1240 1624 1366 1667 necnon
1392 1613 1424 1665 et
1447 1625 1506 1688 pro
1530 1603 1598 1667 vita
1613 1615 1723 1668 vestra
1739 1606 1914 1690 coniugum

215 1728 242 1767 1⁰
259 1710 423 1797 prolisque
462 1718 590 1774 vestrae
630 1709 849 1774 incolomitate
884 1709 950 1772 Dei
984 1710 1165 1772 inmensam
1205 1707 1462 1773 misericordiam
1497 1710 1626 1773 cernuis
1665 1709 1817 1796 precibus
1856 1712 1913 1775 im·

258 1816 432 1904 plorarent

367 1957 665 2044 (69).Cap.11.
712 1957 776 2020 De
813 1957 1115 2021 diversorum
1147 1957 1373 2022 malorum
1407 1957 1758 2043 patratoribus.
1811 1958 1916 2024 Sunt²

260 2088 337 2130 sane
362 2065 564 2129 diversorum
589 2064 747 2128 malorum
771 2075 961 2150 patratores,
986 2087 1068 2150 quos
1092 2077 1124 2127 ct
1148 2063 1202 2127 lex
1227 2063 1339 2128 divina
1362 2063 1524 2150 improbat
1547 2076 1580 2128 et
1603 2065 1830 2151 condempnat,
1855 2089 1914 2152 pro

260 2195 397 2258 quorum
421 2173 519 2236 etiam
543 2171 682 2235 diversis
707 2169 885 2234 sceleribus
910 2182 941 2234 ct
964 2169 1095 2255 flagitiis
1119 2169 1258 2257 populus
1282 2171 1368 2235 fame
1393 2183 1425 2234 et
1455 2170 1641 2257 pestilentia
1670 2169 1853 2257 flagellatur
1882 2184 1915 2237 et

216 2278 420 2343 aecclesiae
445 2290 547 2343 status
571 2278 752 2342 infirmatur
776 2290 808 2341 et
831 2300 966 2362 regnum
990 2276 1203 2363 periclitatur.
1252 2276 1375 2341 Contra
1401 2300 1482 2364 quos
1512 2300 1582 2360 nos,
1614 2301 1725 2342 eorum
1756 2277 1914 2343 malitiam

261 2396 487 2470 exagerantes,
512 2407 710 2472 quamquam
733 2385 767 2447 in
791 2385 892 2448 sacris
917 2383 1053 2470 eloquiis
1077 2385 1155 2447 satis
1188 2384 1252 2447 sint
1283 2385 1438 2464 execrati,
1474 2407 1532 2447 nos
1566 2386 1789 2449 necessarium
1820 2408 1913 2471 prae·

259 2491 401 2556 vidimus
432 2492 548 2556 iterum
578 2503 689 2556 nostra
720 2490 940 2554 admonitione
972 2501 1004 2553 et
1027 2492 1231 2554 exortatione
1262 2492 1453 2577 praecaveri
1477 2492 1608 2555 omnino
1639 2502 1798 2577 oportere,
1831 2493 1914 2556 sicut

260 2610 336 2662 sunt
365 2598 590 2662 diversarum⁸
619 2596 832 2684 pollutionum
863 2607 1058 2682 patratores,
1089 2620 1170 2683 quas
1200 2621 1275 2661 eum
1309 2597 1461 2662 masculis
1492 2611 1524 2662 ct
1558 2597 1732 2684 pecoribus
1766 2598 1912 2662 nonnulli

261 2704 490 2769 diversissimis
513 2704 619 2769 modis
643 2703 826 2784 admittunt,
851 2726 935 2790 quac
960 2703 1250 2790 incomparabilem
1277 2702 1483 2768 dulcedinem
1515 2705 1652 2790 piissimi
1684 2707 1839 2769 creatoris
1871 2705 1912 2769 ad

215 2836 243 2875 so
261 2811 508 2876 amaritudinem
545 2823 762 2898 provocantes
792 2821 882 2874 tanto
913 2811 1044 2895 gravius
1076 2809 1252 2888 delineunt,
1288 2822 1408 2897 quanto
1440 2823 1554 2875 contra
1583 2823 1731 2876 naturam
1762 2823 1912 2899 peccant.

260 2919 325 2983 Pro
349 2941 413 3005 quo
437 2919 534 2982 ctiam
564 2917 688 2982 scelere
719 2918 794 3003 igne
826 2915 959 2980 caelesti
990 2916 1187 3002 conflagrate
1219 2916 1400 3003 infamique
1436 2918 1526 2984 hiatu
1560 2919 1704 3004 quinque
1739 2918 1912 3006 absorptae
1931 2933 2055 3028 diffie·

261 3037 335 3090 sunt
359 3026 507 3090 civitates
531 3047 659 3088 necnon
682 3036 714 3088 et
738 3024 954 3110 quadraginta
978 3035 1009 3088 et
1033 3047 1070 3086 eo
1095 3022 1233 3109 amplius
1256 3023 1346 3088 milia
1369 3025 1478 3111 stirpis
1501 3025 1734 3090 Beniamineac
1758 3048 1912 3090 mucrone
1932 3017 2038 3137 {plp'p'u

261 3133 404 3197 fraterno
436 3132 586 3196 confossa
616 3141 699 3195 sunt.
753 3131 845 3194 Haec
877 3153 973 3216 porro
1004 3129 1125 3194 iudicia
1156 3143 1189 3194 et
1223 3130 1391 3195 evidentes
1421 3131 1566 3195 vindicte
1601 3130 1778 3214 declarant,
1814 3155 1914 3219 qnam
1960 3124 1966 3146 '
2017 3107 2054 3144 (Μ’

261 3238 452 3303 detestabile
477 3248 509 3301 et
533 3235 718 3302 execrabile
743 3236 831 3323 apud
855 3236 999 3301 divinam
1023 3238 1226 3301 maiestatem
1257 3238 1318 3301 hoc
1343 3239 1458 3302 vitium
1488 3249 1587 3302 extet.
1633 3238 1758 3303 Extant
1788 3251 1821 3303 et
1850 3238 1914 3303 alia

215 3369 243 3409 as
261 3346 530 3432 pernitiosissima
553 3343 649 3424 mala,
674 3367 757 3430 quac
783 3367 825 3408 ex
849 3345 912 3407 ritu
937 3343 1104 3428 gentilium
1128 3345 1324 3408 remansisse
1347 3367 1414 3408 non
1438 3344 1572 3410 dubium
1597 3357 1656 3428 est,
1672 3357 1708 3410 ut
1724 3357 1798 3410 sunt
1814 3347 1912 3431 magi,

261 3452 364 3533 arioli,
389 3451 543 3537 sortilegi,
567 3450 717 3532 venefici,
741 3450 855 3532 divini,
880 3451 1108 3530 incantatores,
1133 3451 1366 3515 somniatorum
1389 3452 1601 3534 coniectores,
1625 3474 1707 3538 quos
1731 3452 1843 3516 divina
1858 3452 1913 3516 lex

261 3557 547 3624 inretractabiliter
569 3558 677 3644 puniri
701 3556 801 3640 iubet,
827 3557 867 3621 dc
892 3556 1010 3643 quibus
1034 3558 1067 3620 in
1090 3556 1162 3642 lege
1193 3556 1330 3621 dicitur:
1361 3559 1492 3638 Animo,
1524 3585 1604 3644 quoe
1635 3559 1842 3624 decliner-erit
1870 3559 1916 3623 nd
1932 3580 2092 3631 mana-a.

260 3692 368 3753 magos
391 3682 419 3731 et
440 3667 561 3730 ariolos
584 3681 612 3729 et
627 3667 795 3753 fornicata
813 3667 923 3753 fuerit
945 3690 1013 3729 cum
1038 3667 1093 3744 eia,
1111 3689 1231 3750 ponam
1249 3666 1376 3751 faciem
1400 3691 1499 3730 meam
1523 3680 1630 3730 contra
1663 3691 1730 3730 euin
1762 3681 1790 3730 et
1820 3668 1913 3730 inter·

253 3777 368 3862 ficiam
392 3774 484 3838 illum
508 3772 546 3837 de
570 3772 672 3836 medio
690 3773 811 3858 pepedi
831 3775 891 3836 arri.
939 3770 1197 3858 Sanctificanrim'
1217 3786 1246 3835 ct
1267 3786 1357 3835 estote
1379 3775 1491 3852 suncti,
1520 3774 1597 3858 quaa
1621 3797 1674 3858 epo
1696 3786 1822 3838 sanetus
1844 3798 1913 3837 arim

216 3881 408 3945 rodominus
438 3880 526 3944 Deus
558 3894 662 3944 resoer.
721 3878 879 3943 Custodr'tc
904 3892 1077 3964 praecepta
1112 3903 1179 3942 meu
1210 3893 1238 3942 et
1253 3879 1361 3965 facite
1385 3903 1436 3958 ea,
1468 3881 1544 3965 qiua
1575 3903 1629 3965 epo
1659 3879 1827 3959 Dorulaus,
1857 3881 1917 3965 qui

260 3989 422 4074 sanctifico
456 4011 527 4066 ros,
562 3995 594 4048 et
629 3983 726 4048 alibi:
762 3984 875 4070 Magos
909 3999 937 4048 et
970 3985 1091 4048 ariolos
1125 4000 1152 4048 et
1184 3986 1344 4072 malefims
1378 3999 1479 4049 terrae
1518 3988 1622 4050 rr’cere
1656 4011 1693 4050 ne
1726 3988 1911 4072 potiamini.
1932 3988 2042 4094 ‘'ggfgl

261 4090 408 4157 Dubium
431 4092 550 4156 etenim
575 4103 722 4170 nonest,
747 4092 831 4154 sicut
853 4089 962 4154 multis
987 4101 1036 4154 est
1059 4100 1181 4170 notum,
1212 4090 1345 4177 quoda
1373 4088 1567 4177 quibusdam
1598 4091 1782 4177 praestigiis
1814 4102 1912 4178 atque

262 4198 431 4264 diabolicis
455 4197 670 4262 inlusionibus
701 4198 746 4261 ita
775 4207 899 4261 mentes
930 4195 1135 4284 quorundam
1165 4197 1352 4261 inficiantur
1382 4196 1507 4283 poculis
1539 4197 1714 4278 amatoriis,
1746 4196 1828 4261 cibis
1858 4196 1912 4262 vel

261 4305 437 4388 filacteriis,
462 4315 496 4368 ut
520 4306 552 4368 in
576 4305 737 4368 insaniam
760 4304 848 4367 versi
872 4326 892 4366 a
915 4302 1079 4389 plerisque
1104 4301 1297 4382 iudicentur,
1322 4302 1399 4367 dnm
1423 4304 1572 4389 proprias
1596 4326 1660 4367 non
1678 4304 1820 4367 sentiunt
1837 4326 1912 4369 con·

216 4411 420 4482 ¹astumelias.
467 4411 591 4475 Ferunt
614 4412 700 4474 enim
726 4410 791 4474 suis
815 4409 984 4474 maleficiis
1008 4432 1086 4473 aera
1116 4432 1210 4495 posse
1242 4408 1438 4473 conturbare
1469 4421 1502 4473 et
1532 4409 1708 4495 grandines
1739 4411 1912 4493 inmittere,

261 4519 371 4583 futura
399 4517 601 4604 praedicere,
631 4517 755 4581 fructus
786 4528 818 4580 et
847 4515 897 4580 lac
927 4516 1055 4579 auferre
1086 4515 1222 4602 aliisque
1254 4515 1332 4579 dare
1363 4529 1395 4580 et
1429 4517 1600 4581 innumera
1634 4539 1654 4579 a
1688 4514 1807 4580 talibus
1841 4516 1911 4582 fieri

261 4625 422 4690 dicuntur.
470 4625 535 4705 Qui
558 4635 594 4688 ut
616 4624 737 4688 fuerint
760 4621 944 4687 huiusmodi
968 4624 1125 4709 cunperti,
1149 4624 1211 4687 viri
1235 4645 1293 4686 seu
1316 4622 1447 4704 femine,
1471 4623 1505 4686 in
1528 4633 1653 4687 tantum
1677 4622 1850 4709 disciplina
1880 4635 1913 4689 et

261 4733 374 4818 rigore
397 4732 554 4818 principis
578 4731 686 4795 acrius
711 4727 896 4814 corrigendi
920 4741 1005 4810 sunt,
1029 4730 1063 4792 in
1087 4741 1241 4815 quantum
1266 4729 1469 4793 manifestius
1493 4752 1575 4793 ausu
1598 4728 1740 4794 nefando
1765 4741 1798 4795 ct
1812 4741 1912 4795 teme·

260 4840 346 4904 rario
370 4839 492 4903 servire
517 4836 646 4902 diabolo
671 4859 736 4900 nou
759 4845 916 4900 metuunt.
955 4835 1008 4899 De
1032 4834 1082 4899 his
1106 4858 1234 4922 quoque
1259 4836 1293 4899 in
1309 4835 1447 4899 concilio
1463 4836 1656 4900 Aneiritano
1672 4835 1764 4901 titulo
1781 4836 1911 4901 XXIII.

215 4974 244 5014 ιο
260 4947 307 5010 ita
330 4947 486 5031 scriptum
510 4955 575 5008 est:
600 4949 675 5018 Qni⁴
699 4952 882 5006 diuinationes
906 4959 1039 5022 expetimt
1062 4959 1089 5006 et
1111 4969 1187 5004 more
1210 4952 1354 5020 gentilium
1385 4951 1564 5007 subsecuntur
1591 4961 1639 5006 aut
1668 4953 1697 5006 in
1726 4953 1821 5007 domes
1850 4970 1914 5007 suas

260 5060 447 5117 huiuscemodi
469 5061 593 5114 homines
615 5060 789 5114 introducunt
813 5058 972 5129 exquirendi
996 5058 1101 5129 aliquid
1132 5067 1191 5112 arte
1221 5057 1349 5113 malefica
1376 5067 1425 5113 aut
1454 5059 1584 5129 expiandi
1614 5077 1708 5124 eausa,
1738 5059 1787 5113 suh
1816 5060 1913 5130 regula

368 5271 391 5320 Ι.
420 5270 639 5335 8poeniteutiae
659 5268 685 5317 l'.
761 5269 793 5317 10
811 5265 950 5332 prolisque
970 5266 997 5315 V.
1071 5261 1188 5329 cernuis]
1207 5265 1235 5315 id
1252 5274 1289 5316 cat
1305 5265 1440 5317 humilibus
1448 5285 1456 5328 ,·
1473 5285 1497 5318 a.
1517 5267 1637 5332 lhrcnnpc
1655 5285 1675 5316 a.
1694 5285 1716 5318 a.

368 5359 405 5409 11.
435 5361 467 5409 12
487 5359 553 5423 (lap.
574 5358 613 5406 ll.
631 5357 721 5406 deam
739 5355 770 5406 P.
841 5357 873 5406 16
893 5363 1071 5420 exagerantes
1091 5354 1122 5404 Ρ.
1189 5361 1318 5406 execrata
1337 5355 1364 5406 Γ.
1384 5354 1416 5405 Ρ.
1486 5359 1517 5406 18
1537 5355 1651 5407 maculis
1671 5355 1702 5406 P.
1773 5357 1807 5407 20
1827 5354 1912 5407 delin-

259 5455 329 5514 qnnt
347 5448 374 5498 V.
395 5447 425 5497 P.
489 5450 519 5498 ‘21
543 5448 653 5496 absorte
673 5446 792 5495 civitatis
812 5445 839 5494 Γ.
905 5446 938 5495 23
958 5444 1093 5494 fraternae
1114 5444 1141 5492 Γ.
1201 5446 1235 5494 25
1255 5460 1309 5494 neu
1328 5439 1450 5509 dubium]
1470 5446 1581 5496 dubium
1601 5461 1655 5497 non
1675 5445 1706 5496 P.
1768 5447 1802 5496 26
1822 5440 1912 5509 arioli]

214 5536 357 5592 taberioli
376 5535 407 5587 P.
479 5539 511 5586 31
533 5534 652 5586 hariolos
672 5534 703 5583 P.
776 5537 810 5585 33
830 5534 952 5585 inliciant
971 5533 998 5582 Γ.
1019 5533 1050 5583 Ρ,
1123 5535 1156 5582 39
1176 5534 1346 5597 Ancyritano
1366 5533 1397 5584 P.

370 5717 399 5786 l)
426 5716 475 5788 Cf.
498 5716 599 5773 relutio
623 5716 814 5791 episcoporum
839 5734 861 5770 c.
879 5717 937 5782 20;
961 5716 979 5770 l.
997 5716 1015 5770 l.
1040 5714 1080 5782 II,
1098 5717 1146 5771 35.
1240 5714 1271 5785 2)
1298 5713 1347 5785 Cf.
1371 5714 1436 5771 ibid.
1462 5735 1485 5771 c.
1502 5719 1541 5774 54
1558 5715 1650 5784 med.;
1673 5716 1691 5770 l.
1717 5716 1735 5771 l.
1760 5714 1801 5786 H,
1817 5718 1911 5792 ddaq.

261 5825 293 5895 3)
323 5825 356 5881 V.
386 5843 476 5899 supro
499 5822 544 5878 lio.
562 5822 582 5878 I
600 5843 623 5878 r.
641 5826 680 5880 34
704 5815 746 5896 (p
772 5824 831 5880 634
847 5817 914 5896 aq),
939 5822 1013 5878 unde
1037 5823 1173 5878 rarrnnullu
1197 5822 1331 5878 hocloco
1355 5830 1527 5896 repetuntur.
1631 5821 1662 5890 l)
1689 5819 1794 5880 Concil.
1819 5821 1912 5896 Ancy-

259 5951 363 5989 ranum
388 5950 411 5986 c.
427 5932 486 5998 235
511 5927 611 5984 dlunsi
632 5927 762 5997 11,527.
