4884 6717
541 478 606 541 842
631 484 845 540 APPENDIX.
870 482 902 538 9.
919 480 1026 538 ACTA
1042 481 1184 538 SPURIA
1201 483 1257 538 ΑΙ)
1274 481 1495 540 CONCILIUM
1511 481 1793 539 CARISIACENSE
1810 482 2057 539 SPECTANTIA
2072 485 2109 539 A.
2124 481 2199 539 838.

537 668 693 735 videlicet
716 670 933 757 antiquorum,
957 668 1139 756 loquamur,
1163 669 1248 733 sicut
1271 665 1314 733 ab
1337 668 1400 733 illis
1424 693 1489 735 non
1513 669 1615 734 semel
1638 681 1695 734 ant
1718 668 1768 734 bis
1791 669 1845 734 vel
1868 681 1927 750 ter,
1957 668 2015 734 sed
2038 691 2198 756 persaepe

537 777 700 842 firmatum
725 786 757 841 et
781 775 950 840 definitum
974 796 1046 839 esse
1069 773 1219 860 legimus,
1244 773 1433 842 deoneratio
1465 788 1498 841 et
1528 775 1696 863 despectio
1725 778 1889 841 seniorum
1914 787 1947 841 et
1971 777 2198 862 magistrorum

538 894 571 949 et
594 883 801 948 contumacia
824 903 937 946 eorum
961 879 1158 947 contumelia
1181 893 1231 945 est
1255 880 1459 947 subditorum
1484 894 1517 947 et
1532 885 1694 948 iuniorum
1711 896 1743 947 et
1759 883 1863 948 honor
1878 893 1911 947 et
1927 882 2084 947 exaltatio
2100 894 2199 969 atque

536 989 760 1055 benivolentia
783 999 817 1054 et
840 986 1049 1054 oboedientia
1073 987 1237 1052 seniorum
1262 1000 1295 1052 et
1317 990 1544 1074 magistrorum
1569 989 1673 1054 honor
1696 1001 1729 1053 et
1752 988 1914 1054 exultacio
1931 1001 1980 1053 est
1996 987 2200 1053 subditorum

537 1108 570 1162 et
593 1098 765 1178 iuniorum,
791 1097 869 1183 quia
892 1106 925 1160 et
947 1094 994 1160 illi
1018 1093 1061 1160 ab
1084 1095 1154 1158 istis
1178 1105 1211 1158 et
1233 1095 1287 1159 isti
1312 1094 1354 1160 ab
1378 1096 1440 1160 illis
1464 1106 1576 1161 mutuo
1600 1096 1753 1160 foventur
1776 1107 1809 1159 et
1832 1095 2019 1160 exaltantur
2042 1095 2232 1160 ethonore

538 1205 632 1290 regni
655 1213 688 1267 et
710 1202 904 1290 populorum
929 1201 1104 1289 ampliatur
1132 1211 1164 1265 et
1186 1203 1237 1266 vis
1261 1214 1359 1289 atque
1391 1203 1522 1268 iusticia
1545 1225 1657 1267 eorum
1689 1203 1807 1267 crescit
1837 1213 1870 1266 et
1892 1201 2032 1289 populus
2055 1201 2201 1266 salvatur

538 1322 572 1375 et
595 1309 768 1375 exaltatur.
816 1308 850 1374 Si
876 1310 949 1396 quis
973 1319 1081 1374 autern
1106 1319 1220 1373 contra
1250 1308 1332 1373 haec
1363 1310 1446 1374 inire
1477 1322 1532 1375 aut
1556 1308 1667 1397 aliqua
1690 1309 1930 1373 machinatione
1954 1308 2078 1395 aliquid
2101 1329 2200 1394 agere

537 1418 809 1504 praesumpserit,
846 1415 1019 1481 damnatus
1054 1415 1087 1478 in
1123 1413 1273 1479 omnibus
1306 1427 1339 1480 et
1371 1416 1413 1481 ab
1447 1415 1598 1481 omnibus
1629 1417 1765 1480 interius
1797 1417 2007 1501 exteriusque
2039 1416 2201 1479 sententia

537 1523 669 1590 ultionis
699 1525 845 1606 feriatur,
876 1546 918 1588 ne
949 1524 982 1588 in
1013 1534 1179 1610 posterum
1210 1524 1381 1610 quisquam
1412 1521 1492 1587 talia
1515 1544 1615 1609 agere
1645 1511 1834 1610 praesumat
1857 1535 1899 1604 et,
1931 1523 1957 1586 si
1989 1523 2062 1608 quis
2089 1521 2199 1586 facere

538 1632 757 1718 temptaverit,
782 1630 932 1696 similiter
955 1629 1150 1716 dampnetur
1173 1641 1206 1694 et
1231 1629 1363 1695 ultionis
1387 1631 1581 1694 seutentiam
1604 1651 1669 1694 non
1694 1628 1823 1693 evadat.
2220 1650 2247 1689 ιο

644 1738 728 1803 Item
751 1738 838 1803 uude
863 1759 972 1824 supra,
997 1738 1024 1800 si
1048 1736 1122 1823 quis
1145 1736 1187 1800 ad
1211 1736 1367 1822 placitum
1392 1737 1505 1800 venire
1533 1735 1711 1801 distulerit:
1744 1735 1801 1799 Si¹
1826 1736 1899 1821 quis
1931 1733 2200 1820 subterfugiendo

538 1845 694 1932 placitum
718 1844 781 1909 huc
811 1844 952 1932 illucque
976 1843 1068 1907 vadit
1092 1854 1125 1906 et
1147 1842 1190 1907 ad
1213 1843 1369 1930 placitum
1393 1845 1506 1907 venire
1532 1842 1693 1908 distulerit
1723 1854 1756 1907 et
1778 1844 1931 1912 maxime.
1963 1844 1991 1905 si
2021 1854 2158 1905 vocatus
2181 1864 2201 1904 a

538 1950 701 2017 iudicibus
725 1951 833 2032 fuerit,
858 1949 1052 2015 omnimodis
1076 1949 1317 2036 providendum
1340 1961 1399 2028 est,
1423 1972 1465 2013 ne
1489 1972 1630 2036 querens
1653 1971 1746 2013 suam
1770 1949 1925 2013 iustitiam
1949 1971 2008 2034 pro
2032 1946 2089 2011 tali
2106 1969 2198 2011 occa·

538 2060 629 2124 sione
653 2057 779 2145 perdat,
804 2057 861 2122 sed
886 2059 980 2145 quasi
1004 2057 1175 2122 convictus
1198 2055 1264 2139 ille,
1289 2058 1343 2144 qui
1369 2056 1412 2120 ad
1435 2055 1590 2142 placitum
1606 2057 1718 2119 venire
1736 2054 1906 2135 distulerit,
1931 2055 2008 2118 item
2025 2052 2197 2140 culpabilis

538 2177 571 2231 et
594 2167 765 2231 convictus
796 2165 836 2229 de
868 2188 928 2230 sua
957 2163 1107 2228 absentia
1136 2163 1300 2228 iudicetur
1330 2177 1363 2227 et
1393 2163 1549 2249 deinceps
1579 2162 1640 2226 hoc
1674 2183 1869 2248 recuperare
1900 2183 1965 2225 non
1988 2160 2107 2242 valeat,
2138 2161 2197 2224 sed
2216 2183 2241 2223 re

538 2274 643 2359 magis
666 2272 827 2337 metallis²
851 2283 883 2336 et
906 2271 978 2336 aliis
1001 2272 1115 2357 poenis
1139 2270 1323 2357 deputetur,
1355 2293 1396 2334 ne
1425 2269 1564 2356 amplius
1588 2270 1760 2356 quisquam
1785 2268 1864 2332 talia
1886 2290 1985 2352 agere
2008 2277 2198 2354 praesumat

537 2391 571 2445 et
593 2379 646 2444 ille
671 2379 796 2445 desua
819 2378 964 2443 versutia
995 2390 1027 2442 ct
1056 2377 1205 2442 absentia
1236 2378 1355 2442 vicisse
1388 2400 1453 2441 non
1484 2377 1627 2441 lucretur
1657 2397 1763 2461 neque
1795 2373 2031 2460 subterfugisse
2055 2374 2198 2459 gaudeat

536 2509 645 2574 neque
671 2535 678 2550 .
704 2536 711 2550 .
738 2535 745 2550 .
770 2509 862 2550 suam
886 2485 1042 2549 iustitiam
1065 2484 1191 2571 perdat.
1238 2483 1327 2548 Data
1350 2484 1460 2547 Vllll.
1485 2482 1560 2546 Kal.
1584 2482 1675 2546 Maii.

646 2593 718 2658 ‘His
750 2605 782 2657 et
811 2591 883 2656 aliis
912 2589 1159 2656 auctoritatibus
1190 2601 1376 2655 sauctorum
1407 2603 1536 2676 patrum
1560 2602 1593 2653 et
1616 2611 1778 2653 canonum
1801 2601 1899 2675 atque
1923 2587 2033 2674 legum
2055 2589 2196 2652 rationa-

538 2700 647 2766 biliter
681 2700 831 2764 instructi
865 2697 1083 2763 indicavimus
1113 2711 1146 2762 et
1175 2699 1292 2762 iterum
1322 2697 1515 2777 iudicamus,
1546 2707 1581 2761 ut
1603 2694 1738 2760 Aldrico
1763 2694 1929 2781 sepedicto
1954 2695 2108 2781 episcopo
2132 2696 2196 2758 iam
2215 2716 2244 2755 so

539 2808 626 2873 dicte
649 2830 713 2890 res,
737 2807 794 2893 qui
818 2827 948 2891 semper
969 2804 1109 2892 pleniter
1131 2806 1308 2869 instructus
1324 2826 1460 2890 presens
1475 2803 1581 2868 adfuit
1604 2815 1636 2867 et
1659 2824 1836 2888 numquam
1860 2801 2011 2866 adanam
2035 2803 2196 2865 iusticiam

538 2913 816 3001 comprobandam
833 2911 946 2994 defuit,
970 2922 1080 2975 vestra
1096 2913 1290 2975 auctoritate
1305 2923 1480 2997 vestroque
1504 2909 1625 2975 iudicio
1641 2909 1829 2973 reddantur.
1870 2909 1912 2972 Et
1928 2910 1955 2972 si
1971 2907 2045 2972 talis
2061 2908 2197 2972 firmitas

538 3044 582 3086 ex
612 3020 674 3086 hoc
708 3020 797 3084 facta
828 3020 879 3099 sit,
909 3039 973 3105 que
1003 3019 1037 3082 in
1068 3028 1236 3104 posterum
1259 3028 1426 3104 appareat,
1450 3038 1616 3102 nunquam
1641 3015 1797 3101 deinceps
1821 3014 1862 3078 de
1887 3014 1948 3078 hoc
1971 3016 2005 3078 in
2028 3014 2198 3101 praedicta

539 3127 682 3193 ecclesia
704 3125 767 3191 sibi
791 3126 966 3191 commissa
989 3124 1121 3211 aliquod
1139 3124 1317 3210 dampnum
1340 3137 1397 3187 aut
1413 3123 1602 3187 scandalum
1619 3135 1674 3186 aut
1690 3122 1788 3186 ullam
1804 3124 2026 3186 causationem
2044 3122 2196 3207 patiatur,

537 3246 583 3317 ut,
608 3235 634 3299 si
656 3233 784 3320 aliquis,
810 3232 898 3319 quod
916 3254 982 3296 non
1002 3230 1174 3308 credimus,
1199 3253 1242 3295 ex
1259 3230 1321 3294 hoc
1339 3230 1494 3316 deinceps
1510 3230 1653 3317 aliquam
1669 3228 1886 3315 pulsationem
1903 3239 1959 3293 aut
1975 3230 2197 3293 causationem
2215 3248 2243 3287 ss

539 3342 571 3405 ei
594 3341 704 3405 facere
728 3339 868 3404 volucrit
891 3348 948 3403 aut
971 3339 1037 3402 suis
1065 3336 1320 3418 successoribus,
1352 3337 1542 3401 evindicare
1572 3360 1638 3400 non
1661 3336 1769 3400 valeat
1799 3359 1860 3399 uec
1884 3337 1953 3400 eius
1977 3357 2043 3399 vox
2067 3337 2197 3421 penitus

538 3447 698 3527 audiatur,
723 3447 780 3532 qui
802 3445 865 3510 hoc
882 3445 991 3509 facere
1007 3445 1225 3531 temptaverit,
1250 3443 1308 3508 sed
1325 3443 1385 3508 hoc
1409 3443 1577 3524 iudicium,
1601 3441 1801 3529 quodmodo
1818 3444 1934 3527 agitur,
1959 3452 2064 3505 ratum
2081 3442 2197 3506 futuris

538 3563 669 3619 maneat
691 3550 891 3639 temporibus
916 3563 949 3616 et
971 3563 1081 3616 vestra
1103 3550 1244 3615 redditio
1268 3551 1362 3614 tirma
1385 3562 1417 3614 et
1440 3549 1566 3614 stabilis
1589 3563 1789 3636 permaneat.
1829 3549 1890 3612 His
1914 3547 2022 3612 taliter
2044 3549 2196 3634 peractis,

537 3661 601 3726 hoc
624 3659 826 3725 dimisimus’.

647 3767 740 3831 Tunc
764 3766 902 3831 domnus
926 3767 1103 3851 imperator
1126 3786 1236 3828 coram
1260 3764 1322 3828 illis
1346 3762 1489 3828 reddidit
1509 3762 1643 3827 Aldn'co
1668 3763 1814 3848 praefixo
1838 3763 1993 3848 episcopo
2009 3784 2068 3848 per
2085 3783 2196 3825 eorum
2216 3789 2243 3827 ao

538 3873 697 3939 iudicium
726 3873 825 3959 plena
854 3873 1046 3937 auctoritate
1082 3872 1312 3935 monasterium
1336 3870 1502 3950 Anisolac,
1530 3871 1563 3934 in
1588 3892 1652 3955 quo
1677 3868 1814 3933 domnus
1838 3868 2037 3955 Karilephus
2061 3890 2196 3955 corpore

538 3980 725 4067 requiescit,
741 3978 784 4044 ad
800 3980 851 4044 ius
868 3978 1131 4044 Oenomannieae
1148 3979 1260 4042 matris
1280 3977 1450 4052 ecclesiae,
1468 3978 1521 4040 cui
1533 3976 1698 4063 praefatus
1715 3977 1887 4062 episcopus
1903 3988 2064 4062 praeerat,
2080 3976 2197 4039 futuris

538 4085 740 4174 temporibus
771 4084 1004 4172 possidendum
1038 4097 1071 4149 et
1100 4086 1215 4149 missos
1247 4086 1277 4148 ei
1302 4083 1402 4164 dedit,
1433 4085 1490 4169 qui
1517 4085 1548 4147 ei
1571 4083 1647 4147 inde
1672 4082 1802 4169 plenam
1827 4082 2016 4146 vestituram
2040 4082 2195 4160 facerent,

538 4194 718 4259 Fuleonem
742 4192 869 4257 scilicet
891 4193 1043 4258 comitem
1067 4191 1202 4278 palatii³
1231 4205 1263 4254 et
1285 4190 1470 4255 Arduinum
1501 4202 1533 4254 et
1557 4189 1754 4254 Gunfridum
1786 4190 1920 4253 comites
1944 4201 1977 4253 et
2000 4188 2196 4253 Folcradum

538 4324 670 4366 vassum
703 4301 913 4380 dominicum,
944 4301 999 4386 qui
1024 4314 1148 4385 postea,
1180 4300 1264 4362 sicut
1288 4298 1425 4362 domnus
1449 4299 1625 4383 imperator
1648 4298 1695 4360 eis
1719 4298 1823 4376 iussit,
1847 4296 1976 4381 plenam
2002 4310 2034 4359 et
2057 4295 2194 4380 legalem
2215 4322 2242 4359 aa

538 4515 737 4601 Karilephus
768 4512 979 4600 corporaliter
1013 4513 1199 4598 requiescit,
1231 4526 1263 4574 et
1293 4533 1352 4597 per
1376 4523 1485 4597 portas
1516 4511 1618 4596 ipsius
1640 4511 1829 4574 monasterii
1861 4511 1924 4572 iam
1949 4509 2037 4572 dicto
2060 4508 2194 4572 Aldrico

538 4624 693 4708 episeopo
717 4621 826 4685 multis
850 4642 960 4685 coram
984 4618 1122 4683 testibus
1145 4620 1178 4682 in
1203 4620 1274 4704 ipso
1299 4619 1494 4681 monasterio
1519 4616 1739 4702 sollempniter
1763 4617 1920 4680 feceruut.
1969 4615 2064 4679 Ηοοὀ
2087 4626 2195 4678 autem

647 4881 680 4928 10
707 4871 817 4938 evadat]
838 4875 952 4940 effugiat
970 4874 1029 4925 Bal.
1105 4875 1137 4922 18
1163 4888 1254 4936 neque
1281 4909 1287 4920 .
1308 4909 1313 4920 .
1334 4908 1340 4920 .
1367 4865 1452 4934 stram]
1477 4871 1595 4920 mutuam
1618 4870 1644 4920 iu
1669 4888 1683 4920 c
1706 4870 1820 4920 indicunt
1844 4869 1900 4919 edd.
1922 4869 2028 4920 Charta
2048 4877 2073 4918 et
2093 4867 2196 4934 Proper.

538 4971 573 5020 20
591 4967 774 5018 iudicavimus
794 4960 847 5028 ctu]
866 4981 888 5014 v.
907 4981 986 5028 stupra
1000 4981 1029 5027 p.
1043 4967 1095 5012 838
1114 4962 1131 5011 l.
1146 4966 1187 5022 15,
1205 4978 1233 5026 p.
1246 4965 1298 5010 839
1318 4961 1333 5010 t
1349 4965 1441 5025 tasqq.
1515 4963 1548 5010 23
1570 4961 1684 5025 posteris
1703 4977 1724 5009 c.
1801 4961 1834 5009 24
1854 4954 1917 5022 sibi]
1938 4960 2045 5023 sibique
2064 4976 2084 5008 c.
2215 4971 2245 5008 so

650 5203 679 5272 l)
709 5201 740 5258 V.
760 5221 793 5276 p.
811 5200 869 5259 841
893 5218 963 5254 aren.
980 5200 1008 5256 5.
1125 5196 1154 5266 2)
1185 5196 1241 5251 Vir
1271 5204 1344 5251 reete
1368 5204 1458 5250 correct
1483 5195 1595 5250 Heenel
1624 5196 1656 5256 (l.
1681 5195 1700 5250 l.
1719 5214 1753 5268 p.
1771 5197 1834 5252 tea
1857 5213 1925 5249 arun.
1950 5192 1971 5264 i)
1997 5192 2130 5265 solaerio
2153 5192 2198 5248 tic

539 5310 602 5368 rraui
617 5308 714 5382 Jiriaae
738 5307 772 5363 L.
796 5305 880 5362 Boni.
904 5305 959 5361 Via.
984 5303 1067 5360 Paul.
1090 5311 1159 5358 seret.
1184 5302 1215 5371 V,
1233 5306 1284 5370 27,
1302 5309 1323 5360 8
1331 5324 1339 5358 .·
1370 5303 1424 5367 Qui
1454 5303 1531 5356 falsis
1561 5302 1756 5362 instrumentis,
1780 5301 1912 5371 epistolis,
1941 5301 2079 5370 rescriptis
2109 5301 2198 5354 sciens

539 5420 603 5474 dolo
627 5417 701 5471 malo
724 5433 788 5469 usus
811 5414 893 5468 fuerit
916 5430 1007 5482 poena
1030 5411 1093 5465 falsi
1117 5419 1269 5470 coercetur,
1292 5411 1410 5480 itlooque
1434 5408 1592 5462 humiliores
1616 5410 1641 5462 in
1665 5410 1808 5462 uretallum
1832 5409 2005 5470 (laureantur,
2027 5407 2197 5461 honestiores

539 5528 719 5596 deportantur
754 5513 786 5596 (l.
815 5521 834 5576 l,
865 5539 898 5594 p.
923 5521 1009 5590 438).
1132 5517 1162 5584 3)
1199 5514 1248 5586 Cf.
1282 5515 1409 5584 Siurson,
1446 5515 1639 5570 ‘Jatrtocter
1673 5516 1721 5570 dea
1749 5513 1944 5585 srd'rrliscleen
1979 5511 2083 5568 aeteus
2116 5520 2199 5567 anter

542 5630 663 5706 Ludwig]
687 5629 747 5686 deur
773 5626 939 5684 Frornmen’
964 5624 1004 5693 Il,
1021 5627 1092 5683 243.
1178 5623 1209 5692 4)
1235 5621 1283 5693 Cf.
1309 5622 1447 5697 Ibrcurrpe
1469 5643 1491 5677 s.
1517 5642 1541 5677 u.
1567 5624 1669 5676 clocca.
1708 5620 1741 5677 J.
1759 5619 1880 5680 Griuuu
1905 5611 2058 5674 ‘Deutarhc
2081 5618 2197 5674 Rechts·
2217 5643 2247 5683 ω

539 5735 736 5795 ultertltiimer'
761 5734 804 5790 ed.
821 5737 850 5792 4.
876 5731 988 5800 Idolo.
1005 5733 1076 5790 254.
1167 5731 1198 5785 bt
1232 5727 1315 5784 Patet
1344 5736 1425 5784 notua
1449 5727 1661 5802 chronolopiras
1691 5728 1764 5783 inter
1793 5747 1823 5782 se
1853 5726 2034 5799 discrepare:
2065 5725 2116 5780 lroc
2139 5724 2198 5780 loco

540 5844 585 5900 die
602 5847 651 5902 30.
668 5841 741 5918 Apr.
759 5845 822 5899 838
842 5838 973 5895 iudicium
997 5839 1081 5893 lutum
1107 5856 1165 5892 ease
1189 5834 1300 5904 (liciter,
1324 5854 1414 5909 supra
1435 5851 1475 5910 p
1493 5837 1555 5892 838
1578 5835 1596 5889 l.
1614 5837 1654 5892 38
1666 5831 1719 5908 sq,¹
1744 5833 1789 5889 die
1804 5837 1854 5892 28.
1872 5833 1944 5907 apr.
1962 5835 2026 5890 838
2049 5839 2076 5887 et
2096 5839 2199 5903 postea
