4884 6717
532 493 596 554 654
995 496 1047 553 50.
1083 495 1302 554 CONCILIL'M
1325 497 1552 555 PARISIENSE
1576 498 1614 557 A.
1636 496 1712 553 829.

531 684 660 764 festant,
685 682 802 769 quibus
826 684 887 747 ait:
919 689 987 747 Ad¹
1015 695 1148 749 delictum
1177 696 1304 766 pertinet
1332 696 1500 766 principum,
1532 695 1581 766 qui
1609 713 1711 766 pravos
1741 696 1848 750 iudices
1879 701 1978 749 eontra
2007 695 2186 751 voluntatem

532 801 589 854 Dei
611 799 722 870 populis
745 798 878 853 fidelibus
900 800 1079 870 praeierunt.
1126 802 1198 855 Nam
1220 802 1294 856 sieut
1317 801 1414 873 populi
1444 802 1579 856 delictum
1610 809 1665 869 est,
1696 803 1809 873 quando
1839 801 1982 873 prinsipes
2010 801 2077 856 mali
2107 809 2187 868 sunt,

530 907 570 960 sie
593 906 727 977 principis
751 913 795 959 est
818 915 978 976 peecatum,
1004 909 1117 977 quando
1141 909 1250 963 indices
1274 908 1361 979 iniqui
1394 910 1530 964 existunt.
1583 908 1680 963 Bonus
1710 909 1805 976 iudex,
1836 908 1910 962 sieut
1941 925 2045 963 nocere
2077 909 2187 963 civibus

531 1013 630 1078 neseit,
655 1012 696 1066 ita
718 1013 854 1082 prodesse
879 1013 1006 1067 omnibus
1029 1013 1118 1068 norit.
1165 1014 1237 1068 Aliis
1261 1014 1334 1068 enim
1357 1021 1469 1084 prestat
1492 1033 1640 1070 censuram
1663 1016 1801 1083 iustitiae,
1829 1014 1899 1070 alios
1928 1015 2059 1070 bonitate
2089 1015 2186 1070 iudicii

530 1120 590 1174 sine
614 1137 796 1190 personarum
820 1118 986 1189 aeeeptione
1011 1120 1139 1191 suscipit.
1185 1120 1249 1175 Non
1273 1119 1394 1175 intimat
1417 1121 1555 1176 iustitiam
1577 1122 1712 1177 avaritiae
1736 1121 1848 1176 flamma
1869 1139 1925 1175 nee
1948 1121 2048 1175 studet
2071 1120 2219 1177 auferres

530 1227 612 1282 alteri
636 1226 712 1297 quod
735 1226 831 1296 cupiat
855 1226 918 1279 sibi.
958 1225 1030 1280 Boni
1053 1226 1162 1280 iudices
1185 1227 1322 1282 iustitiam
1344 1228 1380 1281 ad
1403 1226 1492 1282 solam
1514 1228 1699 1282 obtinendam
1722 1228 1844 1282 salutem
1859 1237 2007 1283 aeternam
2026 1229 2186 1299 suscipiunt

530 1351 583 1388 nee
608 1351 669 1388 eam
693 1332 856 1386 muneribus
879 1333 1006 1402 acceptis
1030 1333 1214 1400 distribuunt,
1238 1342 1280 1400 ut,
1304 1335 1371 1387 dum
1393 1335 1430 1388 de
1454 1335 1528 1388 iusto
1551 1334 1654 1389 iudicio
1678 1334 1847 1406 temporalia
1868 1334 1947 1389 luera
1962 1351 2019 1389 aon
2034 1341 2186 1405 appetunt,

529 1441 654 1512 praemio
677 1447 796 1494 aeterno
820 1439 957 1492 ditentur.
1004 1429 1075 1505 His,
1100 1452 1163 1514 que
1187 1431 1364 1515 praemissa
1387 1441 1471 1512 sunt,
1495 1429 1691 1512 declaratur,
1716 1430 1804 1517 quod
1826 1431 1870 1514 hi,
1895 1433 1952 1517 qui
1975 1442 2050 1517 post
2071 1453 2185 1517 regem

530 1536 684 1624 populum
707 1535 773 1599 Dei
797 1557 911 1621 regere
936 1533 1066 1617 debent,
1091 1534 1125 1599 id
1149 1547 1198 1599 est
1221 1535 1322 1600 duces
1346 1548 1378 1599 et
1402 1537 1546 1618 comites,
1577 1559 1712 1601 neeesse
1737 1547 1786 1601 est
1816 1549 1852 1601 ut
1880 1537 1962 1601 tales
1992 1537 2036 1601 ad
2065 1539 2185 1602 eonsti-

530 1643 685 1710 tuendum
710 1642 952 1728 provideantur,
984 1643 1040 1728 qui
1065 1643 1134 1706 sine
1161 1641 1410 1728 periculosius,
1441 1665 1461 1706 a
1491 1666 1555 1728 quo
1586 1644 1834 1725 constituuntur,
1865 1645 2019 1708 constitui
2049 1646 2184 1731 possint,
2204 1666 2231 1704 ro

530 1752 670 1816 seientes
695 1771 729 1813 se
754 1748 881 1813 adhoc
905 1750 1026 1834 positos
1051 1771 1133 1831 esse,
1157 1758 1192 1812 ut
1215 1746 1345 1835 plebem
1369 1747 1491 1813 Christi
1514 1748 1577 1814 sibi
1599 1761 1716 1814 natura
1745 1749 1917 1836 aequalem
1946 1763 2187 1836 recognoscant

530 1878 667 1942 eamque
692 1855 869 1920 elementer
891 1855 1017 1920 salvent
1045 1866 1078 1920 et
1107 1856 1190 1920 iuste
1221 1867 1346 1941 regant,
1376 1877 1441 1919 non
1470 1867 1507 1920 ut
1536 1855 1742 1920 dominentur
1771 1867 1804 1921 et
1832 1856 1982 1943 affligant
2010 1879 2118 1944 neque
2148 1867 2186 1922 ut

530 1962 684 2050 populmn
715 1962 780 2025 Dei
812 1984 905 2026 suum
934 1963 1085 2026 estiment
1115 1973 1170 2026 aut
1200 1961 1244 2026 ad
1273 1984 1365 2025 suam
1395 1961 1532 2047 gloriam
1566 1960 1628 2026 sibi
1663 1962 1753 2028 illum
1788 1962 1961 2045 subiciant,
1997 1963 2085 2050 quod
2119 1986 2185 2027 non

531 2071 671 2156 pertinet
693 2068 735 2132 ad
759 2070 925 2149 iustitiam,
950 2068 1007 2132 sed
1031 2069 1137 2154 potius
1161 2068 1204 2132 ad
1234 2067 1440 2154 tyrannidem
1471 2079 1504 2133 et
1532 2069 1678 2154 iniquam
1708 2080 1912 2155 potestatem.
1959 2069 2066 2134 Valde
2096 2071 2184 2134 enim

531 2177 633 2260 exigit
654 2176 843 2254 necessitas,
867 2186 912 2255 ut,
937 2176 1014 2261 quia
1038 2177 1108 2261 ipse
1132 2173 1247 2260 procul
1271 2173 1370 2239 dubio
1393 2197 1453 2238 rex
1483 2177 1680 2261 aequissimo
1713 2175 1813 2241 iudici
1844 2176 1884 2240 de
1915 2178 2088 2241 commisso
2119 2175 2184 2240 sibi
2203 2196 2230 2237 rs

530 2283 708 2346 ministerio
733 2283 890 2345 rationem
914 2281 1099 2345 redditurus
1124 2291 1182 2364 est,
1207 2281 1305 2345 etiam
1330 2280 1458 2366 singuli,
1483 2282 1537 2367 qui
1570 2280 1630 2346 sub
1661 2305 1699 2346 eo
1730 2284 1896 2347 constituti
1926 2293 2001 2347 sunt
2030 2284 2181 2364 ministri,

530 2388 777 2474 diligentissime
802 2386 843 2451 ab
872 2410 911 2451 eo
941 2389 1157 2473 inquirantur,
1188 2409 1230 2451 ne
1260 2389 1330 2473 ipse
1361 2411 1419 2474 pro
1450 2389 1497 2452 eis
1527 2387 1684 2452 iudicium
1713 2390 1858 2454 incurrat
1886 2389 2043 2453 divinum.
2097 2389 2184 2476 Ipsis

530 2497 627 2560 etiam
650 2495 805 2558 ministris
830 2493 1087 2560 denuntiandum
1111 2505 1170 2575 est,
1202 2493 1291 2580 quod
1314 2494 1470 2580 quiequid
1493 2495 1711 2560 iudicaverint
1733 2498 1766 2560 in
1791 2518 1846 2560 eos
1869 2494 2068 2561 redundabit
2091 2498 2184 2561 iaxta

364 2595 509 2690 ²·Pffl2w’
529 2601 619 2683 illud,
655 2600 742 2687 quod
777 2603 810 2664 in
843 2599 927 2665 libro
956 2600 1229 2687 Paralipomenon
1264 2600 1398 2686 legitur:
1433 2602 1602 2667 Habitavit
1634 2628 1707 2690 erqo
1741 2603 1894 2690 Iosophat
1927 2606 1963 2667 in
1992 2603 2182 2668 Hermetem

530 2734 730 2795 reseransque
754 2733 894 2796 egressas
917 2723 961 2773 est
983 2709 1029 2772 nd
1045 2709 1199 2794 populum
1225 2708 1263 2772 de
1286 2708 1464 2773 Bersabeae
1495 2734 1591 2795 usque
1620 2709 1666 2772 ad
1693 2724 1824 2775 noenum
1847 2710 2008 2796 Ephraim
2038 2725 2068 2774 et
2094 2735 2183 2775 reeo-
2201 2729 2229 2770 ao

529 2820 614 2882 coeit
642 2841 692 2880 eos
720 2816 766 2880 ad
792 2816 952 2880 dominum
977 2815 1079 2879 Deum
1106 2829 1236 2901 patrum
1265 2839 1402 2878 snorum.
1460 2813 1685 2901 Omsstituitqae
1714 2816 1837 2881 iudices
1867 2831 1969 2880 terrae
1999 2819 2033 2880 in
2064 2820 2185 2881 eunctis

529 2925 709 2988 ciuitatibus
738 2922 823 2986 Inda
852 2924 983 2986 munitis
1009 2946 1069 3007 per
1098 2922 1226 3008 sinqeda
1256 2922 1324 2985 lece
1355 2935 1383 2985 et
1411 2924 1616 3008 praecipiens
1651 2923 1829 2987 indicibus:
1860 2923 1976 3001 Videte,
2011 2925 2068 3002 ait,
2103 2923 2186 3009 quid

530 3031 660 3112 facitis,
682 3055 744 3094 non
768 3031 849 3093 enirn
874 3029 1011 3093 hortinas
1034 3030 1182 3092 erercetis
1208 3028 1376 3107 iudicium,
1405 3027 1463 3092 aed
1484 3027 1627 3109 Domini,
1658 3043 1687 3093 et
1715 3029 1930 3115 quodcumque
1960 3029 2184 3094 iudicaveritis

529 3140 562 3201 in
587 3161 641 3201 ros
664 3136 863 3200 redundabit.
912 3135 963 3199 Sit
985 3138 1078 3199 timor
1101 3134 1239 3198 Domini
1269 3136 1424 3198 reddente
1454 3147 1482 3198 et
1508 3159 1577 3198 enm
1608 3135 1775 3222 diligentia
1806 3150 1915 3200 cuneta
1937 3137 2054 3223 facite.
2107 3135 2183 3200 Non

529 3247 612 3308 enine
641 3258 686 3307 est
713 3242 803 3329 apud
826 3242 987 3306 dominam
1010 3242 1113 3305 Deum
1136 3256 1275 3305 nostram
1306 3243 1461 3326 iniquitas
1490 3266 1546 3306 nee
1567 3265 1779 3327 personarum
1810 3245 1949 3328 acceptio
1979 3268 2034 3307 nee
2064 3243 2183 3330 cupido
2200 3260 2228 3301 π

528 3374 701 3414 munerum.
748 3348 841 3412 Haec
866 3347 971 3411 ethis
995 3346 1122 3427 similia,
1147 3369 1232 3433 quae
1255 3345 1437 3434 praelibata
1464 3357 1548 3426 sunt,
1578 3370 1639 3411 rex
1668 3348 1802 3434 eiusque
1832 3349 1971 3411 ministri
2001 3371 2067 3412 non
2097 3347 2182 3413 desi-

529 3455 631 3536 diose,
656 3454 714 3520 sed
737 3453 911 3540 diligenter
934 3452 1055 3517 debent
1078 3453 1280 3540 perpendere
1304 3465 1337 3517 et
1364 3452 1505 3518 studium
1536 3453 1577 3518 de
1608 3455 1787 3519 ministerio
1818 3453 1881 3518 sibi
1912 3456 2084 3520 commisso
2116 3454 2183 3520 tale

530 3561 700 3629 adhibere.
732 3572 768 3627 ut
796 3583 861 3625 non
890 3583 948 3647 pro
979 3583 1017 3624 eo
1053 3559 1262 3624 aeternaliter
1296 3559 1483 3647 dampnari,
1519 3559 1577 3624 sed
1612 3562 1719 3646 potius
1753 3562 1787 3624 in
1816 3561 1959 3625 Domino
1994 3573 2183 3626 mereantur

529 3669 669 3735 feliciter
690 3669 899 3733 remunerari.

638 3809 942 3896 (58).Cap.1111.
983 3807 2228 3897 Quodaequitasiudiciistabilimentumregnietto

529 3918 788 3983 iniustitia
818 3917 882 3980 sit
909 3917 1011 3980 eius
1042 3917 1243 3980 eversio.
1292 3914 1411 3995 Quod²
1433 3937 1491 4001 per
1513 3916 1668 3980 iustitiam
1691 3926 1754 3980 stet
1784 3939 1930 4003 regnum,
1962 3916 2115 3982 Salomon
2146 3918 2181 3981 in

356 4052 508 4100 moerin.
530 4023 711 4113 proverbiis
735 4023 874 4088 adstruit
896 4024 942 4087 ita
965 4024 1131 4108 inquiens:
1156 4023 1285 4088 Iustitia
1307 4023 1407 4088 eierat
1417 4037 1537 4110 pentem
1553 4037 1581 4088 et
1596 4027 1726 4088 miseros
1742 4024 1834 4111 facit
1848 4025 1988 4110 populos
2003 4039 2180 4110 peceatum.

396 4157 512 4208 nanae.
528 4132 628 4196 Item:
654 4132 882 4197 Misericordia
905 4145 934 4195 et
956 4132 1072 4194 veritas
1095 4130 1273 4194 custodiunt
1295 4153 1397 4216 repent
1420 4145 1449 4194 et
1470 4131 1636 4194 roboratur
1659 4132 1782 4194 iustitia
1804 4130 1933 4194 thronus
1956 4133 2032 4195 eius.
2079 4130 2180 4196 Item:

409 4264 511 4314 inan.
530 4241 650 4306 Facere
673 4238 927 4304 misericordiane
950 4252 980 4301 et
1001 4237 1156 4301 indicium
1180 4239 1282 4324 neapis
1298 4238 1408 4323 piacet
1429 4236 1498 4300 Dee
1521 4262 1616 4322 quant
1638 4240 1792 4301 victimae.
1839 4235 1884 4300 Et
1906 4236 2006 4305 iufra:
2030 4237 2182 4325 Rapinae

397 4338 511 4440 ,ι’,ξξξξξζ
531 4350 700 4434 impiorum
724 4346 886 4410 detrudent
908 4368 968 4423 eos,
992 4345 1052 4429 qai
1071 4344 1237 4407 nolumunt
1251 4344 1368 4429 facere
1390 4343 1556 4408 iudicium.
1594 4341 1678 4406 Item
1701 4341 1762 4406 ibi:
1790 4342 2009 4429 Quiseqnitur
2026 4347 2180 4409 iustitiam
2198 4368 2227 4410 re

529 4470 558 4520 et
587 4452 841 4518 ntesericordiant
872 4453 1009 4515 inueniet
1037 4452 1133 4514 uitam
1165 4463 1194 4515 et
1222 4452 1375 4514 iustitiam
1406 4463 1434 4514 et
1463 4451 1611 4536 plenium.
1666 4448 1763 4529 Quod
1792 4471 1871 4513 vero
1900 4471 1960 4536 per
1988 4451 2180 4514 iniustitiam

359 4587 512 4638 n.rt,so.st.
530 4560 635 4641 eadat,
660 4559 763 4622 lsaias
788 4556 1004 4621 demonstrat:
1034 4556 1082 4619 Tu
1106 4559 1200 4637 enim,
1223 4556 1338 4642 inquit,
1367 4570 1483 4620 terrani
1507 4555 1743 4641 disperdidisti,
1774 4571 1805 4620 tn
1829 4557 1987 4643 ptpnslum
2017 4557 2181 4638 occidisti,

530 4693 590 4733 nen
615 4668 776 4732 iterabitur
794 4668 829 4730 in
847 4679 1005 4729 aeternum
1021 4688 1123 4727 senten
1140 4665 1363 4749 pessimorum.
1401 4662 1698 4749 Praeparotefliios
1713 4665 1781 4728 eius
1796 4665 1998 4728 innatantia
2015 4665 2181 4750 iniquitate

526 4789 655 4861 patruni
681 4797 805 4854 eorum,¹
836 4795 897 4836 non
927 4784 1112 4857 emwurpent
1140 4793 1195 4834 nee
1224 4769 1442 4834 hereditabant
1470 4777 1586 4834 terrant
1616 4794 1714 4855 neque
1743 4771 1916 4856 implebunt
1937 4771 2064 4857 faeiem
2094 4771 2182 4836 ordis

379 4905 509 4954 emmae.
529 4884 699 4946 eiritotnnt.
747 4878 786 4941 ln
808 4876 927 4942 Amos:
958 4877 1041 4942 Eece
1068 4877 1155 4941 oculi
1175 4876 1312 4940 Domini
1341 4900 1436 4963 super
1465 4901 1594 4963 repuens
1619 4901 1773 4963 peccans,
1803 4891 1832 4941 et
1860 4892 2015 4942 conterant
2045 4878 2132 4943 illud
2159 4903 2180 4943 a
2197 4906 2228 4945 ro

351 5013 511 5062 unusne-ra
522 4989 617 5076 faeie
641 5002 753 5066 terrae,
785 4986 865 5050 dicit
888 4986 1054 5050 Dominus.
1109 4981 1252 5046 Danihel
1282 4981 1425 5067 loquitur
1454 4981 1496 5046 ad
1518 4980 1709 5046 Bdthasar:
1744 4981 1771 5047 O
1799 5008 1866 5063 ren,
1889 4984 1977 5048 Dens
2005 4985 2182 5049 altmannus

529 5119 658 5181 reparent
688 5108 716 5158 et
749 5093 1014 5180 maqnificentiorn
1046 5105 1074 5155 et
1100 5091 1239 5178 gloriam
1269 5103 1298 5154 et
1326 5089 1472 5154 honorem
1507 5089 1595 5154 dedit
1623 5089 1914 5155 Nabuchodonosor
1941 5093 2038 5178 patri
2068 5106 2119 5156 tus
2154 5105 2184 5156 et

636 5348 692 5399 III.
723 5350 755 5398 16
775 5340 826 5410 est]
846 5352 876 5395 ut
893 5344 955 5396 add.
975 5343 1003 5392 V.
1022 5340 1052 5392 P.
1128 5343 1160 5392 19
1179 5341 1416 5408 Paralypomenon
1436 5339 1467 5395 P.
1540 5343 1573 5394 27
1592 5343 1770 5395 ministerium
1790 5344 1818 5395 V.

637 5438 708 5488 1111.
738 5439 769 5488 31
791 5428 936 5498 iniustitia]
951 5434 1055 5484 iustltia
1069 5429 1100 5483 P.
1155 5433 1189 5482 33
1202 5438 1298 5482 troam
1319 5430 1346 5485 V.
1401 5433 1435 5482 34
1448 5430 1559 5497 placent
1577 5428 1650 5483 ΚΡ.
1705 5434 1739 5483 35
1758 5433 1884 5485 detrahet
1903 5429 1975 5485 Η.
2030 5434 2182 5485 illitorum

529 5528 595 5579 deest
614 5528 640 5577 V.
660 5526 691 5577 P.
764 5527 798 5576 42
819 5524 1056 5588 Nabngodonosor
1074 5521 1101 5571 Γ.
2198 5542 2228 5583 4

642 5743 671 5814 1)
696 5743 832 5811 leidensi,
865 5739 1026 5799 Sententiae
1049 5737 1102 5794 111
1121 5757 1144 5795 c.
1162 5741 1204 5798 52
1226 5731 1380 5813 §1—s,·
1412 5737 1486 5813 epp.
1511 5736 1558 5809 VI,
1576 5739 1644 5797 345.
1760 5737 1791 5808 2)
1821 5736 1870 5811 Cf.
1895 5737 1982 5799 [onas
2004 5737 2112 5808 Aurei,
2137 5738 2185 5796 De

531 5851 700 5908 institutione
723 5849 803 5926 repis
827 5869 850 5905 c.
871 5853 899 5907 6.
