4884 6717
617 522 683 585 510
1085 527 1137 583 44.
1174 526 1391 584 CONCILIUM
1414 525 1642 582 PARISIENSE
1666 527 1702 581 A.
1724 524 1799 582 825.

617 726 751 796 soriphna
773 726 911 780 docemur.
957 724 986 779 Si
1016 725 1074 778 istis
1101 725 1265 793 attenderet,
1294 741 1442 794 numquam
1470 725 1552 778 idolis
1574 725 1760 778 inclinaretur.
1807 724 1894 778 Omne
1924 724 1996 778 enim
2019 741 2088 793 opus
2113 723 2142 777 in
2164 723 2271 776 nontiue

617 833 728 887 Domini
752 833 855 886 iachim
877 832 1027 903 pretiosum
1051 837 1079 886 et
1103 838 1227 885 sanetum
1250 831 1352 884 dictum
1375 837 1427 898 est,
1450 831 1482 884 et
1507 830 1628 885 cetera.

724 930 806 993 Item
831 927 984 1015 Gregorii
1007 950 1114 1015 papae
1136 929 1169 991 in
1197 927 1356 1013 synodica
1378 926 1533 1013 epistola:
1581 932 1631 991 Sil
1662 937 1798 990 contraria
1829 937 2008 991 sentientibus
2031 943 2060 990 et
2081 937 2159 990 urite
2181 936 2271 990 faeere

618 1045 814 1117 quaerentibus
844 1046 974 1116 antiquas
1004 1051 1113 1116 pamrm
1142 1044 1305 1098 traditiones
1335 1044 1445 1098 salutis·
1460 1051 1616 1098 occurreret
1645 1044 1796 1110 conversio,
1826 1042 1985 1098 sufficerent
2007 1043 2103 1113 ntique
2128 1060 2170 1110 ea,
2200 1060 2272 1113 qnae

617 1153 740 1224 superius
763 1170 780 1205 a
803 1152 881 1206 nobis
905 1170 938 1206 ex
962 1158 1069 1222 patrum
1092 1151 1254 1205 testimoniis
1278 1151 1322 1204 rel
1347 1151 1432 1204 saeris
1454 1151 1528 1204 dicta
1552 1157 1615 1205 sunt
1636 1150 1815 1205 documentis.
1862 1149 1917 1204 Sed
1945 1151 2011 1220 qnia
2035 1150 2168 1210 ridemus.
2198 1151 2301 1220 quoda

617 1266 753 1315 merentes
776 1260 899 1324 dicirnns,
927 1260 1076 1329 plerosque
1106 1257 1224 1312 turbatis
1247 1257 1383 1310 mentibus
1414 1264 1517 1311 statuta
1546 1257 1710 1310 connubere
1734 1257 1880 1324 eeclesiae,
1911 1258 1983 1324 ideo,
2013 1256 2112 1311 fratres
2134 1256 2274 1320 carissimi,

617 1366 774 1422 extenditur
797 1383 896 1430 sermo,
920 1373 948 1420 et
971 1365 1093 1435 cupimus
1116 1365 1152 1417 ad
1175 1365 1396 1434 conpescendam
1420 1364 1519 1418 erroris
1542 1363 1674 1417 insaniam
1699 1364 1789 1418 adhue
1812 1381 1845 1417 er
1870 1363 2009 1417 veteribus
2031 1363 2201 1417 documentis
2224 1363 2273 1416 ali·

480 1479 597 1575 Εἶοᾱὲἳῠ,
618 1474 684 1545 quid
708 1474 816 1539 dicere3
840 1472 933 1526 forsan
956 1472 1119 1542 resipiscant
1141 1470 1265 1541 inquieti.
1299 1470 1331 1523 ln
1355 1470 1426 1523 libro
1449 1470 1521 1530 enirn
1537 1471 1626 1524 Exodi
1649 1471 1687 1524 sic
1710 1471 1841 1540 legimus:
1867 1469 1989 1525 Loeuhrs
2012 1477 2053 1525 est
2074 1467 2214 1524 Dominus
2236 1469 2277 1524 ad

559 1566 563 1576 ¹
618 1578 737 1652 Moysen
761 1576 873 1634 deeras:
899 1577 1028 1652 Loquere
1037 1575 1109 1655 filiis
1126 1575 1246 1644 Israhel,
1271 1583 1302 1631 ut
1323 1577 1424 1631 tollunt
1444 1574 1513 1631 nrlhr'
1521 1575 1684 1650 prandium
1707 1575 1743 1631 uh
1766 1575 1843 1631 omm'
1865 1575 1984 1644 hoscine,
2008 1574 2057 1650 qui
2079 1574 2166 1647 offert
2188 1576 2273 1631 ultro·

617 1704 695 1756 amas,
720 1683 863 1759 coepistis
893 1703 951 1740 eos.
999 1683 1082 1739 Haec
1110 1690 1177 1739 eunt
1204 1689 1306 1751 autent,
1337 1701 1411 1757 quoe
1439 1681 1570 1756 dampere
1600 1681 1710 1750 dehetis,
1744 1690 1772 1737 et
1795 1691 1887 1737 cetera
1910 1700 1961 1752 per
1983 1683 2105 1737 ordinem
2128 1701 2216 1752 usqne
2239 1684 2273 1735 ad
2291 1699 2314 1737 ro

478 1808 598 1858 tusum.
619 1780 736 1848 duorum
763 1789 919 1860 Cherubim,
944 1790 993 1865 qui
1015 1798 1098 1845 meant
1118 1808 1204 1864 super
1227 1807 1327 1845 orcum
1351 1787 1506 1856 testimonii,
1538 1797 1639 1844 curretu
1668 1807 1741 1863 qrtoe
1770 1787 1911 1844 mundabo
1936 1796 2042 1863 perte
2057 1787 2130 1865 filiis
2153 1788 2274 1844 Israhel.

448 1914 602 1964 ansatas.
726 1890 771 1953 Et
795 1890 928 1952 iterum:
961 1893 1116 1951 hiandat0²
1139 1896 1193 1950 Dei
1217 1914 1234 1949 a
1249 1895 1404 1949 Salomone
1428 1903 1583 1950 constructo
1607 1897 1721 1966 templo,
1751 1896 1823 1950 inter
1845 1896 1901 1949 alia
1925 1894 2002 1966 fecit
2029 1894 2059 1950 iu
2082 1897 2198 1951 muodo
2222 1896 2275 1950 duo

503 2022 602 2070 meae.
623 2005 763 2063 Cherubin
787 2005 822 2060 de
846 2002 929 2080 liquis
951 2002 1106 2069 olivarum
1136 2009 1165 2056 et
1188 2003 1259 2056 inira
1281 2020 1384 2072 usqne:
1417 2001 1458 2056 Et
1485 2001 1602 2076 sculpsit
1630 2002 1659 2057 in
1684 2001 1723 2058 eia
1747 2001 1879 2076 picturus
1903 2000 2044 2058 Cherubin
2067 2010 2093 2057 et
2110 2004 2275 2077 palatorum

620 2112 728 2187 speciae
755 2119 781 2167 et
803 2110 945 2186 anoglyfa
968 2110 1051 2165 valde
1071 2107 1262 2183 prominentia
1286 2116 1312 2164 et
1340 2107 1409 2164 terit
1431 2127 1465 2164 ea
1487 2127 1560 2164 ouro
1584 2116 1609 2164 et
1630 2108 1742 2183 operuit
1763 2117 1820 2164 tam
1846 2107 1986 2165 Cherubin
2009 2127 2092 2183 quom
2111 2110 2229 2182 palatos
2252 2115 2278 2162 et

621 2227 723 2275 cetera.
770 2220 853 2280 Ecce,
877 2217 1007 2271 carissimi
1031 2217 1140 2284 fratres,
1162 2217 1375 2284 consideremus,
1399 2216 1465 2286 qnid
1489 2216 1551 2270 Deo
1576 2217 1724 2269 mandante
1749 2217 1861 2286 Moyses
1885 2215 1990 2285 fecerit,
2019 2216 2120 2285 quidve
2144 2215 2276 2268 Salomon
2294 2229 2315 2267 rt

619 2326 831 2396 sapientissimus
854 2325 945 2378 divino
969 2323 1041 2377 iussu
1065 2323 1255 2391 corretmxerit,
1278 2323 1310 2375 et
1334 2324 1453 2376 cetera.

726 2427 859 2496 Quanto³
881 2431 1012 2484 debemus
1042 2448 1110 2500 puro
1139 2430 1229 2483 cordis
1252 2430 1349 2482 annisu
1379 2430 1465 2498 ipsum
1489 2429 1627 2482 Christum
1650 2429 1788 2483 dominnm
1818 2437 1939 2482 nostrum
1965 2435 2143 2499 sanctamque
2167 2446 2276 2498 semper

621 2539 753 2611 virginem
777 2539 836 2592 eius
858 2537 1020 2608 genitricem
1037 2537 1162 2605 hiarium,
1184 2536 1327 2606 apostolos
1350 2552 1463 2606 qnoque
1486 2536 1531 2588 rel
1548 2553 1643 2588 omnes
1659 2543 1767 2589 sanctos
1783 2536 1838 2589 Dei
1861 2553 1911 2604 per
1934 2553 2029 2589 comm
2052 2552 2144 2588 sacras
2167 2534 2275 2604 effigies

619 2655 704 2716 atque
727 2645 860 2717 imagines
882 2645 983 2710 colere,
1013 2644 1128 2696 adorare
1153 2649 1181 2696 et
1204 2644 1240 2696 ad
1271 2642 1474 2712 propitiandum
1501 2642 1579 2695 nobis
1602 2650 1697 2711 petere
1722 2649 1750 2695 et
1772 2644 1899 2696 relaxare
1922 2642 2033 2696 delicta.
2079 2642 2137 2695 Nos
2160 2658 2215 2694 non
2239 2641 2274 2692 ub

622 2753 698 2807 alind
721 2770 820 2806 nomen
845 2751 978 2822 imagines
1002 2751 1117 2804 facimus
1140 2757 1167 2803 et
1190 2751 1346 2814 adoramus,
1376 2733 1426 2802 sed
1454 2767 1505 2818 pro
1528 2748 1606 2801 nobis
1629 2749 1772 2802 incantato
1794 2750 1877 2803 verbo
1902 2750 1965 2803 Dei.
2012 2749 2040 2803 Si
2063 2757 2156 2802 autem
2179 2765 2273 2800 mann·
2291 2762 2314 2800 m

619 2859 693 2913 facta
716 2860 807 2912 omnia
837 2857 982 2912 abicienda
1012 2864 1083 2925 sumt,
1112 2874 1204 2926 neque
1235 2873 1301 2909 arca
1331 2855 1451 2910 foederis
1480 2873 1571 2925 neque
1601 2873 1684 2910 aurea
1709 2863 1737 2910 et
1758 2857 1849 2909 celata
1872 2855 2019 2910 Cherubim
2042 2856 2100 2909 eius
2122 2855 2276 2908 debuerant

440 2977 601 3031 sennodum.
619 2966 713 3038 recipi,
742 2983 815 3036 qnae
845 2982 896 3034 per
919 2964 1046 3018 Beseleel
1078 2971 1106 3017 et
1128 2963 1210 3017 Eliab
1238 2963 1313 3016 iacta
1344 2969 1406 3016 sunt
1434 2963 1510 3015 iuxta
1533 2971 1711 3033 pracceptum
1735 2963 1799 3016 Dei.
1847 2962 1875 3016 Si
1904 2980 1969 3015 vcro
2000 2963 2048 3015 illa
2078 2962 2148 3016 sicut
2176 2961 2274 3014 similia

621 3072 767 3127 invisibilia
791 3072 865 3125 faeta
889 3079 960 3140 sarrit,
983 3071 1021 3124 ita
1045 3077 1072 3124 et
1095 3071 1164 3124 haec
1188 3070 1270 3124 simili
1286 3070 1368 3123 modo
1384 3070 1533 3123 secundum
1549 3069 1666 3122 visiones
1683 3077 1710 3122 et
1726 3069 1910 3123 revelationes
1925 3068 2122 3139 prophetarum
2137 3068 2274 3121 coloribus

619 3179 764 3233 distinctae
789 3178 952 3246 cfficiuntur,
975 3179 1008 3231 et
1031 3178 1150 3231 cetera.

727 3275 809 3339 Item
839 3273 993 3338 Iohannis
1025 3274 1263 3359 archiepiscopi
1297 3271 1657 3358 Constantinopolitani,
1689 3272 1745 3358 qui
1775 3284 1808 3336 et
1839 3271 2072 3357 Chrysostomi.
2119 3270 2273 3334 iohannis
2292 3292 2316 3332 u

621 3381 844 3468 Chrysoatomi
868 3381 901 3443 in
925 3402 1072 3444 sermone
1097 3402 1219 3442 coenae
1236 3379 1387 3443 Domini:
1413 3383 1539 3441 Omnia4
1561 3388 1636 3441 faeta
1660 3396 1722 3441 sunt
1745 3397 1858 3458 propter
1879 3389 1995 3458 gloriam
2011 3389 2075 3454 Dei,
2098 3389 2157 3441 turri
2181 3396 2274 3441 nutem

622 3506 714 3552 nostro
737 3497 824 3551 nubes
848 3497 883 3549 ad
908 3496 1033 3549 imbrium
1057 3495 1244 3563 ministerium,
1267 3503 1341 3548 terra
1364 3496 1400 3548 ad
1422 3495 1551 3548 frumenti
1567 3494 1773 3560 abrmdantium,
1796 3512 1871 3548 mare
1887 3496 1922 3548 ad
1938 3496 2133 3566 negotiandum
2148 3495 2274 3564 copiose;

622 3605 728 3675 absque
750 3603 853 3657 invidia
876 3603 966 3656 omma
990 3602 1159 3656 famulantur
1181 3602 1292 3666 homini,
1315 3603 1403 3673 magis
1427 3610 1519 3655 atatem
1543 3601 1654 3670 imagini
1679 3602 1799 3655 Domini.
1835 3602 1934 3671 Neque
1958 3602 2029 3655 enirn
2053 3602 2164 3671 quando
2188 3602 2274 3670 impe·

621 3713 704 3766 riales
727 3712 817 3765 vultus
840 3716 869 3762 et
892 3710 1023 3780 imagines
1046 3709 1073 3762 in
1096 3708 1222 3762 civitates
1245 3709 1450 3763 introducuntur
1474 3716 1500 3762 et
1524 3708 1637 3762 ebriant
1660 3708 1762 3761 indices
1786 3716 1813 3761 et
1836 3708 1933 3777 plebes
1963 3726 2023 3761 enm
2055 3707 2190 3772 laudibus,
2218 3726 2274 3761 mm

623 3819 749 3873 tabulam
772 3816 938 3870 honorantes
965 3833 1055 3886 neque
1087 3814 1189 3869 effusas
1219 3833 1253 3868 es
1281 3833 1345 3868 aere
1375 3815 1485 3887 ligurus,
1515 3816 1562 3868 scd
1586 3814 1701 3884 liguram
1731 3815 1911 3884 imperatoris,
1940 3815 1977 3868 sic
2009 3824 2037 3869 et
2066 3824 2190 3868 creatum
2219 3833 2274 3867 nm]
2292 3826 2316 3865 ro

621 3933 759 3980 terrenam
782 3924 903 3994 speciem
926 3923 1051 3988 honorat,
1074 3923 1123 3976 sed
1147 3923 1263 3975 eandem
1287 3922 1373 3992 ipsam
1397 3923 1546 3976 caelestem
1568 3920 1684 3992 figuram
1707 3929 1855 3975 reveretur.

730 4021 814 4085 Item
847 4018 935 4083 beati
966 4017 1121 4132 Iohannis
1146 4017 1369 4104 Chrysostomi
1400 4016 1440 4081 de
1471 4016 1627 4103 parabola
1657 4019 1805 4081 seminis:
1840 4022 2053 4082 lndrtmentum⁵
2079 4028 2221 4097 imperiale
2252 4027 2274 4080 si

623 4138 802 4206 nuntiaveris,
825 4154 916 4190 nonne
939 4154 1011 4204 etun,
1034 4136 1080 4205 qni
1104 4135 1233 4203 induitur,
1257 4135 1388 4187 iniurias?
1432 4134 1540 4202 Nescis,
1563 4135 1638 4204 quia,
1662 4135 1683 4187 si
1708 4136 1768 4204 qnis
1791 4136 1939 4206 imaginem
1962 4135 2133 4204 imperatoris
2156 4134 2276 4199 iniuriat,

622 4247 658 4299 ad
682 4263 744 4299 eum
768 4244 856 4314 ipsum
880 4244 1074 4312 imperatorem
1097 4242 1285 4312 [armcipaliter
1307 4241 1432 4312 dignitati
1456 4241 1514 4295 eins
1537 4242 1627 4294 adfert
1650 4241 1795 4295 iniuriam?
1840 4242 1946 4306 Nescis,
1975 4242 2051 4312 quia,
2079 4241 2100 4294 si
2124 4241 2185 4311 qttis
2208 4242 2274 4294 mra-

622 4353 713 4424 ginem
744 4369 779 4405 err
804 4351 878 4420 ligno
909 4356 956 4403 ant
981 4367 1014 4403 ex
1044 4349 1137 4402 colore
1160 4347 1291 4414 detrahit,
1320 4365 1373 4400 non
1405 4348 1473 4400 sicut
1504 4349 1538 4400 ad
1563 4349 1729 4402 elementum
1753 4349 1811 4401 sinc
1836 4349 1926 4401 aniana
1949 4367 2031 4402 ansus
2054 4348 2197 4408 iudicatur,
2225 4348 2275 4400 sed
2293 4358 2317 4398 tt

623 4460 692 4512 sicut
715 4460 846 4512 adversus
878 4456 1073 4526 imperatorem
1102 4456 1319 4525 dissegregatam
1350 4455 1496 4524 imaginem
1526 4456 1639 4508 totidem
1671 4455 1841 4524 imperatoris
1870 4464 1981 4524 gestans
2012 4456 2068 4508 eius
2092 4454 2214 4508 irrituiam
2239 4454 2275 4506 ad

623 4566 815 4635 imperatorem
839 4563 970 4617 deducit?

732 4661 843 4726 Sancti
867 4658 981 4722 Basilii
1013 4681 1055 4722 ex
1085 4656 1168 4722 libro
1199 4657 1241 4722 ad
1266 4656 1529 4743 Amphilochium
1559 4658 1599 4720 de
1624 4656 1747 4743 Spiritu
1778 4668 1891 4722 sancto
1914 4659 1949 4721 in
1973 4657 2113 4744 capitulo
2138 4658 2274 4744 septimo

624 4767 766 4832 decimo:
792 4770 952 4841 Quoniam⁶
975 4776 1124 4845 imperator
1146 4774 1254 4842 dicittn,
1282 4781 1310 4828 et
1332 4774 1505 4844 imperatoris
1529 4774 1619 4844 irnatgo
1643 4781 1671 4826 et
1693 4792 1747 4827 non
1771 4775 1825 4828 duo
1849 4775 2035 4844 imperatores.
2081 4775 2180 4844 Neque
2204 4774 2275 4827 enirn

730 4971 762 5018 21
783 4984 874 5018 arcam
895 4966 925 5016 Ρ.
990 4969 1022 5016 25
1043 4967 1113 5016 Item
1127 4992 1159 4999 -
1174 4966 1360 5029 Chrysostomi
1379 4982 1408 5015 er
1426 4973 1486 5014 teoto
1504 4964 1639 5028 mmpiuoli
1657 4965 1685 5014 in
1704 4974 1771 5014 testu
1789 4975 1886 5031 recepto
1902 4966 2058 5016 crediderim.
2122 4967 2157 5015 30
2175 4965 2275 5014 affuisse

624 5075 702 5110 cerae
722 5059 874 5122 scripturae
894 5056 925 5106 Ρ.
2293 5033 2318 5071 ⁴⁰

734 5240 762 5308 l)
788 5237 924 5314 Gregorii
938 5236 994 5292 III.
1020 5231 1210 5310 (rer-741)
1235 5235 1370 5309 syrrodicu
1393 5234 1465 5291 antri
1484 5237 1551 5293 731.
1577 5229 1630 5307 (cs.
1652 5235 1690 5290 K.
1708 5234 1830 5309 Hmrme,
1856 5235 1959 5292 ‘Neues
1973 5235 2088 5292 Archia?
2105 5235 2190 5304 XXI,
2206 5231 2275 5309 111)

624 5354 754 5403 servatur
777 5344 806 5400 in
831 5342 981 5400 Hadriani
1003 5342 1094 5418 epist,
1121 5340 1193 5399 MG.
1216 5341 1293 5416 Epp.
1318 5342 1348 5410 V,
1368 5345 1414 5400 19.
1500 5342 1529 5410 2)
1555 5341 1672 5397 ibides.
1754 5341 1784 5410 3)
1810 5341 1934 5411 Iht'denm
1957 5363 1982 5398 e.
2008 5363 2081 5419 quoe
2104 5342 2143 5398 K.
2163 5341 2277 5416 Hompe

625 5451 740 5527 mponr't
764 5450 841 5526 hipp.
864 5451 955 5520 1246
978 5470 1048 5507 ann.
1066 5455 1093 5508 6.
1168 5449 1198 5516 4)
1222 5448 1308 5503 Hunc
1331 5448 1419 5503 hrcum
1441 5447 1515 5504 iuter
1537 5467 1626 5522 opero
1649 5447 1786 5504 Iohannis
1811 5447 2001 5520 Chrysostomr'
2021 5469 2079 5505 non
2101 5448 2203 5517 inveni,
2227 5448 2280 5504 sed

624 5557 725 5633 legibu-
744 5557 772 5614 in
790 5557 939 5614 Hadriani
958 5557 1046 5632 epist,
1074 5555 1174 5612 Manst'
1190 5555 1260 5624 XII,
1280 5558 1369 5614 1068.
1407 5555 1454 5626 ΟΥ.
1475 5553 1626 5610 Hadriani
1647 5554 1737 5629 epist,
1763 5555 1837 5612 ΜΘ.
1858 5555 1935 5630 Ερρ.
1960 5556 2058 5625 Ὴῒ.
2128 5555 2160 5625 b)
2183 5553 2276 5620 ibid,-

628 5663 727 5720 Munsi
742 5663 813 5732 XII,
831 5668 922 5723 1068.
969 5663 1003 5719 In
1026 5666 1119 5720 alteru
1143 5661 1260 5737 epistola
1285 5655 1372 5734 (MG.
1398 5661 1474 5737 Epp.
1501 5662 1603 5731 V,tr“;
1633 5681 1659 5717 v.
1684 5661 1748 5717 ihid.
1768 5682 1802 5736 p.
1821 5658 1892 5737 641)
1922 5661 1993 5718 idem
2023 5664 2099 5718 lomes
2122 5660 2277 5719 Severiano
2293 5679 2319 5719 m

627 5768 785 5827 emarus·
801 5769 979 5826 sumatur.
1021 5768 1068 5841 ef.
1090 5768 1172 5826 aare
1191 5767 1321 5826 eas-oum·
1334 5767 1370 5823 rr
1388 5788 1412 5824 c.
1430 5772 1476 5827 re.
1559 5769 1589 5835 a)
1614 5767 1749 5837 amram,
1773 5767 1820 5824 ne
1838 5767 1947 5843 spana
1964 5777 2062 5825 sance
2081 5791 2103 5823 c.
2124 5772 2163 5827 re
2179 5758 2204 5844 ἕ
2218 5771 2276 5833 aa·

627 5874 701 5951 Opp.
726 5877 769 5932 ed.
794 5876 900 5933 Betred.
918 5876 975 5945 III,
993 5881 1043 5934 38.
1081 5874 1129 5947 Cf.
1155 5873 1252 5932 caneth
1277 5873 1397 5931 nicaen.
1423 5877 1485 5932 787
1507 5883 1562 5930 act.
1583 5874 1654 5942 IV.,·
1680 5874 1780 5931 Merui
1802 5874 1888 5944 XIII,
1907 5879 1955 5934 69.
