4884 6717
534 517 599 582 620
1003 524 1054 584 50.
1091 525 1312 585 CONCILIUM
1334 524 1562 583 PARISIENSE
1585 527 1623 582 A.
1644 524 1719 582 829.

535 733 705 775 commune
736 734 795 775 nos
826 721 858 775 et
888 712 994 776 socios
1025 726 1151 777 nostros
1182 726 1295 779 mutua
1318 715 1520 780 exortatione
1545 713 1755 799 corrigendos
1779 736 1850 778 esse
1874 712 2107 795 iudicavimus,
2142 712 2188 777 its

534 815 697 896 videlicet,
728 829 764 882 ut
792 840 853 882 nec
877 840 936 882 nos
960 819 992 882 in
1018 818 1243 885 huiuscemodi
1266 832 1357 908 peste
1382 821 1539 886 avaritiae
1564 842 1674 885 coram
1697 819 1772 884 Deo
1795 842 2007 907 peccaremus
2031 843 2093 885 nec
2116 818 2187 886 aliis

534 946 594 1010 per
617 936 763 988 nostrum
786 923 908 989 malum
932 925 1119 1011 exemplum
1143 926 1337 993 detrahendi
1355 941 1388 993 et
1402 929 1436 992 in
1452 925 1547 992 nobis
1562 925 1724 1014 peccandi
1739 925 1846 992 locum
1863 926 2025 991 daremus.
2064 927 2187 991 Verum

401 1047 515 1091 annm
534 1053 607 1094 cum
631 1028 739 1094 nullus
763 1029 966 1095 Christianus
990 1030 1157 1097 thesauros
1181 1034 1215 1097 iu
1239 1044 1335 1116 terra,
1360 1033 1419 1098 sed
1441 1035 1559 1119 potius,
1583 1033 1764 1098 secundum
1777 1032 1913 1098 Domini
1937 1035 2129 1098 seutentiam
2153 1034 2188 1098 in

413 1102 506 1150 imi
534 1136 624 1201 caelo
648 1137 827 1202 recondere
852 1135 980 1218 debeat,
1010 1138 1191 1204 cavendum
1215 1163 1421 1228 summopere
1445 1139 1668 1206 sacerdotibus
1692 1152 1751 1222 est,
1781 1150 1817 1204 ut
1839 1138 1881 1204 ab
1905 1141 2061 1205 avaritiae
2085 1151 2219 1227 peste,s

395 1261 515 1355 affin
534 1265 617 1330 quae
642 1242 874 1308 estidolorum
897 1245 1050 1326 servitus,
1082 1255 1115 1310 et
1138 1245 1333 1333 eupiditate,
1364 1270 1448 1334 quae
1477 1246 1574 1312 radix
1602 1248 1746 1311 omnium
1769 1246 1927 1311 malorum
1950 1259 2016 1329 est,
2047 1269 2187 1334 suosque

441 1342 447 1363 '
482 1344 488 1357 ’
533 1360 710 1414 sectatores
734 1373 754 1414 a
777 1372 878 1435 regno
903 1349 1023 1415 Christi
1048 1351 1236 1433 excludunt,
1260 1376 1295 1418 se
1319 1365 1539 1441 compescant,
1568 1354 1722 1440 quoniam
1745 1353 1844 1439 digne
1866 1375 1933 1418 nou
1955 1365 2091 1440 possunt
2113 1352 2187 1418 sub·

534 1455 609 1520 ditis
632 1456 814 1542 predicare,
838 1468 874 1520 ut
897 1456 939 1521 ab
962 1457 1012 1521 his
1036 1480 1071 1523 se
1095 1456 1290 1542 abstineant,
1314 1483 1389 1525 cum
1411 1461 1474 1547 ipsi
1497 1460 1558 1542 his,
1578 1460 1671 1547 quod
1688 1459 1786 1524 valde
1804 1458 1958 1542 dedecus,
1982 1461 2080 1526 immo
2104 1461 2188 1547 peri·

534 1562 679 1628 culusum
703 1574 761 1645 est,
787 1586 821 1627 se
845 1565 1114 1651 mancipaverint.
1154 1563 1297 1630 Gravius
1321 1568 1443 1654 quippe
1466 1567 1673 1653 atrociusque
1696 1565 1758 1630 hae
1781 1566 1955 1653 pestiferae
1979 1565 2048 1632 lues
2072 1565 2188 1631 inillis

534 1669 752 1756 dampnantur
784 1692 882 1756 quam
912 1671 945 1733 iu
981 1670 1047 1752 his,
1083 1674 1138 1759 qui
1170 1695 1282 1737 eorum
1306 1672 1402 1739 dictis
1426 1685 1459 1739 et
1482 1673 1640 1760 exemplis
1664 1671 1706 1738 ab
1730 1671 1779 1737 his
1803 1672 1971 1738 coherceri
1994 1671 2186 1738 debuerunt
2208 1699 2234 1738 ro

535 1775 648 1841 Solent
671 1799 812 1863 namque
837 1800 856 1841 a
878 1777 1041 1842 nonnullis
1065 1778 1260 1844 multifariae
1290 1782 1480 1845 occasiones
1514 1779 1665 1862 obtendi,
1700 1801 1785 1866 quae
1819 1781 2024 1845 necessitatis
2058 1781 2187 1844 nominc

535 1883 720 1970 palliantur.
766 1884 810 1948 Et
832 1906 948 1948 revera
970 1884 1048 1949 dum
1073 1887 1217 1950 exterius
1240 1888 1417 1952 necessitas
1447 1885 1686 1973 praetenditur,
1721 1888 1856 1951 interius
1890 1887 2028 1951 avaritia
2057 1888 2186 1972 tegitur.

409 1989 516 2085 'ffffifr
534 1989 592 2053 Ait
614 1990 724 2076 itaque
741 1989 904 2054 Dominus
927 1991 961 2053 in
986 1991 1174 2077 evangelio:
1199 1994 1307 2059 Nolite
1327 1995 1537 2060 thesaurizare
1555 1996 1640 2059 uobis
1656 1994 1817 2058 thesauros
1840 1996 1873 2058 in
1897 2008 1993 2074 terro,
2018 1995 2074 2058 ubi
2093 2018 2188 2081 erugo

536 2114 564 2162 et
586 2100 669 2162 tinea
694 2098 861 2162 demolitur
884 2112 913 2163 et
936 2100 992 2163 ribi
1004 2100 1104 2187 fures
1127 2101 1282 2186 effodiunt
1304 2116 1332 2166 et
1346 2103 1517 2188 furantur.
1562 2100 1592 2163 T
1589 2101 1782 2165 hesaurizate
1799 2114 1900 2165 auum
1917 2101 2005 2164 vobis
2027 2101 2189 2165 thesauros

536 2207 571 2269 in
593 2205 690 2283 eaelo,
714 2206 772 2268 ubi
792 2229 889 2290 neque
911 2230 1005 2292 eruqo
1030 2231 1126 2292 neque
1149 2211 1234 2272 tinea
1252 2208 1421 2273 denrohtur
1443 2222 1472 2272 et
1495 2208 1663 2295 ubifures
1686 2231 1748 2271 non
1770 2206 1925 2293 effodiunt
1947 2231 2001 2271 nec
2016 2209 2186 2294 furantur.
2208 2230 2234 2270 rs

542 2311 610 2375 Ubi
630 2325 674 2376 est
696 2314 778 2375 euim
802 2312 967 2376 thesaurus
989 2326 1078 2392 mus,
1108 2315 1159 2378 toi
1188 2328 1233 2378 est
1262 2329 1290 2379 et
1319 2338 1374 2379 cor
1395 2329 1490 2378 tuum.
1537 2313 1682 2378 Econtra
1704 2310 1844 2377 lacobus
1873 2311 2038 2399 apostolus
2068 2311 2187 2378 divites

371 2437 415 2477 ne.
424 2438 514 2487 s,1-s.
534 2415 724 2502 alloquitur:
744 2418 838 2504 Agite
854 2443 935 2482 nunc
951 2419 1075 2499 diuites,
1087 2420 1213 2505 plorate
1230 2422 1385 2486 ululantes
1402 2423 1435 2485 in
1451 2423 1602 2500 maheriis,
1626 2444 1706 2506 quae
1722 2419 1894 2485 adveniunt
1909 2421 2006 2484 vobis.
2037 2419 2188 2486 >Diuitias

537 2537 654 2588 nestrae
671 2525 874 2612 putrefactae
897 2539 1123 2606 sss12t3curum
1149 2541 1282 2591 restrum
1305 2543 1334 2592 et
1354 2542 1517 2614 arpentum
1540 2529 1736 2614 erupinabit5
1759 2541 1788 2591 et
1809 2551 1903 2612 erugo
1919 2551 2023 2592 corum
2043 2528 2129 2591 asota
2152 2528 2186 2590 in

535 2632 742 2695 testimouium
777 2633 838 2695 erit
871 2645 899 2695 et
932 2632 1136 2697 manducabit
1164 2658 1276 2699 carnes
1307 2649 1423 2699 vestras
1445 2637 1528 2699 sicut
1550 2636 1642 2721 spuis.
1690 2631 1813 2698 Scribit
1835 2633 1934 2697 etiam
1956 2631 2050 2696 Beda
2072 2632 2106 2696 in
2129 2655 2185 2696 ex·

534 2737 695 2821 positione
714 2734 918 2801 tabernaculi
936 2738 982 2801 ita
1004 2739 1172 2824 inquiens:
1197 2745 1321 2820 Neqne¹
1343 2749 1407 2816 hoc,
1432 2751 1507 2821 quod
1530 2750 1612 2821 primi
1635 2747 1754 2804 tiliorum
1769 2749 1865 2804 Aaron
1887 2755 1953 2820 post
1970 2749 2186 2816 ordinationem,
2204 2764 2233 2804 so

385 2846 514 2950 &mma
535 2870 597 2907 curn
620 2853 714 2924 ignem
738 2852 859 2907 alienum
882 2852 1019 2908 offerrent
1042 2872 1133 2909 coram
1157 2855 1288 2924 Domino,
1319 2858 1385 2928 igne
1410 2856 1529 2911 caelesti
1551 2856 1710 2927 perierunt,
1744 2874 1762 2911 a
1790 2853 1994 2927 significatione
2021 2855 2187 2911 miserabilis

534 2959 622 3014 nostri
646 2960 928 3030 temporis-aborret,
951 2961 1000 3015 ubi
1022 2961 1149 3016 nonnulli
1173 2964 1352 3018 sacerdotum
1373 2982 1407 3018 ac
1431 2964 1575 3018 doetormn
1590 2963 1651 3017 loco
1666 2963 1761 3035 potiti,
1785 2962 1861 3033 quod
1877 2962 1955 3017 dictu
1972 2979 2083 3033 quoque
2099 2979 2185 3034 grave

534 3083 567 3119 ac.
590 3066 710 3137 lugubre
734 3067 801 3122 satis
826 3073 881 3134 est,
917 3067 983 3121 dum
1006 3067 1100 3139 ignem
1124 3069 1288 3140 cupiditatis
1317 3071 1374 3143 igni
1398 3087 1523 3141 superne
1547 3069 1708 3125 dilectionis
1730 3076 1919 3140 anteponunt,
1955 3069 2021 3141 igne
2045 3085 2185 3140 supernae

534 3172 648 3227 ultionis
674 3173 874 3240 absumuntur,
907 3191 1023 3244 quorum
1052 3183 1194 3246 perpetua
1224 3176 1385 3248 danrpnatio
1415 3176 1563 3247 temporali
1594 3183 1638 3230 est
1669 3174 1789 3230 filiorum
1812 3175 1908 3230 Aaron
1938 3183 2028 3230 morte
2052 3174 2184 3247 figurata.

534 3268 656 3334 Scribit
679 3282 712 3333 et
734 3270 920 3334 Pomerius:
949 3277 1034 3335 Non²
1057 3290 1151 3352 potest
1175 3282 1271 3337 dicere
1299 3285 1430 3339 sacerdos
1453 3283 1694 3353 contemptoribus
1717 3282 1915 3338 admonitionis
1937 3299 2023 3338 suae:
2048 3282 2184 3336 Futurum
2203 3296 2231 3337 so

534 3389 659 3457 cogitate
683 3386 826 3452 iudicium,
851 3388 925 3457 quod
950 3388 1010 3459 ipse
1034 3388 1107 3443 forte
1131 3405 1188 3443 non
1211 3390 1333 3460 cogitat3
1369 3390 1541 3445 amatoribus
1570 3390 1681 3444 mundi:
1718 3389 1814 3444 Nolite
1845 3389 1965 3460 diligere
1988 3389 2130 3456 mundum,
2162 3390 2183 3443 si

535 3511 597 3548 sum
620 3494 716 3547 mundi
740 3511 817 3548 amor
839 3494 982 3560 oblectat3
1008 3495 1175 3550 ambitiosis:
1200 3496 1354 3550 Ambitioni
1377 3497 1431 3551 iam
1451 3495 1538 3552 finem
1554 3497 1692 3568 inponite,
1716 3497 1739 3550 si
1756 3514 1820 3552 cum
1837 3496 1952 3551 ambitio
1975 3497 2086 3552 ruinosa
2101 3514 2183 3567 prae·

533 3599 647 3670 cipitat3
683 3600 834 3654 aebriosis:
860 3600 1057 3656 Aebrietatem
1093 3610 1211 3668 cavete,
1247 3603 1270 3656 si
1305 3621 1334 3658 se
1369 3621 1447 3659 mero
1481 3622 1569 3674 usque
1601 3605 1637 3659 ad
1670 3602 1870 3659 alienationem
1893 3603 1996 3659 mentis
2019 3603 2183 3674 ingurgitat.

532 3705 708 3777 Sumptuosis
732 3707 852 3777 dapibus
874 3708 978 3762 crudus
1001 3726 1056 3762 non
1079 3716 1175 3779 potest
1206 3710 1263 3762 suis
1285 3709 1486 3765 abstinentiam
1517 3711 1644 3778 laudare,
1676 3728 1758 3781 quam
1781 3711 1890 3778 calcat3
1920 3709 1990 3765 vitio
2020 3709 2184 3781 cupiditatis

532 3812 662 3867 addictus
686 3813 794 3884 cupidis
816 3830 938 3868 sanorem
961 3831 1017 3868 non
1039 3823 1136 3885 potest
1159 3816 1323 3872 dissuadere
1347 3818 1497 3888 pecuniae.
1543 3817 1751 3871 inimicitiarum
1781 3824 1869 3871 tenax
1897 3834 1954 3872 non
1980 3817 2099 3871 audebit
2122 3816 2182 3870 ani·
2202 3829 2230 3869 so

531 3936 590 3973 mos
613 3919 808 3975 dissidentium
832 3920 1003 3975 sacerdotali
1033 3921 1241 3992 tranquillitate
1272 3941 1451 3995 componere.
1497 3923 1644 3978 Iustitiam
1671 3923 1819 3994 predicare
1854 3923 1992 3978 iudicibus
2028 3923 2180 3989 erubescit,

532 4043 614 4096 quam
637 4027 697 4097 ipse
721 4043 842 4097 persone
865 4028 991 4097 potentis
1013 4027 1110 4082 farore
1135 4029 1304 4100 corrumpit3
1339 4049 1393 4086 nec
1417 4030 1557 4086 defendet
1580 4031 1747 4102 obpressos,
1782 4031 1804 4084 si
1835 4047 1970 4101 personas
1992 4039 2042 4084 aut
2065 4029 2182 4084 honorat

532 4141 581 4188 aut
604 4133 742 4204 despicit3
767 4140 797 4188 et
820 4133 954 4205 quicquid
977 4135 1044 4188 boni
1067 4153 1122 4189 non
1145 4135 1215 4190 facit
1239 4146 1288 4190 aut
1312 4138 1378 4192 mali
1401 4137 1561 4203 committit,
1592 4156 1646 4192 nec
1670 4138 1780 4193 iubebit
1803 4136 1866 4192 fieri
1889 4155 1944 4193 uec
1966 4137 2087 4202 vetabit,
2117 4138 2182 4208 quia

531 4240 719 4294 necessariam
742 4241 863 4295 docendi
886 4242 1085 4297 auctoritatem
1108 4243 1329 4300 contrariaetate
1353 4262 1420 4299 suae
1444 4244 1562 4300 actionis
1585 4245 1689 4300 amittit
1713 4253 1762 4299 arrt
1784 4245 1893 4299 minuit.
1939 4233 1979 4297 In
2002 4234 2070 4297 vita
2092 4231 2181 4298 beati

530 4335 696 4400 Ambrosii
726 4336 860 4422 legitur:
895 4345 1135 4419 Ingemescebat3
1165 4351 1237 4404 cuim
1261 4351 1456 4419 vehementer,
1492 4370 1555 4406 cum
1590 4352 1701 4407 videret
1734 4351 1859 4406 radicem
1892 4351 2013 4405 omnium
2047 4352 2180 4405 malorum
2199 4366 2226 4405 so

530 4454 684 4520 arandam,
711 4472 782 4525 quae
806 4473 901 4525 neque
925 4456 1006 4526 copia
1028 4474 1122 4527 neque
1147 4456 1242 4528 inopia
1264 4457 1349 4511 minui
1372 4465 1479 4528 potest,
1511 4459 1599 4530 magis
1622 4458 1765 4530 magisque
1789 4458 1948 4513 increscere
1973 4457 2000 4511 iu
2024 4456 2181 4511 hominihus

531 4569 561 4615 et
584 4560 703 4616 niaxime
726 4561 755 4614 in
778 4560 837 4626 his,
873 4561 919 4631 qui
948 4561 978 4615 in
1006 4562 1196 4632 potestatibus
1220 4570 1302 4618 erant
1325 4564 1487 4632 constituti,
1518 4564 1559 4618 ita
1581 4571 1612 4617 ut
1636 4564 1845 4619 interveniendi
1868 4564 1909 4617 illi
1931 4564 2007 4634 apud
2030 4563 2093 4617 illos
2115 4582 2179 4635 gra·

531 4668 656 4721 sissimus
679 4667 759 4722 labor
783 4677 875 4734 esset,
910 4669 977 4739 quia
1006 4669 1099 4723 omnia
1121 4670 1232 4740 praetio
1256 4671 1459 4726 distrahebant.
1508 4668 1588 4734 Quae
1621 4689 1666 4725 res
1700 4689 1781 4725 omne
1814 4670 1917 4725 malum
1951 4670 2038 4741 primo
2073 4670 2180 4724 invexit

530 4775 640 4840 Italiae,
667 4784 696 4829 et
721 4776 824 4830 exinde
848 4776 940 4830 omnia
962 4786 1119 4848 verguntur
1141 4777 1170 4830 in
1194 4778 1285 4847 peius.
1325 4778 1362 4831 Et
1387 4778 1455 4849 quid
1479 4779 1579 4844 (licata,
1604 4779 1627 4831 si
1650 4778 1678 4831 in
1702 4777 1857 4831 huiusmodi
1872 4777 2001 4848 personis
2018 4777 2058 4831 ita
2073 4778 2179 4832 rabiem

529 4901 605 4936 suam
630 4889 776 4945 exercent,
808 4882 853 4953 qui
884 4883 976 4937 solent
999 4890 1048 4938 aut
1072 4882 1190 4938 liliorum
1214 4891 1262 4937 aut
1286 4885 1505 4955 propinquorum
1529 4903 1627 4939 causas
1650 4885 1841 4955 praetendere
1865 4884 1907 4939 ad
1928 4883 2108 4939 amandas
2131 4901 2179 4939 ex·
2196 4898 2225 4939 so

529 4987 684 5045 cessationes
707 4987 735 5044 in
755 4987 889 5063 pcccatis,
914 4991 1142 5061 quandoquidem
1165 4992 1317 5061 plerosque
1343 4991 1470 5063 coeperit
1494 4992 1578 5046 etiam
1602 5008 1689 5045 caeca
1711 4991 1791 5045 labes
1814 4991 1977 5045 sacerdotes
1999 4999 2030 5044 et
2050 4990 2177 5056 Levitae,

633 5198 713 5248 XIII.
742 5193 848 5261 2Deo]
869 5199 913 5249 Do
932 5197 963 5248 P.
1025 5194 1194 5262 3daremus]
1214 5199 1311 5250 damus
1330 5199 1358 5249 V.
1378 5199 1408 5249 P.
1470 5199 1637 5250 dmalorum
1658 5194 1709 5263 est]
1727 5198 1808 5249 adde:
1827 5207 1850 5249 ct
1868 5215 1930 5264 quiae
1948 5195 2010 5260 (scit.
2028 5198 2138 5249 auaritia
2156 5205 2180 5248 et

526 5285 669 5351 cupiditas).
746 5289 778 5337 10
797 5289 942 5338 damnatur
962 5287 988 5337 Γ.
1008 5286 1039 5337 Ρ.
1119 5290 1150 5338 12
1171 5283 1329 5353 palliantur]
1349 5287 1495 5354 pelliuntur
1515 5287 1541 5338 Γ.
1621 5291 1654 5338 24
1674 5288 1831 5352 temporalis
1852 5288 1878 5337 V.
1951 5289 1983 5338 25
2004 5287 2177 5348 PomeriuV,

527 5376 644 5441 Prosper
663 5375 693 5425 P.
761 5378 793 5426 at
815 5393 876 5425 eum
894 5376 961 5425 deest
979 5376 1005 5425 Γ.
1071 5378 1105 5426 30
1124 5378 1239 5443 cupidus
1258 5376 1289 5427 P.
1354 5380 1388 5428 33
1407 5373 1545 5442 quicquid]
1566 5377 1601 5427 ita
1619 5395 1691 5437 corr,
1711 5378 1777 5442 quid
1799 5377 1824 5427 V.
1845 5377 1875 5426 P.
1940 5379 1973 5426 34
1993 5371 2035 5439 Ιη]
2057 5377 2093 5425 ita
2112 5376 2177 5436 edd,

527 5465 565 5513 Ex
587 5464 614 5513 Γ.
634 5465 666 5518 P.
738 5468 771 5515 38
793 5461 969 5528 laborasset]
992 5465 1141 5516 laborasset
1162 5466 1188 5515 Γ.
1261 5469 1296 5515 40
1315 5482 1416 5516 caucos
1437 5466 1462 5516 Γ.
2194 5481 2222 5521 st

636 5666 664 5730 l)
688 5664 781 5734 Beda,
805 5665 852 5722 De
875 5665 1056 5722 tabernaculo
1079 5664 1132 5721 III
1151 5685 1174 5721 c.
1190 5669 1227 5732 2,·
1252 5665 1360 5740 ilignae,
1385 5664 1748 5736 patrocinaturos.
1819 5665 1850 5734 2)
1875 5664 2003 5722 lulianus
2019 5664 2174 5734 Pomeriua,

526 5770 571 5826 Ile
594 5771 651 5826 rita
675 5771 888 5846 conternplatica
914 5771 933 5827 1
951 5791 974 5826 c.
994 5774 1033 5831 15
1041 5793 1051 5838 ;
1083 5769 1157 5846 opp.
1183 5771 1321 5847 Prosperi
1343 5791 1412 5846 app.
1430 5775 1477 5830 13.
1593 5773 1623 5832 3)
1648 5772 1795 5842 Paulinus,
1827 5771 1890 5830 Vita
1914 5771 2054 5829 Arrrbrmii
2076 5791 2100 5828 c.
2118 5774 2175 5834 41.-

526 5879 599 5952 (pp.
626 5876 765 5934 Arnbrosii
786 5877 827 5946 II,
852 5897 920 5952 app.
945 5879 994 5933 col.
1017 5878 1070 5934 XI.
