4884 6717
530 523 593 586 732
947 529 998 584 56.
1034 526 1253 584 CONCILIUM
1276 524 1605 590 AQUISGRANENSE
1629 525 1665 580 Α.
1687 523 1761 579 836.

364 733 508 784 romara
528 731 598 781 coto
621 741 678 780 sno
702 731 809 802 sponte
827 719 1055 802 promitterent,
1087 718 1163 801 qnia
1195 714 1288 779 corde
1318 728 1377 778 toto
1401 714 1572 800 offerebant
1595 737 1629 776 en
1656 712 1802 776 Domino.
1851 710 1917 774 Sed
1939 725 1967 775 et
1990 711 2103 776 Dorici
2126 736 2182 776 rer

399 790 474 830 Μ’
530 824 662 887 laetatus
685 837 729 887 est
748 823 869 908 poetelio
893 847 1005 908 nrnqno
1030 837 1058 886 et
1080 823 1241 886 benedicit
1255 821 1393 884 Domino
1417 844 1523 884 eoram
1549 822 1696 882 antiret-sa
1719 818 1919 882 multitudine
1942 832 1971 881 et
1992 821 2057 882 nit:
2079 817 2180 882 Bene·

528 930 631 994 dictus
653 955 696 1008 es,
720 929 845 993 donn‘ne
869 929 956 992 Dens
979 929 1107 992 Israhel
1121 930 1231 1014 patris
1256 930 1364 1005 nostri,
1388 928 1427 989 ob
1451 940 1575 989 aeterno
1599 929 1633 989 in
1656 939 1823 988 oeternum.
1864 924 1894 986 T
1894 950 1931 988 no
1957 940 2009 1004 est,
2034 925 2180 1004 Domine,

527 1038 761 1121 mqqnificentia
785 1051 813 1099 et
829 1039 970 1121 potentio
996 1050 1023 1099 et
1043 1037 1149 1120 ploriu
1174 1048 1266 1118 atque
1292 1035 1422 1097 rictorio
1448 1047 1475 1096 et
1498 1035 1559 1096 tibi
1581 1033 1667 1100 lons:
1691 1045 1799 1095 ererretn
1824 1034 1917 1108 enim,
1941 1056 2021 1116 quae
2046 1034 2079 1096 in
2095 1033 2181 1095 eaelo

526 1157 599 1206 erent
621 1156 649 1204 et
671 1167 750 1226 quoe
776 1145 808 1205 in
832 1156 927 1221 terro,
952 1157 1004 1206 tna
1027 1157 1106 1205 sient.
1148 1141 1261 1220 Tuam,
1285 1140 1431 1219 Domine,
1457 1165 1594 1226 requam,
1618 1153 1646 1200 et
1668 1153 1701 1202 tn
1724 1163 1755 1200 es
1778 1163 1873 1224 snper
1889 1163 1993 1202 omnes
2005 1141 2211 1224 principans

534 1248 619 1312 Tace
643 1249 776 1312 divitiae
800 1264 828 1312 et
850 1263 903 1312 tao
927 1264 971 1312 est
991 1250 1106 1334 pieria.
1154 1247 1199 1309 Tu
1225 1248 1402 1310 (lorninoris
1426 1249 1574 1324 omnium,
1608 1248 1639 1308 in
1665 1271 1758 1308 nrann
1783 1259 1835 1308 tao
1862 1248 1960 1309 rietus
1983 1259 2011 1308 et
2030 1248 2179 1330 potentio,

529 1358 562 1419 in
585 1381 681 1418 ortano
704 1370 757 1418 tno
781 1356 964 1442 artofpritndo
987 1369 1015 1418 et
1039 1357 1206 1439 imperinm
1231 1356 1379 1417 ornnimn.
1418 1353 1512 1416 Al'rrne
1538 1355 1645 1439 iyitnr,
1669 1352 1757 1416 Dens
1780 1365 1893 1430 noster,
1916 1355 2098 1437 eonfitemur
2122 1354 2184 1415 tibi

528 1477 555 1526 et
579 1462 747 1546 lorrdnnms
776 1486 886 1524 norrreu
917 1476 1001 1524 tunm
1034 1462 1185 1524 inelitnm.
1237 1461 1316 1537 Quis
1346 1484 1399 1546 eqo
1430 1474 1458 1522 et
1487 1461 1559 1544 quie
1576 1460 1717 1544 popolus
1741 1483 1836 1536 inens,
1866 1472 1900 1522 nt
1923 1461 2083 1543 possimne
2106 1459 2181 1522 lroeo

529 1571 590 1633 tibi
605 1572 750 1632 universo
763 1569 970 1653 promittere?
1011 1567 1078 1630 Tuo
1102 1582 1173 1630 sant
1196 1570 1313 1645 onruin,
1337 1581 1365 1629 et
1388 1591 1467 1651 qnae
1492 1567 1529 1629 de
1552 1590 1647 1629 neena
1671 1579 1724 1628 tna
1745 1567 1922 1650 accepimns
1946 1565 2091 1628 dedimam
2112 1568 2179 1629 tibi.

367 1719 509 1768 irenaeo,
637 1691 727 1755 VIII.
763 1692 934 1776 Perepriui
954 1695 1036 1754 eninr
1060 1717 1167 1754 enneae
1191 1715 1296 1754 eornm
1322 1705 1348 1753 te
1372 1705 1400 1752 et
1422 1690 1571 1768 adeonae,
1595 1692 1677 1752 sient
1699 1713 1802 1752 ornnes
1820 1703 1930 1774 potres
1954 1692 2061 1753 nostri.
2103 1689 2182 1753 Dies
2201 1714 2228 1753 ιο

396 1774 483 1816 Μ
529 1802 632 1864 nostri
653 1802 750 1884 qnasi
771 1801 879 1861 tenebre
904 1823 1000 1884 snper
1023 1813 1150 1864 terram.
1181 1813 1209 1861 et
1239 1798 1328 1860 nulio
1352 1812 1397 1860 est
1419 1821 1516 1860 nroru.
1565 1796 1702 1859 Domine
1725 1796 1813 1859 Dent
1837 1809 1948 1866 ηθθΐθνν
1979 1799 2080 1859 ornnis
2107 1797 2182 1859 dm

528 1909 632 1993 sopio,
657 1932 749 1992 quom
771 1909 971 1991 perornans,
1004 1920 1035 1968 nt
1064 1905 1288 1991 aedificaretur
1318 1903 1427 1966 doeens
1452 1905 1575 1966 nomini
1595 1916 1646 1965 tno
1669 1916 1785 1982 sancto,
1816 1902 1854 1965 de
1877 1927 1972 1965 monn
1996 1918 2049 1966 tuo
2073 1917 2126 1984 est,
2156 1918 2184 1967 et

529 2029 581 2078 tuo
605 2027 677 2077 earn
699 2016 814 2076 omrn'n.
864 2013 948 2090 Seio,
979 2012 1066 2074 Doris
1089 2036 1184 2090 mens,
1217 2011 1303 2095 qnod
1327 2012 1441 2096 probes
1472 2009 1569 2073 eorda
1599 2023 1627 2073 et
1653 2010 1885 2094 simplicitatem
1911 2009 2040 2095 ri'tr'qns.
2094 2010 2182 2074 Unde

529 2136 557 2185 et
579 2145 632 2206 epo
658 2122 690 2183 in
714 2121 918 2204 simplicitate
942 2119 1049 2182 cordis
1081 2121 1143 2181 mei
1171 2118 1271 2181 laetus
1302 2119 1403 2180 obtuli
1425 2119 1571 2180 artie-ersa
1595 2117 1670 2180 boec
1693 2130 1721 2178 et
1737 2116 1894 2201 populum
1925 2130 2020 2194 tnurn,
2052 2120 2110 2201 qui
2130 2118 2182 2181 irie

531 2241 669 2312 repertus
693 2241 745 2304 est,
773 2227 843 2288 ridi
863 2251 932 2288 cnm
958 2228 1077 2312 inperiti
1095 2225 1215 2310 perroto
1241 2226 1301 2288 tibi
1322 2227 1436 2309 offerre
1453 2223 1598 2287 dorruria.
1635 2222 1771 2286 Domine
1787 2223 1874 2286 Dens
1888 2223 2064 2302 Abrohom,
2087 2223 2182 2288 Isaeo
2200 2246 2227 2285 rs

529 2346 557 2396 et
579 2333 714 2410 Israhel,
733 2347 863 2417 petram
890 2347 1075 2409 nostrornrn,
1100 2332 1224 2394 custodi
1245 2334 1279 2394 in
1302 2345 1460 2395 oeternum
1477 2330 1557 2393 intre
1573 2330 1758 2392 rolmrtotern
1775 2329 1882 2392 cordis
1898 2354 2003 2393 eornm
2019 2345 2048 2393 et
2061 2355 2183 2416 senrper

529 2441 561 2502 in
588 2442 783 2502 remoratione
807 2442 856 2502 tui
877 2463 962 2501 rnerrs
988 2441 1045 2500 istn
1067 2452 1261 2523 permanent.
1297 2437 1386 2500 Ecce
1411 2435 1528 2521 quibus
1553 2435 1755 2499 documentis
1779 2435 1858 2498 tanti
1880 2437 1978 2520 regiS,
2001 2434 2075 2500 Deo
2091 2436 2180 2500 vidc-

376 2563 509 2612 aetaatt.
528 2543 606 2607 lieet
623 2543 719 2629 pleni,
745 2544 785 2607 de
803 2567 866 2630 quo
883 2544 1043 2607 Dominus
1068 2545 1128 2606 ait:
1154 2544 1270 2608 Ira-eni
1284 2544 1398 2607 Dor-id
1419 2543 1587 2607 secondom
1612 2567 1665 2606 eor
1686 2567 1795 2622 meam,
1819 2551 1851 2605 ct
1867 2542 1907 2604 de
1925 2564 1989 2627 quo
2005 2544 2040 2605 in
2056 2542 2180 2629 psalmo

386 2660 467 2712 Pica
476 2671 507 2709 ²1.
529 2651 671 2715 canitur:
701 2651 816 2715 Imeni
838 2652 950 2716 Darid
971 2677 1093 2716 serrum
1119 2677 1229 2728 aeream,
1254 2652 1320 2715 oleo
1343 2666 1448 2714 surreio
1472 2675 1538 2713 meo
1564 2652 1660 2713 areeri
1682 2674 1760 2727 errnr,
1784 2647 1907 2734 liquido
1932 2649 2180 2730 demonstratur,

528 2757 616 2843 quod
640 2759 757 2826 ouinia.
782 2780 865 2843 quac
890 2759 922 2820 in
947 2756 1046 2821 caelis
1071 2771 1103 2820 et
1127 2759 1160 2819 in
1184 2757 1278 2820 terris
1303 2771 1386 2836 sunt,
1411 2756 1545 2819 Domini
1570 2757 1642 2818 sint.
2199 2780 2228 2818 ro

636 2882 743 2945 VlIll.
786 2882 827 2945 Et
852 2881 939 2966 quod
963 2905 1056 2944 neruo
1081 2883 1154 2944 Deo
1179 2882 1355 2966 quiequam
1379 2880 1495 2943 offerre
1519 2878 1607 2942 valet
1630 2880 1693 2942 nisi
1717 2902 1766 2960 oa,
1799 2902 1882 2965 quae
1915 2880 1954 2943 de
1985 2904 2084 2945 manu
2112 2883 2180 2944 eius

528 2990 666 3074 accepit,
698 3000 730 3052 et
753 2988 840 3074 quod
864 2989 1024 3052 Dominus
1055 2987 1095 3050 de
1127 2987 1186 3066 his,
1220 3009 1302 3072 quae
1334 2986 1433 3058 dedit,
1466 2985 1528 3049 sibi
1559 2987 1702 3071 pretiosa
1733 3008 1882 3071 quaeque
1913 3010 2036 3073 suoque
2067 3001 2180 3052 sancto

528 3096 651 3159 nomini
674 3097 808 3158 sacratis
832 3095 911 3158 locis
936 3094 1044 3158 offerri
1068 3118 1131 3156 non
1157 3094 1280 3172 abnuit,
1312 3095 1409 3157 immo
1439 3092 1555 3156 oblatis
1580 3092 1760 3157 delectatur
1784 3105 1815 3156 et
1839 3092 1948 3156 oblata
1971 3094 2092 3158 auferri
2115 3119 2180 3157 non

527 3203 659 3287 patitur.
694 3201 778 3264 Nam
803 3201 851 3263 his
876 3213 909 3264 et
932 3201 1003 3264 aliis
1028 3201 1212 3264 divinarum
1238 3202 1471 3285 scripturarum
1495 3198 1604 3263 verbis
1629 3199 1700 3263 luce
1725 3199 1842 3263 clarius
1859 3211 1949 3263 extat
1964 3202 2180 3282 manifestum,

529 3308 616 3394 quod
640 3330 689 3388 ea,
714 3331 797 3393 quae
822 3309 983 3371 Dominus
1008 3306 1068 3370 sibi
1095 3308 1203 3371 offerri
1228 3308 1330 3386 iussit,
1363 3306 1405 3369 ad
1436 3305 1558 3370 cultum
1590 3307 1765 3369 sanctuarii
1796 3305 1973 3392 templique
2003 3309 2053 3370 sui
2084 3319 2116 3372 et
2139 3308 2181 3371 ad
2199 3330 2227 3369 re

529 3438 622 3478 usum
653 3415 858 3478 sacerdotum
889 3415 1142 3500 Levitarumquc
1178 3416 1308 3477 cumino
1346 3412 1462 3477 cedere
1494 3412 1642 3476 voluerit.
1689 3411 1733 3476 Et
1768 3415 1850 3476 sicut
1884 3415 1918 3476 in
1947 3414 2032 3478 votis
2067 3427 2181 3500 sponte

529 3521 731 3585 offerentium
756 3521 903 3600 laetatur,
929 3523 972 3584 ita
996 3522 1029 3583 in
1052 3544 1118 3583 non
1143 3521 1346 3583 offerentium
1369 3518 1422 3582 vel
1448 3519 1794 3605 ctiam‘quoquomodo
1811 3520 1938 3583 auferre
1956 3523 2182 3606 temptantium

530 3626 842 3712 transgressionibus
874 3627 1052 3713 perieulum
1083 3628 1310 3690 interminatur
1340 3627 1462 3694 mortis,
1495 3627 1579 3689 sicut
1606 3627 1640 3688 iu
1664 3626 1874 3711 sequentibus
1900 3625 2181 3692 demonstrabitur.

640 3752 682 3814 X.
721 3752 824 3815 Nemo
845 3774 940 3837 porro
958 3764 1047 3837 putet
1071 3774 1120 3830 ea,
1146 3774 1230 3837 quae
1255 3753 1372 3814 iniuste
1397 3751 1584 3836 adquisivit,
1610 3751 1650 3814 de
1675 3774 1773 3815 manu
1788 3752 1854 3815 Dei
1878 3774 1912 3815 se
1937 3754 2103 3838 accepisse
2128 3765 2184 3816 aut

360 3883 512 3930 aeclissis.
530 3860 706 3945 quiequam
730 3881 772 3921 ex
796 3858 845 3922 his
863 3859 935 3921 Dec
952 3871 1079 3942 gratum
1097 3859 1213 3922 ofl'crre
1230 3881 1336 3944 posse,
1363 3881 1436 3920 curn
1454 3859 1608 3942 scriptum
1634 3859 1691 3920 sit:
1720 3857 1786 3934 Qui
1806 3861 1898 3944 qffert
1913 3859 1980 3922 lieo
2004 3884 2042 3922 ar
2065 3863 2181 3945 rapina
2201 3881 2228 3920 ro

525 3992 715 4052 puerperam,
746 3969 842 4050 qrroei
870 3969 928 4050 qui
959 3969 1098 4030 rietimot
1118 3968 1228 4052 ¹tilium
1262 3969 1293 4029 in
1325 3979 1489 4051 conspeetu.
1514 3967 1705 4051 patrissui.
1754 3963 1818 4044 Qui
1843 3986 1920 4050 ergo
1945 3965 2090 4029 ordinate
2114 3965 2182 4028 vult

379 4096 509 4144 nannai.
531 4070 654 4157 aliquid
673 4072 746 4135 Deo
771 4072 897 4150 offerre,
922 4073 1061 4157 primum
1086 4074 1228 4157 scipsum
1253 4072 1376 4148 offerat,
1403 4070 1557 4133 videlicet
1580 4072 1673 4133 iuxta
1696 4071 1885 4156 apostolum,
1910 4072 2042 4135 lrostr'nm
2069 4056 2182 4140 rienrn.

529 4193 680 4257 sonetum,
704 4179 772 4240 Deo
789 4181 984 4263 placentem:
1015 4177 1133 4241 deinde
1165 4201 1206 4240 ex
1231 4178 1290 4258 his,
1324 4200 1407 4263 quae
1437 4177 1518 4239 iuste
1543 4176 1729 4261 adquisivit,
1763 4176 1796 4239 id
1827 4188 1876 4240 est
1906 4199 1988 4263 quae
2019 4177 2060 4241 de
2084 4201 2182 4241 manu

532 4285 654 4349 domini
677 4284 742 4348 Dei
766 4286 904 4370 accepit,
930 4285 992 4347 sibi
1016 4285 1220 4370 profuturum
1244 4284 1383 4347 feliciter
1407 4284 1521 4347 foenus
1546 4284 1688 4346 Domino
1713 4283 1946 4347 accommodet.

639 4409 698 4473 XI.
737 4409 980 4493 Adgrediamur
1004 4410 1103 4494 igitur
1124 4409 1256 4472 tandem
1281 4410 1397 4472 seriem
1413 4409 1534 4471 veteris
1557 4409 1744 4471 testamenti
1761 4419 1792 4471 et
1809 4408 1954 4472 rimando
1971 4410 2182 4495 inspiciamus
2201 4430 2228 4469 ss

532 4528 564 4581 et
586 4516 789 4602 inspiciendo
814 4517 977 4594 rimemur,
1009 4515 1148 4601 qualiter
1180 4517 1271 4600 origo
1296 4527 1327 4578 et
1350 4516 1464 4600 religio
1489 4515 1562 4578 Deo
1587 4514 1825 4578 offerendarum
1849 4538 1956 4580 rerum
1980 4516 2183 4580 inchoaverit

531 4634 563 4687 et
587 4623 725 4708 qualiter
755 4645 857 4708 usque
889 4621 930 4685 ad
961 4621 1126 4686 saeculum
1157 4635 1303 4686 nostrum
1334 4645 1393 4707 per
1422 4621 1633 4685 mediatorem
1665 4621 1729 4684 Dei
1754 4633 1785 4684 et
1809 4621 1984 4700 hominum,
2017 4622 2181 4686 dominum

531 4729 686 4793 videlicet
710 4729 818 4792 lesum
844 4727 1018 4797 Christum,
1043 4728 1281 4813 redemptorem
1304 4739 1460 4806 nostrum,
1486 4739 1518 4790 et
1541 4750 1600 4812 per
1625 4729 1694 4790 eius
1718 4727 1890 4813 apostolos,
1915 4730 2054 4792 nominis
2079 4730 2183 4792 sancti

532 4837 579 4899 sni
612 4849 758 4899 strenuos
790 4835 1011 4921 predicatores
1047 4857 1189 4920 suaeque
1225 4834 1302 4897 fidei
1337 4835 1521 4898 rudimenta
1555 4835 1588 4896 in
1623 4856 1750 4897 omnem
1786 4845 1903 4898 terram
1937 4847 2182 4922 propagatores,

532 4965 707 5027 eorumque
732 4965 936 5009 successores
961 4941 1093 5005 dilatata
1118 4955 1150 5004 et
1174 4943 1409 5004 incrementata
1432 4941 1539 5004 fuerit.
2201 4964 2228 5003 ro

638 5179 702 5228 vll.
734 5179 749 5226 6
769 5172 855 5240 Tune]
875 5183 937 5227 sunt
954 5177 1014 5226 add.
1035 5177 1071 5225 Μ.
1145 5177 1159 5226 ἵ
1181 5177 1370 5225 confitebimur
1390 5175 1420 5225 L.
1439 5176 1499 5225 Be.

640 5268 718 5316 l'lll.
751 5266 928 5330 lOpatrisli.
987 5269 1017 5315 15
1038 5265 1253 5314 lenerents..
1311 5267 1342 5314 19
1362 5266 1519 5314 Davitiiz’.
1575 5269 1608 5315 20
1628 5260 1721 5328 caeliss
1742 5273 1804 5315 sunt
1821 5267 1881 5316 adri.
1903 5266 1932 5316 L.
1987 5277 2049 5316 sunt
2067 5268 2134 5318 deest
2150 5267 2182 5318 L.

640 5357 736 5406 l'llll.
765 5357 796 5405 21
819 5354 910 5404 valeat
930 5355 989 5404 Ba
1003 5359 1026 5403 3.
1049 5355 1083 5404 ll.
1176 5356 1208 5403 23
1230 5350 1340 5416 aaroni}
1361 5354 1452 5402 offerri
1473 5354 1503 5403 L.
1523 5354 1581 5403 BL).
1596 5359 1620 5404 3.
1712 5358 1745 5403 ‘24
1764 5349 1876 5420 patitur]
1896 5372 1928 5404 ec.
1949 5354 2051 5420 liquido
2071 5357 2181 5406 demon-

533 5453 642 5508 stratur,
662 5463 724 5511 qaae
742 5463 771 5493 er
789 5461 844 5508 cop.
865 5444 937 5496 ΠΗ.
957 5441 1043 5505 mne
1063 5443 1202 5508 nrpptenda
1222 5452 1288 5492 saut.
1364 5445 1397 5492 ‘27
1418 5438 1535 5505 auferre]
1558 5444 1783 5493 offerret'.B1.
1856 5446 1889 5494 28
1908 5441 2182 5511 transgressionibus]

534 5536 569 5584 ito
588 5534 619 5586 L.
639 5534 883 5596 transgressoribus
902 5541 955 5581 cett.
2201 5547 2229 5586 rs

640 5625 672 5672 X.
700 5627 733 5673 rs
760 5617 799 5685 se]
824 5639 885 5672 sese
906 5622 942 5671 Ji.
1033 5625 1067 5670 30
1093 5615 1247 5685 quicquam]
1276 5622 1404 5685 quicquid
1431 5619 1466 5669 JI.
1559 5623 1592 5670 32
1619 5617 1725 5685 offerre]
1752 5622 1889 5672 desiderat
1913 5623 1973 5672 odd.
1999 5623 2033 5673 ol.
2054 5642 2121 5674 niun.
2145 5624 2183 5674 Μ.

534 5715 620 5779 primo
640 5729 652 5760 e
670 5730 733 5761 corr.
753 5711 789 5760 JJ.
863 5715 896 5759 34
916 5712 1019 5760 domiui
1037 5711 1103 5759 ‹ieest
1123 5710 1181 5758 DI.
1203 5707 1232 5758 l..
1254 5710 1312 5758 Rs.
1386 5711 1437 5758 lici
1456 5709 1522 5758 eleert
1541 5712 1577 5760 n.
1651 5706 1757 5773 foenus]
1778 5711 1876 5760 t'oedus
1895 5712 1932 5761 ll.

640 5802 689 5850 xl.
718 5803 752 5850 36
771 5801 942 5866 inspiciendo
963 5799 993 5848 L.
1085 5802 1117 5850 37
1144 5794 1294 5862 dominam]
1314 5800 1402 5848 Deum
1424 5798 1454 5848 L.
1546 5802 1579 5848 39
1604 5799 1666 5849 fidei
1686 5795 1848 5863 rudimenta]
1868 5800 1904 5850 ita
1922 5801 2002 5860 codd,
2029 5811 2126 5866 excepto
2144 5801 2181 5864 li,

534 5892 575 5940 ndi
593 5908 606 5940 e
623 5908 686 5940 corr.
705 5890 809 5955 lenitur:
829 5889 892 5938 fidei
912 5889 1062 5939 rudimenti.
1136 5891 1170 5938 40
1189 5890 1355 5938 incrementa
1375 5887 1404 5936 I..
