4884 6717
730 503 781 559 44.
818 502 1037 560 CONCILIUM
1060 501 1288 558 PARlSIENSE
1312 502 1349 557 A.
1370 500 1445 557 825.
1848 497 1910 560 541

259 698 313 754 Hic
336 699 451 772 magicis
474 699 593 755 fallaciis
621 700 778 772 deceperat
803 700 916 755 multos.
963 701 1096 756 Docebat
1125 706 1221 755 antem
1250 700 1449 754 detestandam
1477 699 1683 770 turpitudinem
1716 699 1915 756 indifferenter

258 807 357 861 utendi
380 806 493 862 feminis
515 824 569 863 nec
592 807 687 862 Deum
709 806 843 861 mundum
866 806 970 863 fecisse
994 807 1127 875 dicebat:
1158 806 1285 879 negabat
1315 807 1400 860 etiam
1430 806 1521 861 carnis
1544 808 1783 863 resurrectionem
1807 815 1837 863 et
1861 808 1912 862 ad·

257 914 409 969 severabat
439 931 470 969 se
494 911 638 968 Christum
667 914 799 985 idemque
827 912 922 969 Iovem
953 931 984 970 se
1016 914 1094 970 credi
1122 914 1249 982 volebat,
1279 913 1436 968 Minervam
1465 931 1532 969 vero
1562 915 1741 969 meretricem
1772 915 1913 986 quandam

259 1019 408 1088 Helenam,
442 1038 526 1092 quam
555 1021 608 1075 sibi
639 1021 741 1075 sociem
772 1019 911 1076 scelerum
941 1019 1062 1088 fecerat,
1093 1021 1288 1092 imaginesque
1319 1027 1350 1074 et
1373 1037 1451 1074 suam
1476 1027 1506 1075 et
1529 1019 1660 1076 Helenae
1684 1020 1831 1093 discipulis
1855 1021 1912 1075 suis

217 1149 231 1189 s
257 1127 417 1198 praebebat
441 1127 609 1194 adorandas,
632 1144 704 1198 quas
728 1134 759 1182 et
773 1127 879 1183 Romae
903 1135 1047 1199 tamqnam
1070 1128 1186 1183 deorum
1209 1126 1358 1181 simulacra
1380 1125 1551 1181 auctoritate
1574 1126 1691 1198 puplica
1713 1128 1912 1196 constituerat,

257 1233 285 1287 in
309 1251 367 1305 qna
388 1233 458 1289 urbe
482 1233 625 1306 apostolus
647 1233 752 1291 Petrus
776 1252 840 1290 eum
863 1252 932 1289 sera
954 1235 1061 1289 virtute
1085 1234 1142 1289 Dei
1164 1234 1366 1305 omnipotentis
1391 1233 1538 1289 extincxit.

363 1347 447 1413 Item
476 1347 565 1413 idem
594 1359 668 1435 post
696 1371 820 1435 pauca:
852 1354 960 1414 Seste¹
985 1356 1163 1430 carpocratis
1193 1357 1282 1413 fuisse
1313 1358 1438 1414 creditur
1465 1359 1607 1428 quaedam
1630 1359 1805 1426 Marcellus,
1837 1377 1911 1430 quae

257 1464 370 1520 colebat
393 1465 542 1537 imaginem
565 1465 652 1521 Ihesu
676 1472 706 1520 st
729 1464 811 1520 Pauli
835 1472 864 1520 et
887 1464 1003 1521 Homeri
1027 1472 1056 1520 et
1079 1465 1250 1536 Phitagorae
1274 1465 1417 1520 adorando
1441 1470 1478 1520 et
1501 1466 1648 1520 incensum
1670 1467 1814 1536 ponendo.

362 1578 561 1662 Notandum,
592 1580 679 1667 quod
709 1582 794 1645 inter
823 1579 984 1645 hereticos
1008 1579 1181 1667 deputetur
1203 1578 1395 1643 Marcellino
1418 1601 1467 1661 00,
1492 1577 1580 1666 quod
1603 1581 1764 1665 imagines
1788 1580 1911 1646 coleret

213 1710 238 1748 ro
257 1687 369 1773 eisque
392 1688 562 1751 incensum
585 1699 733 1774 poneret.

362 1811 445 1876 Item
473 1811 675 1899 Augustinus
705 1812 739 1876 in
770 1810 908 1898 epistola
938 1811 980 1876 ud
1011 1810 1253 1876 Marcellinum:
1290 1815 1434 1885 Quando²
1462 1821 1582 1892 primum
1612 1821 1736 1876 insuevit
1767 1824 1909 1878 exercitus

255 1928 353 2001 populi
375 1928 494 1984 Romani
516 1945 621 1996 amare,
644 1936 759 2000 portare
783 1928 873 2000 signs,
898 1928 1010 1983 tabulas
1034 1929 1136 2000 pietas,
1160 1946 1228 1983 vasa
1251 1927 1372 1994 caelata,
1396 1928 1490 1982 mirari
1513 1945 1557 1996 ea,
1582 1928 1712 1999 privatim
1738 1935 1768 1984 et
1794 1929 1909 2001 publice

255 2053 368 2107 rapere,
391 2045 459 2091 tunc
483 2036 578 2107 caepit
600 2036 695 2106 perire
719 2034 863 2090 laudabile
887 2034 957 2089 illud
981 2036 1068 2090 decus
1092 2036 1226 2106 salusque
1250 2035 1436 2107 reipublicae.

362 2151 445 2216 Item
468 2152 503 2215 in
526 2150 642 2216 eodem
664 2151 699 2215 in
722 2149 805 2214 libro
822 2148 915 2214 VIII.
940 2149 980 2214 de
1004 2151 1137 2216 civitate
1160 2150 1242 2214 Dei:
1274 2154 1396 2215 Ermes³
1418 2158 1591 2231 Aegyptius,
1616 2177 1701 2232 quem
1724 2160 1910 2218 Trismeiston

213 2282 237 2322 ss
255 2275 367 2335 vocant,
392 2267 481 2322 sensit
504 2268 544 2323 ita
567 2276 597 2323 et
620 2268 748 2339 scripsit:
782 2265 920 2330 Quoniam
952 2284 1020 2339 ergo
1050 2268 1145 2338 proavi
1175 2267 1265 2322 nostri
1288 2267 1428 2321 increduli
1452 2273 1483 2321 et
1505 2284 1561 2321 non
1586 2267 1847 2324 animadvertentes
1873 2270 1910 2323 ad

255 2374 362 2428 cultum
384 2374 607 2446 religionemque
638 2373 760 2428 divinam
782 2374 955 2429 invenerunt
978 2379 1080 2442 artem,
1109 2391 1166 2445 qua
1190 2372 1341 2429 efficerent
1365 2374 1450 2442 deos:
1476 2374 1520 2428 oni
1544 2374 1678 2429 inventae
1702 2374 1909 2431 adiuuererunt

255 2482 389 2537 virtutem
412 2481 448 2537 de
472 2481 570 2535 mnndi
592 2488 695 2536 natura
717 2480 934 2536 convenientem
951 2498 1071 2552 eamque
1088 2481 1250 2548 miscentes,
1276 2480 1407 2552 quoniam
1430 2482 1536 2535 animas
1558 2479 1653 2536 facere
1669 2498 1726 2535 non
1741 2489 1909 2552 potnerunt,

255 2594 408 2642 evocantes
430 2587 537 2643 animas
560 2587 727 2643 daemonum
750 2587 797 2642 vel
820 2588 985 2660 angelorum
1009 2605 1056 2642 eas
1080 2587 1244 2642 indiderunt
1267 2587 1436 2659 imaginibus
1459 2587 1565 2642 sanetis
1581 2587 1740 2658 divinisque
1756 2589 1908 2660 mysteriis,

254 2711 307 2765 per
330 2712 400 2766 quas
423 2693 500 2750 idola
523 2701 554 2750 et
575 2695 652 2750 bene
675 2693 798 2750 faciendi
823 2700 853 2749 et
876 2694 948 2749 male
973 2695 1047 2751 vires
1071 2694 1177 2749 habere
1201 2694 1373 2766 potuissent.

210 2833 237 2873 ao
362 2813 465 2874 Haec⁴
488 2819 525 2874 de
548 2817 635 2873 initiis
659 2819 864 2875 adorandarum
887 2819 1038 2891 imaginum
1062 2818 1138 2874 dicta
1161 2820 1228 2873 sint.
1276 2819 1358 2874 Nunc
1381 2836 1460 2886 vero,
1486 2819 1555 2890 quid
1586 2810 1690 2873 sancti
1717 2820 1847 2875 doctores
1872 2821 1909 2875 de

254 2925 382 2981 indebito
406 2926 615 2997 superstitionis
639 2924 718 2980 cultu
742 2926 879 2992 sentiant,
902 2927 1162 2997 prosequendum.

363 3041 523 3127 Origenes
554 3041 587 3105 in
611 3039 729 3105 omelia
755 3039 796 3104 de
826 3041 964 3123 cantico,
995 3039 1082 3127 quod
1113 3041 1258 3105 cantavit
1280 3040 1429 3127 Moyses:
1459 3045 1565 3106 Licet⁵
1594 3055 1737 3123 apostolus
1768 3051 1908 3108 Iohannes

254 3157 347 3212 dicat:
381 3155 486 3227 leuati,
517 3157 639 3213 ποπάιιηι
669 3156 770 3212 scimus
799 3156 870 3231 quid
891 3156 992 3227 saturi
1019 3169 1122 3213 samus.
1170 3155 1223 3212 Sin
1252 3165 1345 3214 autem
1375 3158 1528 3214 resalutans
1557 3156 1636 3214 nobis
1659 3156 1756 3228 suerit
1778 3158 1813 3215 sie
1836 3157 1907 3227 Deo,
1929 3180 2066 3232 1.10s.s‚s.

254 3263 364 3319 scilicet
387 3264 496 3332 dicens,
520 3261 622 3319 mutiles
645 3262 687 3319 zui
709 3262 820 3319 erimrts.
856 3262 1014 3318 Similitudo
1038 3271 1133 3319 tamen
1156 3265 1228 3318 haec
1250 3282 1308 3320 non
1331 3265 1367 3319 ad
1390 3271 1529 3332 naturam,
1553 3265 1605 3321 sed
1628 3265 1665 3320 ad
1688 3265 1805 3337 gratiam
1826 3282 1907 3320 reso·

208 3384 235 3425 ao
254 3379 344 3426 estur.
383 3371 473 3426 Verbi
496 3389 591 3438 eausa,
614 3377 647 3425 ut
670 3371 693 3424 si
718 3370 842 3425 dicamus
865 3372 1002 3441 picturam
1026 3370 1144 3426 similem
1168 3388 1231 3426 esse
1260 3372 1331 3438 eius,
1362 3372 1442 3427 cuins
1471 3372 1563 3443 imago
1594 3372 1623 3425 in
1653 3372 1765 3444 pictura
1794 3372 1910 3426 videtur

254 3495 397 3550 expressa,
422 3485 558 3549 quantum
582 3477 618 3532 ad
641 3478 760 3549 gratiam
783 3478 921 3548 pertinet,
945 3478 1020 3532 visus
1043 3477 1139 3531 similis
1163 3477 1276 3545 dieitur,
1301 3485 1438 3549 quantum
1461 3478 1498 3533 ad
1521 3478 1709 3533 substantiam
1724 3478 1809 3550 longe
1827 3479 1908 3533 dissi·

253 3583 335 3640 milis.
373 3584 427 3640 Illa
451 3584 524 3639 enim
547 3585 659 3655 speeies
683 3583 773 3639 carnis
798 3591 842 3638 est
867 3590 897 3640 et
920 3584 1043 3655 corporis
1066 3584 1133 3651 vivi,
1157 3585 1212 3639 ista
1235 3584 1358 3640 colorum
1380 3583 1462 3639 fucus
1486 3592 1531 3639 est
1555 3591 1585 3640 et
1609 3602 1676 3641 cera
1697 3584 1802 3640 tabulis
1823 3604 1907 3642 sensu

254 3692 416 3747 carentibus
438 3692 628 3763 superposita.

361 3806 397 3872 si
420 3807 513 3870 iuxta
535 3807 617 3870 tanti
640 3804 782 3870 doctoris
806 3806 1035 3871 documentum
1058 3807 1166 3890 imago
1191 3805 1335 3870 colorum
1355 3806 1448 3871 fucus
1465 3817 1515 3871 est
1531 3817 1564 3870 et
1580 3829 1656 3871 cera
1670 3805 1790 3872 tabulis
1809 3829 1905 3872 sensu

208 3912 440 3979 asserentibus
463 3913 678 3999 superposita,
702 3934 786 3998 quae
810 3911 967 3995 adoratio,
992 3913 1049 3999 qui
1071 3911 1124 3976 vel
1148 3912 1179 3976 ei
1203 3911 1308 3977 cultus
1332 3911 1537 3978 adhibendus
1562 3913 1636 3977 est?

360 4037 522 4102 Iohannes
546 4035 785 4101 Chrisostomus
808 4037 843 4100 in
866 4037 1069 4122 expositione
1099 4036 1278 4123 espistolae
1308 4036 1350 4102 ad
1374 4036 1524 4102 Hebreos
1548 4036 1658 4102 nmilia
1681 4038 1778 4102 XH.:
1810 4044 1905 4104 Nam⁶

253 4172 326 4226 qnae
350 4153 466 4208 formam
488 4152 596 4208 habent
620 4153 738 4209 alieuius
763 4152 907 4224 exemplar
929 4161 1040 4207 tantum
1063 4154 1227 4220 ostendunt,
1258 4171 1314 4208 non
1345 4161 1440 4210 autem
1463 4154 1607 4221 virtutem,
1639 4156 1711 4209 sicut
1735 4155 1903 4228 imaginibus

253 4260 397 4333 exemplar
418 4260 536 4314 hominis
558 4259 647 4315 habet
670 4260 772 4332 imago,
795 4277 851 4314 non
876 4260 961 4314 ctiam
984 4261 1128 4315 virtutem.
1175 4259 1297 4315 Proinde
1326 4261 1431 4316 veritas
1462 4269 1492 4316 et
1523 4261 1668 4332 exemplar
1698 4263 1902 4317 communicant

253 4368 382 4436 invicem,
407 4366 551 4437 exemplar
574 4367 649 4423 enim
672 4366 793 4437 aequale
818 4374 872 4435 est,
897 4366 985 4420 virtus
1009 4371 1104 4420 autern
1126 4384 1317 4438 nequaquam.

208 4508 234 4548 as
359 4482 570 4546 Hieronimus
593 4481 627 4546 in
651 4482 853 4567 expositione
876 4479 1025 4545 Danielis
1049 4480 1223 4567 prophete:
1248 4486 1373 4548 Notum⁷
1397 4489 1444 4548 titi
1465 4490 1509 4561 sit,
1534 4493 1636 4564 inquit,
1661 4512 1723 4562 ree,
1747 4493 1815 4569 qaia
1839 4495 1905 4551 deor
1922 4499 2084 4562 nansiar's.

255 4606 394 4655 moeson
417 4597 530 4654 colimus
553 4605 579 4654 et
598 4605 721 4654 emmam
744 4615 872 4667 auream,
896 4616 980 4673 quam
1004 4595 1127 4665 aaut,
1151 4617 1207 4654 non
1231 4598 1394 4655 adoremus.
1441 4598 1507 4655 Sive
1532 4608 1655 4655 statuam
1679 4609 1710 4655 ut
1731 4600 1904 4655 Simmschus

255 4706 314 4760 sive
338 4705 487 4778 imaginem
514 4722 638 4774 auream,
669 4711 701 4759 ut
732 4705 839 4760 caeteri
869 4704 1088 4770 transtulerunt,
1119 4705 1289 4760 voluerimus
1319 4706 1428 4776 legere,
1460 4706 1584 4761 cultores
1608 4706 1663 4761 Dei
1696 4725 1758 4762 eam
1787 4708 1905 4762 adorare

253 4830 309 4867 non
333 4813 451 4869 debent.
498 4812 574 4884 Ergo
597 4812 705 4867 iudices
729 4819 759 4866 et
782 4811 924 4883 principes
955 4810 1071 4877 saeculi,
1102 4810 1150 4882 qui
1180 4811 1380 4883 imperatorum
1410 4818 1519 4867 statuas
1550 4814 1669 4868 adorant
1700 4823 1731 4868 et
1759 4814 1906 4886 imagines,

253 4919 305 4975 hoe
329 4937 359 4975 se
383 4919 479 4975 facere
503 4917 676 4990 intelligant,
701 4917 777 4989 qnod
800 4926 860 4972 tres
883 4918 964 4988 pueri
987 4917 1083 4973 iacere
1106 4918 1238 4973 nolentes
1261 4918 1432 4990 placuerunt
1456 4920 1530 4976 Deo.

208 5173 236 5212 to
360 5165 375 5214 3
402 5163 497 5213 Iobem
524 5162 551 5213 V.
650 5165 680 5212 11
708 5162 827 5212 insnsbit
853 5161 880 5211 V.
975 5164 1007 5212 12
1033 5159 1160 5226 publicae
1185 5162 1212 5212 V.
1312 5164 1344 5213 15
1372 5166 1497 5229 proavini
1522 5164 1549 5214 V.
1650 5167 1683 5216 16
1709 5160 1772 5231 qna]
1799 5182 1852 5234 qnp
1878 5166 1905 5217 V.

255 5254 288 5303 18
313 5253 484 5303 daemonium
505 5251 532 5301 V.
606 5252 640 5302 20
660 5257 723 5301 suut
743 5250 770 5301 V.
843 5251 875 5301 27
896 5245 970 5314 cera]
991 5257 1080 5320 cetera
1098 5250 1139 5301 hic
1156 5260 1179 5301 et
1196 5250 1270 5317 insse
1290 5251 1316 5301 V.
1390 5255 1421 5303 91
1443 5253 1594 5304 Iohannem
1614 5253 1641 5303 V.
1709 5256 1743 5305 98
1762 5253 1905 5320 imagines}

253 5340 358 5392 saeculi
377 5341 467 5392 iterum
484 5340 545 5390 cdd.
565 5340 593 5390 V.
666 5342 700 5391 99
720 5335 855 5404 nolentes]
875 5337 1031 5390 nolentibus
1051 5339 1079 5390 V.

363 5539 392 5609 l)
416 5539 448 5596 V.
472 5559 562 5615 supra
580 5542 693 5614 91189
717 5540 735 5595 l.
756 5543 852 5615 3139.
960 5538 990 5608 2)
1013 5539 1045 5596 V.
1069 5558 1159 5614 nspra
1177 5559 1210 5614 p.
1228 5543 1290 5598 490
1312 5542 1330 5596 l.
1352 5544 1391 5600 12
1405 5560 1467 5617 sqq.
1575 5542 1605 5611 3)
1629 5542 1660 5600 V.
1684 5562 1774 5618 supra
1793 5547 1906 5618 plen

254 5648 272 5703 ἱ.
298 5651 393 5723 6399.
486 5645 515 5716 4)
539 5646 572 5702 V.
596 5665 686 5722 supra
704 5666 739 5721 p.
755 5649 818 5704 490
840 5648 858 5702 l.
878 5649 920 5705 25
935 5666 977 5722 39.
1070 5645 1100 5715 5)
1122 5646 1154 5702 V.
1178 5665 1270 5721 etipsa
1287 5667 1321 5722 p.
1337 5650 1397 5707 491
1421 5649 1440 5704 l.
1462 5653 1556 5725 9sqq.
1649 5649 1680 5720 6)
1706 5649 1824 5708 Fontem
1847 5670 1904 5708 non

208 5771 236 5811 ss
253 5753 356 5811 inveni.
393 5752 485 5810 Verba
501 5754 573 5810 Nam
592 5783 628 5792 -
648 5771 828 5825 nequaquam
845 5746 877 5827 (l.
895 5748 1030 5829 31-34)
1047 5752 1441 5827 dniderannrinsynodica
1458 5753 1624 5813 Par-iriensi.
1717 5755 1747 5826 7)
1767 5756 1799 5813 V.
1815 5777 1905 5832 supro

248 5880 282 5936 p.
299 5863 358 5919 491
382 5861 399 5916 1.
422 5863 516 5935 3sqq.
