4884 6717
523 528 575 583 49.
612 527 830 585 CONCILIUM
853 529 894 584 IN
917 528 1091 584 FRANCIA
1116 530 1299 587 HABITUM
1323 532 1359 585 A.
1381 521 1637 585 alstra-829.
1837 521 1902 584 595

249 727 390 780 vestram
414 738 479 780 non
503 716 606 779 solum
631 737 757 795 census,
782 737 863 800 quos
886 716 1019 802 exigere
1045 716 1085 779 de
1110 715 1230 780 eclesia
1254 715 1412 794 solebant,
1430 728 1637 802 acceperunt,
1655 716 1788 801 insuper
1804 715 1901 778 etiam

249 835 282 886 et
305 823 457 908 graviora
481 821 688 886 addiderunt.
736 820 819 886 Cum
843 823 908 885 sint
932 823 1018 886 enirn
1042 822 1217 908 pleraeque
1242 821 1380 887 eclesiae
1405 834 1461 886 aut
1484 821 1564 886 nihil
1592 833 1647 885 aut
1677 844 1791 908 parum
1823 819 1902 906 quid

249 931 392 993 exterius
417 928 584 1008 habentes,
609 929 650 992 de
675 927 751 992 solis
776 928 935 992 decinris¹
959 940 991 992 et
1015 927 1235 993 oblationibus
1258 928 1403 992 fidelium
1428 951 1545 992 census
1569 941 1602 992 et
1626 928 1772 992 diversos
1788 939 1900 1013 pastus

249 1035 432 1122 presbyteri
456 1058 578 1116 earum,
609 1038 664 1121 qui
688 1036 746 1098 vix
769 1033 891 1099 ibidem
922 1036 1035 1099 vivere
1067 1046 1211 1121 possunt,
1243 1035 1380 1099 reddere
1411 1034 1658 1121 compelluntur.
1705 1034 1798 1099 Haec
1822 1057 1900 1098 vcro

217 1144 365 1224 somnia,
391 1155 475 1228 q'uae
498 1142 574 1205 inde
599 1143 733 1226 exigere
758 1141 871 1220 solent,
896 1164 961 1204 uon
985 1140 1026 1205 de
1050 1164 1107 1206 suo
1132 1142 1241 1228 aliquo
1260 1140 1432 1223 beneficio,
1457 1141 1515 1206 sed
1532 1140 1733 1206 solummodo
1750 1141 1790 1206 dc
1808 1140 1901 1205 altari

249 1263 281 1313 et
303 1248 483 1335 parietibus
507 1247 646 1312 eclesiae
670 1247 712 1312 ab
736 1249 890 1334 episcopo
915 1247 989 1312 Deo
1014 1248 1130 1312 dicatis
1154 1248 1225 1312 dari
1249 1247 1311 1313 sibi
1335 1259 1445 1333 agunt.

355 1373 412 1437 VI.
449 1373 536 1453 Quia
570 1385 644 1437 sunt
678 1374 710 1436 in
746 1371 910 1459 plerisque
940 1371 1020 1437 locis
1051 1372 1236 1458 parricidae
1267 1385 1299 1438 et
1330 1374 1431 1438 ceteri
1466 1373 1646 1437 homicidae
1680 1372 1732 1437 rel
1767 1371 1901 1459 reliquis

248 1479 442 1566 capitalibus
465 1479 656 1544 criminibus
680 1478 847 1565 implicati,
873 1480 929 1564 qui
944 1481 1156 1564 penitentiam
1172 1478 1337 1566 publicam
1354 1502 1452 1565 agere
1470 1490 1690 1556 contemnunt,
1716 1480 1771 1566 qui
1788 1480 1900 1565 utique

248 1589 295 1651 rei
324 1586 475 1673 publicae
507 1585 698 1651 utilitatibus
730 1585 868 1671 inutiles
890 1598 980 1668 sunt;
1012 1609 1110 1672 super
1140 1585 1259 1673 quibus
1287 1608 1422 1651 necesse
1447 1597 1506 1668 est,
1537 1597 1572 1650 ut
1602 1596 1711 1649 vestra
1742 1585 1900 1649 celsitudo

204 1722 229 1758 :a
248 1693 419 1758 comitibus
442 1694 633 1779 praecipiat,
659 1705 819 1779 quatenus
843 1694 1006 1780 episcopis
1030 1693 1226 1759 adiutorium
1241 1693 1357 1774 ferant,
1382 1706 1417 1757 ut
1433 1716 1488 1758 eos
1505 1694 1684 1758 canonicae
1700 1693 1899 1778 penitentiae

247 1799 387 1864 subdere
411 1799 573 1864 valeant-⁹.

354 1924 429 1988 VII.
465 1924 510 1990 Ut
540 1924 694 2011 aequales
725 1947 896 1989 mensurae
927 1937 959 1989 et
989 1927 1073 1990 iuste
1105 1927 1139 1989 in
1170 1924 1321 1990 omnibus
1351 1926 1529 2011 provinciis
1552 1925 1679 2011 imperii
1712 1924 1811 1988 vestri
1837 1924 1900 1987 sint

247 2031 425 2096 secundum
450 2030 555 2117 legem
578 2031 713 2095 Domini
744 2030 902 2096 iubentis:
935 2033 986 2098 Sit
1016 2036 1077 2098 tibi
1104 2059 1223 2119 aequm
1253 2034 1378 2098 aradius
1408 2036 1567 2119 iustusque
1598 2034 1764 2096 sertorius.
1813 2030 1899 2110 Qua·
1919 2046 2082 2098 auersere.

246 2149 378 2225 propter
402 2137 590 2203 diversitate
614 2161 837 2204 mensurarum
868 2140 901 2203 in
931 2138 1040 2204 multis
1071 2162 1232 2226 pauperes
1256 2138 1353 2204 valde
1383 2151 1561 2224 gravantur
1571 2143 1592 2201 ³.
1640 2136 1766 2202 Census
1792 2149 1899 2201 tamen

203 2270 229 2310 rs
248 2244 446 2330 singularum
475 2246 717 2332 provinciarum
748 2246 925 2331 antiquitus
961 2247 1153 2310 constitutus
1188 2246 1284 2310 huius
1319 2246 1366 2310 rei
1397 2246 1568 2310 occasione
1598 2243 1799 2331 pauperibus
1835 2266 1899 2308 non

247 2362 415 2439 augeatur.

354 2475 446 2540 VIII.
480 2475 649 2540 Postulaut
679 2487 712 2539 et
742 2488 874 2540 monent
904 2484 1070 2541 oratores⁴
1100 2478 1210 2559 vestri,
1247 2489 1282 2541 ut
1312 2478 1396 2541 inter
1424 2489 1544 2558 cetera,
1581 2499 1664 2563 quae
1698 2475 1796 2561 digne
1826 2475 1900 2540 Deo

248 2584 354 2668 agitis,
378 2583 421 2646 ad
445 2605 561 2647 causas
585 2584 787 2647 necessarias
812 2583 1005 2649 eclesiarum
1029 2594 1061 2648 ct
1083 2607 1264 2671 pauperum
1289 2583 1483 2670 aliquotiens
1506 2582 1687 2647 audiendas
1706 2593 1763 2647 aut
1778 2584 1900 2646 exami-

248 2689 374 2754 nandas
397 2699 531 2776 propter
554 2712 697 2753 amorem
715 2689 780 2754 Dei
797 2692 969 2755 assumatis
985 2689 1131 2755 laborem
1141 2696 1162 2773 ⁵,
1188 2691 1265 2778 quia
1280 2690 1438 2777 perfectio
1454 2690 1625 2754 ministerii
1641 2690 1740 2754 vestri
1757 2690 1900 2753 maxime

203 2820 230 2859 ao
248 2797 281 2859 in
311 2795 533 2861 huiuscemodi
565 2797 712 2860 consistit
742 2795 861 2860 officio.
914 2796 987 2861 Erit
1022 2799 1109 2861 enim
1144 2820 1243 2884 opere
1274 2797 1421 2884 precium
1451 2796 1493 2861 ad
1525 2818 1636 2861 omues
1667 2795 1792 2862 iudices
1825 2795 1900 2860 huic

248 2902 354 2967 officio
378 2903 526 2989 puriores
549 2913 647 2989 atque
670 2902 830 2967 meliores.

355 3027 495 3114 (VIIII).
530 3027 583 3091 De
608 3028 719 3091 instita
735 3028 808 3091 ione
832 3029 919 3092 vitae
943 3029 1185 3110 canonicorum,
1209 3051 1308 3115 quam
1324 3028 1397 3093 Deo
1413 3030 1591 3115 inspirante
1608 3040 1641 3094 et
1656 3028 1901 3094 administrante

248 3135 302 3221 pia
332 3133 556 3199 misericordia
586 3145 695 3198 vestra
725 3133 889 3199 ordinavit
898 3141 920 3217 ⁶,
951 3146 987 3199 ut
1017 3158 1129 3199 omnes
1160 3134 1248 3199 idem
1278 3135 1421 3200 sentiant
1450 3147 1482 3199 et
1512 3135 1606 3200 huius
1630 3137 1761 3223 proprio
1784 3146 1901 3200 metro·

249 3240 390 3328 politano
422 3263 501 3305 cura
531 3239 710 3326 delegetur,
747 3251 906 3328 quatenus
937 3242 971 3304 in
1002 3241 1138 3328 singulis
1169 3241 1259 3322 locis,
1291 3240 1487 3328 ubicumque
1519 3243 1698 3308 secundum
1726 3243 1902 3307 iussionem

203 3373 229 3412 ss
248 3358 389 3412 vestram
413 3347 574 3434 completa
598 3358 657 3428 est,
681 3348 825 3434 perfecte
850 3347 1051 3413 custodiatur
1074 3360 1115 3428 ct,
1139 3347 1195 3412 ubi
1216 3347 1356 3414 necdum
1373 3361 1671 3430 consummataest,
1696 3349 1902 3436 providentia

248 3465 280 3519 et
314 3453 429 3519 studiis
463 3454 661 3542 perficiatur.
719 3454 783 3518 Hic
819 3456 906 3519 enim
941 3466 974 3519 ct
1008 3456 1240 3540 congruentius
1275 3456 1392 3519 ceteris
1427 3456 1534 3519 missis
1569 3478 1644 3520 suos
1679 3455 1902 3542 suffraganeos

248 3562 406 3626 canonica
435 3562 626 3626 auctoritate
656 3561 768 3625 sedulo
799 3561 975 3626 admonere
1006 3574 1113 3648 potest
1147 3575 1179 3627 et
1212 3572 1278 3626 tam
1311 3585 1371 3648 per
1401 3585 1435 3627 se
1466 3584 1563 3649 quam
1594 3585 1653 3650 per
1680 3565 1796 3627 missos
1821 3585 1840 3626 a
1864 3584 1899 3627 se

248 3668 436 3754 frequenter
451 3666 639 3750 destinatos,
664 3667 861 3754 ubicumque
877 3667 1104 3732 emendatione
1122 3679 1217 3753 egeat
1233 3668 1462 3756 perquirendo,
1487 3668 1625 3735 sollicita
1639 3671 1902 3756 investigatione,

248 3774 387 3862 qualiter
409 3775 443 3838 in
467 3773 547 3839 locis
571 3773 720 3839 omnibus
744 3786 901 3856 serretur,
925 3775 1072 3839 invenire
1085 3777 1104 3838 ⁷.

203 3993 230 4032 ω
354 3975 386 4025 V.
417 3971 530 4041 lquor]
552 3976 623 4042 quod
645 3975 678 4026 G.
751 3974 909 4042 2plerique
931 3975 964 4025 G.
1036 3970 1165 4042 tegunt]
1184 3976 1220 4025 ita
1241 3976 1272 4036 0,
1291 3993 1353 4027 nram
1372 3984 1476 4043 cogunt
1495 3976 1624 4043 09518991
1642 3977 1698 4028 eati

354 4065 402 4114 VI.
432 4066 603 4131 iparricida
624 4063 656 4126 8,
676 4065 805 4132 perarida
826 4063 862 4114 31.
930 4067 1079 4116 θηοοεεειι
1098 4064 1136 4115 lt.
1201 4068 1234 4116 10
1252 4065 1412 4132 praecipiad
1431 4066 1579 4131 quathenus
1598 4065 1635 4117 11.
1695 4069 1844 4118 aiutorium
1865 4069 1902 4119 11.

251 4156 279 4206 11
301 4153 398 4205 valead
417 4152 455 4204 11.

355 4244 420 4294 Vll.
451 4238 697 4306 1211111111.
774 4246 806 4293 14
826 4243 1012 4293 diversitatem
1033 4242 1065 4293 G.

356 4333 436 4382 VIII⁴
467 4334 498 4383 17
518 4328 607 4396 VEL]
627 4333 691 4382 vll.
712 4332 744 4382 G.
818 4333 852 4382 20
871 4333 930 4382 Erit
943 4356 977 4367 -
991 4329 1125 4394 meliores]
1145 4333 1182 4383 ita
1202 4333 1234 4394 G,
1253 4348 1338 4383 aetum
1355 4332 1426 4384 biara
1443 4333 1549 4384 videtur.

203 4437 230 4476 aa
356 4422 452 4472 vnn.
481 4417 635 4484 22111111)
655 4421 851 4472 numerandam
870 4421 902 4471 8.
963 4422 996 4471 26
1016 4415 1080 4486 Hic]
1095 4422 1145 4471 His
1167 4421 1199 4472 G.
1259 4417 1608 4490 cetarismissishntriliqc:
1627 4426 1804 4488 quameetori
1818 4425 1901 4474 missi.

359 4604 387 4672 1)
412 4603 459 4660 De
482 4601 594 4660 decianis
617 4602 721 4660 dandis
744 4602 784 4674 es.
808 4621 853 4659 ea.
871 4622 917 4679 pr.
940 4601 1037 4658 concil.
1055 4603 1219 4660 Arelatense
1241 4605 1302 4663 813
1326 4623 1349 4660 c.
1368 4607 1395 4673 9,
1420 4603 1557 4661 Rcrnease
1580 4606 1641 4663 813
1664 4621 1687 4660 c.
1705 4607 1754 4673 38,
1780 4604 1902 4681 Mopsu-

250 4709 356 4766 tineuse
377 4713 438 4769 813
465 4729 503 4766 cc.
530 4712 579 4768 38.
600 4713 651 4779 42,
677 4707 871 4766 cabillonense
893 4711 954 4768 813
981 4729 1019 4764 ee.
1044 4712 1084 4770 18
1098 4730 1151 4785 sq„
1183 4709 1428 4769 turonenses&
1455 4730 1494 4766 ce.
1514 4714 1563 4769 16.
1583 4714 1624 4770 46
1632 4732 1641 4778 ,·
1668 4730 1758 4786 snpra
1777 4731 1809 4786 p.
1830 4714 1900 4771 251.

250 4819 322 4875 257.
345 4819 409 4876 270
423 4836 465 4892 sq,
489 4819 562 4874 277.
586 4818 660 4875 288.
684 4819 748 4875 292
761 4836 804 4891 sq.
919 4814 950 4883 2)
977 4813 1027 4886 Cf.
1051 4815 1149 4872 concil.
1173 4814 1335 4874 Taroncaae
1358 4820 1419 4876 813
1441 4837 1465 4873 c.
1482 4820 1520 4876 41
1538 4839 1579 4865 =
1596 4815 1815 4894 Inpelheimense
1839 4821 1903 4878 826

251 4942 274 4979 c.
291 4926 340 4992 13,·
363 4942 453 4998 supra
472 4943 505 4998 p.
522 4925 595 4982 292.
612 4926 685 4982 552.
778 4922 809 4990 3)
835 4920 885 4993 Cf.
910 4921 1007 4978 conat.
1031 4921 1197 4979 Arelatenae
1220 4924 1281 4981 813
1305 4943 1327 4979 e.
1351 4927 1399 4993 15,
1431 4923 1569 4981 Renreaae
1591 4926 1652 4984 813
1682 4944 1705 4981 c.
1729 4927 1767 4984 41
1795 4918 1903 5001 (supra

205 5049 233 5088 so
247 5050 279 5104 p.
300 5033 374 5089 252.
396 5024 476 5106 257)
501 5038 528 5086 et
548 5028 633 5101 infra
657 5029 755 5086 concil.
781 5028 944 5085 Parisimse
958 5031 1021 5087 829
1044 5027 1089 5084 lib.
1106 5026 1160 5084 ΙΙΙ
1177 5048 1200 5085 c.
1219 5033 1247 5087 3.
1349 5031 1380 5098 4)
1403 5028 1436 5086 V.
1459 5050 1533 5106 qaae
1554 5050 1644 5106 supra
1662 5050 1696 5106 p.
1713 5033 1775 5090 593
1797 5035 1901 5091 aaa!

251 5135 401 5193 9119119191.
515 5135 546 5204 5)
571 5135 708 5194 Fortasse
734 5136 912 5207 conserenda
938 5143 1004 5192 sant
1026 5133 1136 5190 concilii
1158 5134 1331 5194 Parisiensia
1354 5141 1417 5195 829
1447 5136 1492 5193 lib.
1517 5136 1539 5193 I
1562 5157 1585 5193 c.
1611 5141 1661 5207 52,
1692 5136 1736 5194 lib.
1762 5137 1799 5194 II
1823 5158 1845 5194 c.
1870 5141 1901 5198 2.

252 5242 282 5310 6)
308 5241 357 5314 Cf.
382 5241 479 5300 concil
497 5241 727 5319 Aquasprancnae
748 5244 810 5301 816
833 5235 939 5317 (aspra
957 5261 993 5317 p.
1010 5243 1070 5300 312
1084 5237 1174 5317 sqq),
1198 5241 1361 5300 illudowici
1379 5242 1538 5318 capitulare
1559 5243 1771 5301 ecclesiasticum
1787 5237 1903 5324 818l19

251 5343 670 5425 c.3(r1G.eapir.1,276;
695 5345 903 5406 1101169919·ἵ
925 5369 954 5405 n.
972 5345 1060 5424 674).
1131 5348 1161 5416 l)
1186 5346 1372 5424 Imperatoris
1389 5349 1480 5408 misas
1502 5349 1654 5408 iniunctam
1677 5359 1748 5420 crat,
1773 5359 1804 5407 ut
1825 5350 1902 5409 inati-

250 5455 361 5513 tationis
388 5456 543 5514 canonicae
565 5456 726 5527 formatam
756 5454 902 5512 observari
930 5453 1070 5522 iuberent,¹
1104 5473 1131 5511 v.
1155 5454 1287 5529 epistolas
1311 5455 1472 5514 Hludowici
1501 5476 1579 5513 anno
1602 5460 1673 5517 818.
1697 5458 1741 5514 vel
1763 5461 1832 5518 819.
1863 5458 1906 5514 ad

204 5578 233 5618 rs
250 5561 476 5638 archiepiscopos
499 5563 601 5630 datam
623 5581 713 5637 supra
732 5581 765 5637 p.
781 5564 916 5637 458sqq.
