4884 6717
516 463 581 527 590
813 468 865 525 48.
900 467 1119 526 CONCILIUM
1141 468 1183 524 IN
1207 465 1381 525 FRANCIA
1403 468 1586 526 HABITUM
1609 465 1646 524 Α.
1668 466 1878 524 ele-829?
1924 503 1930 514 ·

622 657 769 744 Apparet
794 659 1000 743 inscriptione
1023 658 1083 721 illo
1107 656 1264 721 sinelicium
1288 656 1395 721 danim
1419 679 1483 720 esse
1507 655 1545 720 de
1569 669 1704 742 tempore
1726 658 1876 742 capitum,
1905 679 1966 720 non
1997 655 2037 720 do
2064 679 2170 720 eorum

515 767 647 852 origine.
698 763 878 850 Conrposita
907 778 980 828 aunt
1006 765 1064 828 sub
1086 763 1277 828 Hludowico
1307 766 1506 850 inperatore,
1537 786 1598 848 quo
1627 786 1711 827 anna
1737 765 1892 843 nescitum·
1921 762 1960 827 id
1986 763 2088 827 salum
2105 786 2171 849 pro

515 884 596 935 certo
617 885 664 942 est
685 895 722 935 ea
738 872 944 958 promulgata
968 895 1031 934 ease
1052 884 1124 956 post
1146 871 1315 935 concilium
1331 870 1588 958 Aqurepranense
1610 871 1692 934 anni
1710 876 1784 937 816.
1811 869 1924 956 (supra
1944 893 1977 956 p.
1994 878 2064 938 307
2074 871 2170 955 uqa),

514 1001 583 1040 curn
613 979 647 1042 in
679 1001 721 1041 oc.
748 985 884 1044 85114
916 979 1030 1041 mentia
1052 978 1117 1064 fiat
1146 979 1376 1042 institutionum
1406 978 1627 1041 canonicorum
1658 989 1686 1041 ct
1716 977 2015 1040 sanctimonialium.
2062 975 2173 1063 Effici

514 1084 673 1149 or'debitur
703 1109 742 1148 ea
770 1109 795 1148 c.
821 1092 852 1164 9,
887 1085 945 1148 ubi
971 1084 1065 1148 cerba
1088 1085 1176 1171 fiam
1204 1083 1243 1148 de
1272 1080 1388 1147 beatae
1418 1080 1653 1147 recordationis
1683 1081 1855 1147 Benedicti
1885 1079 2013 1147 abbatis
2044 1080 2201 1168 regulus

514 1192 655 1277 capitula
685 1193 806 1276 scripta
836 1214 900 1255 esse
923 1204 1000 1276 poet
1027 1205 1156 1255 mortem
1179 1189 1350 1254 Benedicti
1376 1191 1499 1254 abbatis
1521 1189 1680 1270 ludensis,
1711 1192 1771 1275 qui
1797 1191 1877 1254 obiit
1902 1189 1954 1254 die
1977 1196 2028 1256 11.
2053 1191 2170 1254 mensae

516 1297 693 1361 Februarii
720 1302 786 1365 821
823 1297 882 1384 (cf.
915 1295 1051 1376 Simeon,
1087 1297 1298 1361 ‘luterbacher
1332 1296 1386 1361 dea
1413 1297 1630 1384 frankisalren
1658 1296 1777 1361 Reicies
1809 1310 1899 1361 <anter
1929 1296 2066 1384 Luduip
2098 1296 2167 1361 dem

515 1402 694 1468 Frammen'
717 1403 747 1484 Ι,
763 1409 853 1488 163),
877 1403 935 1468 sed
956 1404 1016 1468 illo
1031 1404 1139 1468 eodem
1154 1404 1300 1490 fortasse
1315 1406 1385 1468 iure
1400 1403 1446 1468 od
1459 1403 1665 1468 Benedictum
1675 1417 1813 1490 patrem,
1836 1403 1964 1490 reculae
1978 1404 2169 1467 monasticae

514 1524 671 1575 auctorem
686 1513 833 1597 priosum
858 1509 898 1598 (†
913 1535 960 1575 ca.
977 1513 1067 1594 545),
1091 1512 1216 1599 referri
1228 1525 1386 1598 poterunt.
1430 1509 1502 1574 Utut
1524 1524 1577 1588 eat,
1600 1509 1647 1575 ad
1667 1510 1795 1598 singula
1814 1512 1931 1596 capitu,
1955 1523 1990 1573 ut
2010 1533 2049 1574 ecc
2070 1533 2168 1573 anno·

514 1618 684 1682 tationibus
706 1620 822 1681 noenia
836 1618 971 1704 patebit,
994 1619 1148 1681 remittere
1172 1616 1350 1681 debebimus
1372 1616 1418 1681 ad
1439 1615 1627 1681 Hludoroici
1646 1616 1890 1681 admonitionem
1913 1617 2056 1680 omnibns
2078 1617 2172 1704 repni
2187 1636 2214 1676 ιο

515 1723 682 1789 ordim‘bus
712 1723 863 1788 directam
895 1729 971 1792 825.
996 1724 1078 1811 Any.
1112 1723 1206 1800 (Ma.
1235 1722 1338 1809 Capit.
1368 1723 1505 1804 I,303,·
1538 1722 1769 1787 Montbactnt
1794 1747 1825 1785 n.
1853 1724 1945 1806 708),
1980 1721 2094 1787 deinde
2123 1722 2170 1787 ad

514 1829 684 1894 Hlotltarii
710 1831 887 1917 capitulare
914 1828 1087 1894 Olonnense
1117 1831 1359 1895 ecclesiasticum
1392 1830 1524 1893 alterurn
1550 1835 1617 1896 825
1649 1829 1691 1912 (r.
1721 1852 1821 1915 supra
1844 1852 1882 1915 p.
1904 1835 1972 1895 473
1998 1853 2028 1892 n.
2049 1837 2094 1895 43
2109 1828 2168 1914 B),

514 1950 549 2000 ut
570 1939 657 2001 circa
681 1961 798 2001 anitum
823 1941 911 2017 825,
941 1939 1007 2001 eive
1031 1937 1148 2022 paullo
1174 1950 1246 2001 anto
1267 1938 1334 2000 sico
1351 1936 1454 2022 paulo
1471 1950 1556 2023 post,
1579 1938 1651 2022 ipsa
1675 1936 1816 2021 capitula
1840 1937 1955 1999 emissa
1978 1959 2167 2016 caueamus,

508 2043 653 2130 fortasse
676 2056 747 2107 ante
770 2044 937 2107 concilium
953 2041 1137 2108 Paresn'ense
1160 2045 1242 2107 anni
1257 2047 1337 2111 820.
1362 2042 1471 2130 (infra
1494 2067 1525 2106 n.
1541 2050 1585 2110 50
1597 2042 1656 2128 D),
1679 2044 1712 2106 ai
1731 2041 1823 2106 modo
1847 2041 1885 2106 de
1908 2043 1971 2106 tali
1990 2067 2025 2108 re
2047 2045 2167 2107 coniec-

514 2165 585 2215 tura
609 2150 764 2236 quaedam
783 2152 928 2236 proponi
944 2163 1053 2236 potest.
2187 2166 2213 2207 a

620 2255 728 2322 Pauca
753 2256 889 2321 dicenda
918 2270 990 2321 aunt
1017 2257 1055 2321 de
1078 2270 1192 2321 natura
1216 2257 1438 2343 capitulorum.
1488 2254 1574 2333 Quae
1596 2280 1659 2319 non
1681 2255 1721 2320 ab
1744 2257 1934 2341 imperatore
1949 2255 2167 2343 promulgata,

513 2363 571 2428 sed
591 2365 631 2428 ab
655 2365 812 2450 episcopis
831 2365 997 2449 proposita
1021 2364 1244 2428 5155515555.
1270 2371 1300 2429 6.
1326 2371 1356 2430 8.
1382 2370 1433 2430 15.
1457 2370 1501 2430 16
1507 2386 1518 2443 ,·
1548 2363 1606 2427 ubi
1632 2376 1733 2426 551515
1764 2362 1802 2427 la·
1829 2362 1875 2426 ad
1903 2363 2072 2427 concilium
2095 2385 2167 2426 cort·

511 2472 638 2558 precati
650 2471 791 2556 fuerint,
809 2493 946 2556 prorsus
969 2472 1144 2558 ignoratur.

621 2576 670 2640 De
693 2575 800 2640 codice
823 2577 890 2641 iam
912 2601 1011 2663 supra
1035 2579 1162 2662 opimus.

622 2707 717 2764 Eua.-
732 2706 806 2766 Mo.
821 2708 883 2765 LL.
898 2708 922 2778 I,
935 2713 1008 2768 238.
1035 2708 1143 2785 diique,
1157 2708 1267 2766 Patrai.
1285 2710 1334 2766 lat.
1348 2706 1474 2778 XCVII,
1486 2711 1558 2767 455.
1585 2705 1658 2766 ΜΘ.
1674 2705 1768 2783 Capit.
1781 2707 1805 2778 I,
1820 2710 1891 2767 308.
1912 2735 1956 2748 -
1972 2707 2061 2784 Rea:
2082 2708 2165 2765 deest.
2186 2724 2213 2764 so

620 2911 646 2976 Ι.
693 2910 962 3000 Incomparabilis
998 2922 1155 2999 augustae
1191 2911 1314 2998 gloriae
1350 2912 1527 2999 sapientia,
1563 2911 1698 2976 caelesti
1728 2910 1809 2976 fulta
1840 2910 2048 2999 sophismate,
2079 2909 2169 2976 velut

514 3017 658 3084 debitam
689 3017 845 3084 subiectis
875 3017 1082 3106 disciplinam
1113 3020 1281 3105 regiminis
1315 3020 1545 3105 praerogativa
1578 3019 1776 3100 ministrans,
1812 3016 2026 3083 saluberrima
2060 3018 2167 3105 potius

514 3124 720 3213 simplicitate
737 3147 834 3211 quam
854 3124 1114 3212 syllogismorum
1131 3124 1324 3190 difficultate
1342 3125 1566 3212 conprehensa
1584 3124 1736 3212 capitula,
1753 3148 1817 3212 que
1834 3137 1997 3206 secuntur,
2014 3126 2166 3190 insinuat.

811 3283 905 3365 Quo
941 3284 1108 3349 ordine
1145 3286 1404 3371 episcopus
1440 3283 1614 3350 debeat
1648 3285 1875 3349 inveniri.

620 3408 663 3473 H.
704 3408 844 3474 Sanctae
869 3410 1021 3474 trinitatis
1045 3410 1125 3474 fides
1150 3433 1170 3474 a
1192 3409 1297 3474 tribus
1321 3432 1453 3497 prorsus
1476 3423 1654 3476 veneratur
1670 3407 1849 3478 ordinibus.
1888 3410 1941 3474 De
1957 3408 2076 3498 quibus
2093 3433 2166 3475 cum
2187 3433 2214 3474 ss

514 3516 708 3581 canonicum
731 3515 870 3581 eclesiae
894 3515 972 3580 fidei
995 3518 1060 3581 iam
1083 3516 1331 3581 fundamentum
1355 3514 1527 3603 probatum
1552 3527 1585 3581 et
1607 3539 1628 3581 5
1653 3515 1804 3581 fidelibus
1831 3516 1894 3582 loci
1918 3518 1998 3581 viris
2028 3516 2167 3581 electum

514 3623 596 3686 ratio
620 3621 864 3709 provehendum
889 3622 1068 3703 denuntiat,
1093 3634 1201 3688 tamen
1225 3623 1465 3688 necessitudine
1496 3621 1705 3688 incumbente
1729 3634 1762 3688 51
1790 3623 1987 3688 monachum
2015 3623 2166 3706 admittit,

515 3739 547 3793 et
569 3727 689 3794 laicum
712 3731 887 3794 auctoritas
911 3752 977 3794 uon
1000 3728 1156 3795 excludit.
1204 3729 1271 3795 Sed
1295 3751 1369 3794 cum
1393 3728 1611 3815 subiungitur,
1636 3728 1741 3816 qualis
1766 3751 1837 3795 5555
1862 3728 1990 3812 debeat,
2021 3740 2068 3794 tot
2091 3729 2167 3794 huic

516 3834 603 3899 dicto
627 3837 785 3903 55555155
808 3847 906 3922 atque
933 3835 1113 3924 apostolica
1135 3835 1289 3900 mandata
1313 3836 1521 3918 conveniunt,
1545 3847 1580 3900 ut
1609 3858 1816 3923 nequaquam
1845 3834 1991 3901 breviter
2020 3836 2168 3901 intimata

356 3964 495 4017 115111.
515 3940 665 4006 sufficere
689 3941 870 4007 videantur.
913 3943 965 4007 De
989 3944 1197 4028 monogamia
1219 3941 1272 4007 vel
1295 3941 1478 4028 virginibus
1501 3942 1703 4008 sacerdotem
1729 3942 1849 4007 eclesia
1872 3944 2018 4030 requirit,
2042 3947 2076 4009 ai
2096 3947 2168 4030 quia
2187 3966 2214 4007 so

515 4051 583 4113 sine
607 4051 740 4113 crimine
762 4065 815 4114 est.
866 4048 1007 4114 Ultimus
1030 4061 1151 4131 tamen,
1181 4051 1208 4113 si
1237 4071 1393 4114 concessa
1422 4049 1574 4136 loquitur,
1605 4051 1651 4114 ita
1674 4071 1709 4114 55
1739 4048 1931 4114 imitabilem
1953 4050 1987 4114 in
2017 4048 2167 4115 omuibus

517 4176 602 4240 quae
626 4154 704 4240 agit,
727 4154 894 4241 praebeat,
918 4168 1077 4243 quatenus
1100 4156 1322 4243 proximorum
1347 4156 1446 4221 corda
1469 4178 1542 4221 rore
1567 4154 1735 4221 doctrinae
1766 4157 1873 4242 rigare
1903 4179 1969 4222 non
1999 4167 2105 4222 cesset
2135 4168 2168 4222 et

515 4257 621 4341 bonis,
645 4282 729 4347 quae
753 4260 909 4344 docuerit,
933 4261 1085 4349 operibns
1109 4285 1175 4326 non
1198 4272 1368 4349 repugnet.

622 4383 684 4452 ΠΙ.
720 4384 872 4449 Officium
902 4387 1048 4472 episcopi
1078 4408 1189 4450 euram
1221 4408 1293 4462 5555
1325 4398 1357 4450 51
1384 4387 1544 4451 fervorem
1576 4386 1852 4452 eclesiasticarum
1881 4410 1990 4453 rerum
2024 4398 2057 4452 51
2090 4386 2167 4454 fidei

516 4490 753 4555 firmamentum
777 4502 844 4556 tam
867 4492 987 4556 virtute
1010 4490 1104 4556 verbi
1127 4515 1226 4579 quam
1257 4493 1341 4557 iusto
1372 4515 1479 4559 rerum
1509 4492 1730 4559 moderamine
1761 4515 1873 4558 555155
1904 4493 2051 4560 lectionis
2082 4496 2166 4560 serie
2185 4517 2212 4558 ss

516 4596 775 4685 comprobamus.
823 4597 890 4663 Sed
913 4611 989 4664 tunc
1014 4601 1218 4664 conversatio
1243 4598 1328 4664 illius
1352 4601 1502 4685 congrmt
1533 4600 1650 4682 officio,
1676 4623 1750 4665 cum
1779 4623 1838 4687 pro
1863 4602 1949 4666 vitae
1980 4602 2167 4667 innocentia

516 4706 644 4770 actione
667 4706 865 4792 praecipuus
889 4717 921 4772 et
944 4728 1023 4793 prae
1047 4707 1172 4771 cunctis
1196 4705 1232 4770 fit
1256 4706 1534 4793 contemplacione
1558 4730 1734 4795 suspensus
1745 4712 1766 4772 ¹.

621 4829 701 4897 1111.
747 4829 800 4894 De
831 4831 1079 4895 conversatione
1103 4829 1295 4896 clericorum
1319 4833 1351 4896 in
1377 4832 1567 4918 episcopatu
1590 4831 1747 4920 disposita
1775 4832 1854 4921 quid
1884 4832 1973 4898 aliud
2004 4856 2101 4921 qnam
2132 4845 2168 4898 ut

354 4956 496 5010 rumas
516 4937 672 5002 canonice
696 4935 820 5022 degant
841 4935 1017 5002 dicendum
1040 4936 1116 5002 est?
1157 4936 1221 5018 Qui
1245 4939 1337 5003 iuxta
1360 4960 1475 5003 vacem
1499 4936 1637 5025 apastoli
1653 4942 1729 5026 filii
1741 4942 1814 5006 bene
1829 4939 2075 5006 subditivocari
2091 4961 2167 5004 con·

622 5190 643 5240 1.
672 5188 790 5241 Lenrmo:
809 5190 879 5240 Item
899 5189 954 5240 aliu
973 5189 1096 5258 capitula
1116 5191 1207 5242 domui
1228 5190 1384 5243 Hludowici
1403 5193 1574 5260 imperatoris
1595 5191 1627 5244 0.
1682 5194 1714 5242 21
1736 5190 2166 5261 incomparabilis]1.1npsra·
2184 5212 2212 5252 15

516 5278 586 5331 bolis
606 5278 638 5330 0.
711 5279 839 5330 caelestis
860 5278 892 5329 0.

621 5368 660 5419 11.
688 5370 721 5418 25
742 5376 886 5419 venerator
905 5367 937 5419 0.
1010 5370 1044 5420 30
1063 5370 1105 5420 De
1125 5372 1297 5435 monogamia
1310 5395 1345 5404 —
1358 5363 1409 5433 est]
1428 5370 1464 5420 ita
1485 5370 1516 5431 0,
1535 5369 1764 5436 interpretationum
1778 5388 1919 5436 proponere
1936 5389 1987 5423 non
2004 5373 2095 5424 amm.

625 5603 655 5672 1)
681 5602 729 5675 bf.
754 5602 918 5660 Hludorcici
939 5602 1092 5660 admonitio
1116 5607 1179 5662 825
1196 5605 1267 5681 Aup.
1292 5623 1315 5660 c.
1332 5607 1370 5672 45
1396 5601 1469 5663 ΜΘ.
1488 5602 1580 5680 Capit.
1598 5605 1622 5674 I,
1641 5607 1701 5665 303
1712 5624 1754 5682 sq.
1779 5598 2006 5681 (Millrlboclcr²
2028 5626 2058 5663 n.
2076 5602 2165 5683 798).

522 5709 781 5767 55555551,
807 5710 944 5766 1111551155
967 5729 989 5766 c,
1008 5713 1055 5779 14,
1088 5710 1249 5767 Turanease
1272 5713 1332 5770 813
1356 5714 1415 5770 ci
1440 5705 1547 5786 (supra
1566 5730 1598 5786 p.
1619 5715 1692 5770 255.
1709 5706 1789 5787 287)
1822 5721 1849 5769 et
1875 5712 1960 5786 infra
1983 5705 2030 5789 (n.
2055 5717 2096 5773 50
2118 5708 2167 5790 D)

516 5816 613 5873 concil.
638 5815 802 5873 Pariaienee
825 5821 887 5875 820
910 5815 956 5872 lib.
975 5815 993 5870 I
1012 5835 1050 5873 cc.
1068 5820 1096 5875 1.
1114 5819 1260 5875 15-18.
2184 5839 2213 5880 ee
