<?xml version="1.0" encoding="UTF-8"?>
<!DOCTYPE html PUBLIC "-//W3C//DTD XHTML 1.0 Transitional//EN"
    "http://www.w3.org/TR/xhtml1/DTD/xhtml1-transitional.dtd">
<html xmlns="http://www.w3.org/1999/xhtml" xml:lang="en" lang="en">
 <head>
  <title>
</title>
<meta http-equiv="Content-Type" content="text/html;charset=utf-8" />
  <meta name='ocr-system' content='tesseract 3.04.00' />
  <meta name='ocr-capabilities' content='ocr_page ocr_carea ocr_par ocr_line ocrx_word'/>
</head>
<body>
  <div class='ocr_page' id='page_1' title='image "./monumentagerman02gescgoog/monumentagerman02gescgoog_0128.png"; bbox 0 0 4884 6717; ppageno 0'>
   <div class='ocr_carea' id='block_1_1' title="bbox 532 506 1714 570">
    <p class='ocr_par' dir='ltr' id='par_1_1' title="bbox 532 506 1714 570">
     <span class='ocr_line' id='line_1_1' title="bbox 532 506 1714 570; baseline -0.003 0"><span class='ocrx_word' id='word_1_1' title='bbox 532 506 598 570; x_wconf 78' lang='grc'><strong>540</strong></span> <span class='ocrx_word' id='word_1_2' title='bbox 1000 512 1052 568; x_wconf 76' lang='lat'><strong>44.</strong></span> <span class='ocrx_word' id='word_1_3' title='bbox 1089 512 1308 570; x_wconf 76' lang='lat' dir='ltr'>CONCILIUM</span> <span class='ocrx_word' id='word_1_4' title='bbox 1330 510 1557 569; x_wconf 83' lang='lat' dir='ltr'><strong>PARISIENSE</strong></span> <span class='ocrx_word' id='word_1_5' title='bbox 1581 514 1617 568; x_wconf 80' lang='lat' dir='ltr'><strong>A.</strong></span> <span class='ocrx_word' id='word_1_6' title='bbox 1639 510 1714 568; x_wconf 80' lang='lat'><strong>825.</strong></span> 
     </span>
    </p>
   </div>
   <div class='ocr_carea' id='block_1_2' title="bbox 531 708 2219 1528">
    <p class='ocr_par' dir='ltr' id='par_1_2' title="bbox 531 708 2219 1528">
     <span class='ocr_line' id='line_1_2' title="bbox 531 708 2186 782; baseline -0.001 -17"><span class='ocrx_word' id='word_1_7' title='bbox 531 710 723 778; x_wconf 78' lang='lat' dir='ltr'><strong>laudavimus3</strong></span> <span class='ocrx_word' id='word_1_8' title='bbox 747 710 867 782; x_wconf 77' lang='lat' dir='ltr'><strong>fregisse</strong></span> <span class='ocrx_word' id='word_1_9' title='bbox 891 727 959 765; x_wconf 81' lang='lat' dir='ltr'><strong>vero</strong></span> <span class='ocrx_word' id='word_1_10' title='bbox 982 710 1227 781; x_wconf 89' lang='lat' dir='ltr'><strong>reprehendimus.</strong></span> <span class='ocrx_word' id='word_1_11' title='bbox 1261 709 1327 777; x_wconf 88' lang='lat' dir='ltr'><strong>Dic,</strong></span> <span class='ocrx_word' id='word_1_12' title='bbox 1350 708 1450 779; x_wconf 82' lang='lat' dir='ltr'><strong>frater,</strong></span> <span class='ocrx_word' id='word_1_13' title='bbox 1474 728 1491 764; x_wconf 93' lang='lat' dir='ltr'><strong>a</strong></span> <span class='ocrx_word' id='word_1_14' title='bbox 1515 726 1570 780; x_wconf 87' lang='lat' dir='ltr'><strong>quo</strong></span> <span class='ocrx_word' id='word_1_15' title='bbox 1585 709 1693 765; x_wconf 87' lang='lat' dir='ltr'><strong>factum</strong></span> <span class='ocrx_word' id='word_1_16' title='bbox 1708 709 1857 765; x_wconf 76' lang='lat' dir='ltr'><strong>sacerdote</strong></span> <span class='ocrx_word' id='word_1_17' title='bbox 1881 709 2034 780; x_wconf 88' lang='lat' dir='ltr'><strong>aliquando</strong></span> <span class='ocrx_word' id='word_1_18' title='bbox 2057 710 2186 764; x_wconf 91' lang='lat' dir='ltr'><strong>anditum</strong></span> 
     </span>
     <span class='ocr_line' id='line_1_3' title="bbox 533 814 2184 888; baseline -0.001 -16"><span class='ocrx_word' id='word_1_19' title='bbox 533 824 578 872; x_wconf 88' lang='lat' dir='ltr'><strong>est</strong></span> <span class='ocrx_word' id='word_1_20' title='bbox 608 817 684 888; x_wconf 91' lang='lat' dir='ltr'><strong>quod</strong></span> <span class='ocrx_word' id='word_1_21' title='bbox 714 816 830 872; x_wconf 77' lang='lat' dir='ltr'><strong>fecisti?</strong></span> <span class='ocrx_word' id='word_1_22' title='bbox 876 814 905 870; x_wconf 88' lang='lat' dir='ltr'><strong>Si</strong></span> <span class='ocrx_word' id='word_1_23' title='bbox 935 833 991 871; x_wconf 91' lang='lat' dir='ltr'><strong>non</strong></span> <span class='ocrx_word' id='word_1_24' title='bbox 1021 816 1107 884; x_wconf 89' lang='lat' dir='ltr'><strong>aliud,</strong></span> <span class='ocrx_word' id='word_1_25' title='bbox 1138 816 1185 872; x_wconf 86' lang='lat' dir='ltr'><strong>rel</strong></span> <span class='ocrx_word' id='word_1_26' title='bbox 1208 815 1279 870; x_wconf 92' lang='lat' dir='ltr'><strong>illud</strong></span> <span class='ocrx_word' id='word_1_27' title='bbox 1310 823 1339 872; x_wconf 90' lang='lat' dir='ltr'><strong>tc</strong></span> <span class='ocrx_word' id='word_1_28' title='bbox 1363 833 1419 871; x_wconf 91' lang='lat' dir='ltr'><strong>non</strong></span> <span class='ocrx_word' id='word_1_29' title='bbox 1443 815 1543 872; x_wconf 80' lang='lat' dir='ltr'>debuit</span> <span class='ocrx_word' id='word_1_30' title='bbox 1566 832 1711 883; x_wconf 79' lang='lat' dir='ltr'><strong>revocare,</strong></span> <span class='ocrx_word' id='word_1_31' title='bbox 1737 821 1770 870; x_wconf 92' lang='lat' dir='ltr'><strong>nt</strong></span> <span class='ocrx_word' id='word_1_32' title='bbox 1793 816 1939 887; x_wconf 75' lang='lat' dir='ltr'><strong>despectis</strong></span> <span class='ocrx_word' id='word_1_33' title='bbox 1962 815 2024 871; x_wconf 90' lang='lat' dir='ltr'><strong>aliis</strong></span> <span class='ocrx_word' id='word_1_34' title='bbox 2047 815 2184 872; x_wconf 88' lang='lat' dir='ltr'><strong>fratribus</strong></span> 
     </span>
     <span class='ocr_line' id='line_1_4' title="bbox 531 922 2185 994; baseline -0.001 -16"><span class='ocrx_word' id='word_1_35' title='bbox 531 923 620 978; x_wconf 90' lang='lat' dir='ltr'><strong>solum</strong></span> <span class='ocrx_word' id='word_1_36' title='bbox 643 931 674 979; x_wconf 90' lang='lat' dir='ltr'><strong>te</strong></span> <span class='ocrx_word' id='word_1_37' title='bbox 698 929 825 978; x_wconf 83' lang='lat' dir='ltr'><strong>sanctum</strong></span> <span class='ocrx_word' id='word_1_38' title='bbox 856 930 886 977; x_wconf 90' lang='lat' dir='ltr'><strong>et</strong></span> <span class='ocrx_word' id='word_1_39' title='bbox 917 939 980 978; x_wconf 89' lang='lat' dir='ltr'><strong>esse</strong></span> <span class='ocrx_word' id='word_1_40' title='bbox 1011 923 1144 978; x_wconf 78' lang='lat' dir='ltr'>crederes</span> <span class='ocrx_word' id='word_1_41' title='bbox 1174 922 1344 994; x_wconf 87' lang='lat' dir='ltr'><strong>sapientem.</strong></span> <span class='ocrx_word' id='word_1_42' title='bbox 1397 922 1484 977; x_wconf 82' lang='lat' dir='ltr'><strong>Aliud</strong></span> <span class='ocrx_word' id='word_1_43' title='bbox 1515 929 1560 978; x_wconf 91' lang='lat' dir='ltr'><strong>est</strong></span> <span class='ocrx_word' id='word_1_44' title='bbox 1590 922 1664 978; x_wconf 88' lang='lat' dir='ltr'><strong>enim</strong></span> <span class='ocrx_word' id='word_1_45' title='bbox 1690 922 1830 994; x_wconf 81' lang='lat' dir='ltr'><strong>picturam</strong></span> <span class='ocrx_word' id='word_1_46' title='bbox 1852 923 1982 990; x_wconf 87' lang='lat' dir='ltr'><strong>adorare,</strong></span> <span class='ocrx_word' id='word_1_47' title='bbox 2013 922 2091 978; x_wconf 83' lang='lat' dir='ltr'><strong>aliud</strong></span> <span class='ocrx_word' id='word_1_48' title='bbox 2119 941 2185 994; x_wconf 86' lang='lat' dir='ltr'><strong>per</strong></span> 
     </span>
     <span class='ocr_line' id='line_1_5' title="bbox 532 1028 2184 1101; baseline 0 -17"><span class='ocrx_word' id='word_1_49' title='bbox 532 1031 661 1101; x_wconf 73' lang='lat' dir='ltr'><strong>picturae</strong></span> <span class='ocrx_word' id='word_1_50' title='bbox 684 1029 881 1084; x_wconf 82' lang='lat' dir='ltr'><strong>historiam</strong></span> <span class='ocrx_word' id='word_1_51' title='bbox 905 1029 973 1100; x_wconf 89' lang='lat' dir='ltr'><strong>quid</strong></span> <span class='ocrx_word' id='word_1_52' title='bbox 996 1029 1033 1083; x_wconf 91' lang='lat' dir='ltr'><strong>sit</strong></span> <span class='ocrx_word' id='word_1_53' title='bbox 1055 1029 1230 1084; x_wconf 89' lang='lat' dir='ltr'><strong>adorandum</strong></span> <span class='ocrx_word' id='word_1_54' title='bbox 1252 1029 1411 1085; x_wconf 75' lang='lat' dir='ltr'><strong>addiscere.</strong></span> <span class='ocrx_word' id='word_1_55' title='bbox 1458 1029 1530 1084; x_wconf 79' lang='lat' dir='ltr'><strong>Nam</strong></span> <span class='ocrx_word' id='word_1_56' title='bbox 1554 1029 1630 1100; x_wconf 88' lang='lat' dir='ltr'><strong>quod</strong></span> <span class='ocrx_word' id='word_1_57' title='bbox 1652 1028 1817 1101; x_wconf 85' lang='lat' dir='ltr'><strong>legentibus</strong></span> <span class='ocrx_word' id='word_1_58' title='bbox 1840 1029 1989 1101; x_wconf 88' lang='lat' dir='ltr'><strong>scriptura,</strong></span> <span class='ocrx_word' id='word_1_59' title='bbox 2012 1029 2066 1084; x_wconf 89' lang='lat' dir='ltr'><strong>hoe</strong></span> <span class='ocrx_word' id='word_1_60' title='bbox 2089 1029 2184 1084; x_wconf 91' lang='lat' dir='ltr'><strong>idiotis</strong></span> 
     </span>
     <span class='ocr_line' id='line_1_6' title="bbox 531 1135 2219 1208; baseline -0.003 -17"><span class='ocrx_word' id='word_1_61' title='bbox 531 1142 660 1207; x_wconf 90' lang='lat' dir='ltr'><strong>praestat</strong></span> <span class='ocrx_word' id='word_1_62' title='bbox 683 1136 795 1207; x_wconf 86' lang='lat' dir='ltr'><strong>pictura</strong></span> <span class='ocrx_word' id='word_1_63' title='bbox 817 1136 1011 1203; x_wconf 85' lang='lat' dir='ltr'><strong>cernentibus,</strong></span> <span class='ocrx_word' id='word_1_64' title='bbox 1042 1135 1110 1207; x_wconf 91' lang='lat' dir='ltr'><strong>quia</strong></span> <span class='ocrx_word' id='word_1_65' title='bbox 1131 1137 1160 1190; x_wconf 92' lang='lat' dir='ltr'><strong>in</strong></span> <span class='ocrx_word' id='word_1_66' title='bbox 1183 1136 1246 1208; x_wconf 87' lang='lat' dir='ltr'><strong>ipsa</strong></span> <span class='ocrx_word' id='word_1_67' title='bbox 1268 1136 1431 1207; x_wconf 80' lang='lat' dir='ltr'><strong>ignorantes</strong></span> <span class='ocrx_word' id='word_1_68' title='bbox 1453 1136 1553 1191; x_wconf 81' lang='lat' dir='ltr'><strong>rident</strong></span> <span class='ocrx_word' id='word_1_69' title='bbox 1577 1135 1655 1206; x_wconf 89' lang='lat' dir='ltr'><strong>qnod</strong></span> <span class='ocrx_word' id='word_1_70' title='bbox 1677 1135 1760 1208; x_wconf 89' lang='lat' dir='ltr'><strong>sequi</strong></span> <span class='ocrx_word' id='word_1_71' title='bbox 1783 1136 1919 1203; x_wconf 91' lang='lat' dir='ltr'><strong>debcant,</strong></span> <span class='ocrx_word' id='word_1_72' title='bbox 1947 1138 1977 1191; x_wconf 94' lang='lat' dir='ltr'><strong>in</strong></span> <span class='ocrx_word' id='word_1_73' title='bbox 1999 1136 2062 1208; x_wconf 90' lang='lat' dir='ltr'><strong>ipsa</strong></span> <span class='ocrx_word' id='word_1_74' title='bbox 2083 1136 2219 1208; x_wconf 73' lang='lat' dir='ltr'><strong>legunto</strong></span> 
     </span>
     <span class='ocr_line' id='line_1_7' title="bbox 533 1241 2185 1316; baseline 0.001 -19"><span class='ocrx_word' id='word_1_75' title='bbox 533 1243 582 1314; x_wconf 87' lang='lat' dir='ltr'><strong>qui</strong></span> <span class='ocrx_word' id='word_1_76' title='bbox 603 1243 716 1297; x_wconf 83' lang='lat' dir='ltr'><strong>litteras</strong></span> <span class='ocrx_word' id='word_1_77' title='bbox 738 1243 880 1297; x_wconf 88' lang='lat' dir='ltr'><strong>nesciunt.</strong></span> <span class='ocrx_word' id='word_1_78' title='bbox 926 1241 1012 1298; x_wconf 89' lang='lat' dir='ltr'><strong>Unde</strong></span> <span class='ocrx_word' id='word_1_79' title='bbox 1037 1249 1074 1297; x_wconf 92' lang='lat' dir='ltr'><strong>et</strong></span> <span class='ocrx_word' id='word_1_80' title='bbox 1096 1242 1235 1314; x_wconf 86' lang='lat' dir='ltr'><strong>precipue</strong></span> <span class='ocrx_word' id='word_1_81' title='bbox 1257 1242 1392 1314; x_wconf 88' lang='lat' dir='ltr'><strong>gentibus</strong></span> <span class='ocrx_word' id='word_1_82' title='bbox 1414 1259 1466 1313; x_wconf 88' lang='lat' dir='ltr'><strong>pro</strong></span> <span class='ocrx_word' id='word_1_83' title='bbox 1488 1243 1613 1299; x_wconf 89' lang='lat' dir='ltr'><strong>lectione</strong></span> <span class='ocrx_word' id='word_1_84' title='bbox 1636 1242 1749 1314; x_wconf 90' lang='lat' dir='ltr'><strong>pictura</strong></span> <span class='ocrx_word' id='word_1_85' title='bbox 1778 1249 1833 1310; x_wconf 91' lang='lat' dir='ltr'><strong>est,</strong></span> <span class='ocrx_word' id='word_1_86' title='bbox 1865 1244 1941 1314; x_wconf 88' lang='lat' dir='ltr'><strong>qnod</strong></span> <span class='ocrx_word' id='word_1_87' title='bbox 1970 1260 2143 1316; x_wconf 84' lang='lat' dir='ltr'><strong>magnopere</strong></span> <span class='ocrx_word' id='word_1_88' title='bbox 2167 1262 2185 1299; x_wconf 90' lang='lat' dir='ltr'><strong>a</strong></span> 
     </span>
     <span class='ocr_line' id='line_1_8' title="bbox 533 1348 2184 1420; baseline 0.001 -17"><span class='ocrx_word' id='word_1_89' title='bbox 533 1357 575 1416; x_wconf 87' lang='lat' dir='ltr'><strong>te,</strong></span> <span class='ocrx_word' id='word_1_90' title='bbox 601 1350 649 1420; x_wconf 91' lang='lat' dir='ltr'><strong>qai</strong></span> <span class='ocrx_word' id='word_1_91' title='bbox 672 1349 747 1405; x_wconf 88' lang='lat' dir='ltr'><strong>inter</strong></span> <span class='ocrx_word' id='word_1_92' title='bbox 768 1357 872 1420; x_wconf 84' lang='lat' dir='ltr'><strong>gentes</strong></span> <span class='ocrx_word' id='word_1_93' title='bbox 893 1349 1017 1417; x_wconf 90' lang='lat' dir='ltr'><strong>habitas,</strong></span> <span class='ocrx_word' id='word_1_94' title='bbox 1041 1350 1160 1404; x_wconf 89' lang='lat' dir='ltr'><strong>adtendi</strong></span> <span class='ocrx_word' id='word_1_95' title='bbox 1184 1350 1332 1417; x_wconf 85' lang='lat' dir='ltr'><strong>decuerat,</strong></span> <span class='ocrx_word' id='word_1_96' title='bbox 1356 1367 1403 1417; x_wconf 92' lang='lat' dir='ltr'><strong>ne,</strong></span> <span class='ocrx_word' id='word_1_97' title='bbox 1421 1349 1488 1403; x_wconf 91' lang='lat' dir='ltr'><strong>dum</strong></span> <span class='ocrx_word' id='word_1_98' title='bbox 1511 1357 1590 1405; x_wconf 88' lang='lat' dir='ltr'><strong>recto</strong></span> <span class='ocrx_word' id='word_1_99' title='bbox 1613 1348 1675 1406; x_wconf 85' lang='lat' dir='ltr'><strong>zelo</strong></span> <span class='ocrx_word' id='word_1_100' title='bbox 1696 1349 1810 1405; x_wconf 90' lang='lat' dir='ltr'><strong>incaute</strong></span> <span class='ocrx_word' id='word_1_101' title='bbox 1826 1350 2019 1417; x_wconf 89' lang='lat' dir='ltr'><strong>succenderis,</strong></span> <span class='ocrx_word' id='word_1_102' title='bbox 2043 1349 2184 1407; x_wconf 82' lang='lat' dir='ltr'><strong>ferocibus</strong></span> 
     </span>
     <span class='ocr_line' id='line_1_9' title="bbox 532 1456 2184 1528; baseline 0.001 -19"><span class='ocrx_word' id='word_1_103' title='bbox 532 1457 630 1510; x_wconf 88' lang='lat' dir='ltr'><strong>animis</strong></span> <span class='ocrx_word' id='word_1_104' title='bbox 654 1456 818 1511; x_wconf 88' lang='lat' dir='ltr'><strong>scandalum</strong></span> <span class='ocrx_word' id='word_1_105' title='bbox 840 1473 1005 1528; x_wconf 87' lang='lat' dir='ltr'><strong>generares.</strong></span> <span class='ocrx_word' id='word_1_106' title='bbox 1051 1456 1157 1528; x_wconf 84' lang='lat' dir='ltr'><strong>Frangi</strong></span> <span class='ocrx_word' id='word_1_107' title='bbox 1181 1473 1250 1528; x_wconf 89' lang='lat' dir='ltr'><strong>ergo</strong></span> <span class='ocrx_word' id='word_1_108' title='bbox 1272 1472 1328 1510; x_wconf 92' lang='lat' dir='ltr'><strong>non</strong></span> <span class='ocrx_word' id='word_1_109' title='bbox 1351 1456 1451 1510; x_wconf 86' lang='lat' dir='ltr'><strong>debuit</strong></span> <span class='ocrx_word' id='word_1_110' title='bbox 1475 1456 1551 1527; x_wconf 91' lang='lat' dir='ltr'><strong>quod</strong></span> <span class='ocrx_word' id='word_1_111' title='bbox 1573 1473 1630 1511; x_wconf 88' lang='lat' dir='ltr'><strong>non</strong></span> <span class='ocrx_word' id='word_1_112' title='bbox 1653 1457 1689 1511; x_wconf 89' lang='lat' dir='ltr'><strong>sd</strong></span> <span class='ocrx_word' id='word_1_113' title='bbox 1712 1456 1886 1511; x_wconf 89' lang='lat' dir='ltr'><strong>adorandum</strong></span> <span class='ocrx_word' id='word_1_114' title='bbox 1909 1458 1937 1511; x_wconf 92' lang='lat' dir='ltr'><strong>in</strong></span> <span class='ocrx_word' id='word_1_115' title='bbox 1962 1456 2101 1524; x_wconf 89' lang='lat' dir='ltr'><strong>ecclesiis,</strong></span> <span class='ocrx_word' id='word_1_116' title='bbox 2132 1458 2184 1512; x_wconf 92' lang='lat' dir='ltr'><strong>sed</strong></span> 
     </span>
    </p>
   </div>
   <div class='ocr_carea' id='block_1_3' title="bbox 532 1547 2185 1634">
    <p class='ocr_par' dir='ltr' id='par_1_3' title="bbox 532 1547 2185 1634">
     <span class='ocr_line' id='line_1_10' title="bbox 532 1547 2185 1634; baseline 0.001 -17"><span class='ocrx_word' id='word_1_117' title='bbox 532 1564 568 1617; x_wconf 91' lang='lat' dir='ltr'><strong>ad</strong></span> <span class='ocrx_word' id='word_1_118' title='bbox 592 1563 772 1618; x_wconf 87' lang='lat' dir='ltr'><strong>instruendas</strong></span> <span class='ocrx_word' id='word_1_119' title='bbox 795 1563 967 1617; x_wconf 88' lang='lat' dir='ltr'><strong>solummodo</strong></span> <span class='ocrx_word' id='word_1_120' title='bbox 997 1569 1109 1618; x_wconf 87' lang='lat' dir='ltr'><strong>mentes</strong></span> <span class='ocrx_word' id='word_1_121' title='bbox 1138 1561 1194 1617; x_wconf 86' lang='lat' dir='ltr'><strong>init</strong></span> <span class='ocrx_word' id='word_1_122' title='bbox 1224 1562 1411 1619; x_wconf 88' lang='lat' dir='ltr'><strong>nescientium</strong></span> <span class='ocrx_word' id='word_1_123' title='bbox 1442 1547 1625 1631; x_wconf 82' lang='lat' dir='ltr'><strong>collocatnm3</strong></span> <span class='ocrx_word' id='word_1_124' title='bbox 1658 1569 1689 1617; x_wconf 92' lang='lat' dir='ltr'><strong>et</strong></span> <span class='ocrx_word' id='word_1_125' title='bbox 1720 1564 1787 1634; x_wconf 89' lang='lat' dir='ltr'><strong>quia</strong></span> <span class='ocrx_word' id='word_1_126' title='bbox 1816 1563 1845 1617; x_wconf 94' lang='lat' dir='ltr'><strong>in</strong></span> <span class='ocrx_word' id='word_1_127' title='bbox 1873 1562 1943 1618; x_wconf 92' lang='lat' dir='ltr'><strong>locis</strong></span> <span class='ocrx_word' id='word_1_128' title='bbox 1974 1563 2185 1619; x_wconf 86' lang='lat' dir='ltr'><strong>venerabilibus</strong></span> 
     </span>
    </p>
   </div>
   <div class='ocr_carea' id='block_1_4' title="bbox 356 1669 2233 4842">
    <p class='ocr_par' dir='ltr' id='par_1_4' title="bbox 356 1669 2233 4842">
     <span class='ocr_line' id='line_1_11' title="bbox 532 1669 2233 1742; baseline 0.001 -19"><span class='ocrx_word' id='word_1_129' title='bbox 532 1677 691 1725; x_wconf 86' lang='lat' dir='ltr'><strong>sanctorum</strong></span> <span class='ocrx_word' id='word_1_130' title='bbox 714 1670 831 1742; x_wconf 88' lang='lat' dir='ltr'><strong>depingi</strong></span> <span class='ocrx_word' id='word_1_131' title='bbox 852 1670 985 1724; x_wconf 90' lang='lat' dir='ltr'><strong>historias</strong></span> <span class='ocrx_word' id='word_1_132' title='bbox 1007 1687 1063 1725; x_wconf 91' lang='lat' dir='ltr'><strong>non</strong></span> <span class='ocrx_word' id='word_1_133' title='bbox 1087 1669 1148 1725; x_wconf 89' lang='lat' dir='ltr'><strong>sine</strong></span> <span class='ocrx_word' id='word_1_134' title='bbox 1171 1670 1282 1725; x_wconf 89' lang='lat' dir='ltr'><strong>ratione</strong></span> <span class='ocrx_word' id='word_1_135' title='bbox 1305 1675 1434 1724; x_wconf 86' lang='lat' dir='ltr'><strong>vetustas</strong></span> <span class='ocrx_word' id='word_1_136' title='bbox 1457 1670 1579 1737; x_wconf 87' lang='lat' dir='ltr'><strong>admisit,</strong></span> <span class='ocrx_word' id='word_1_137' title='bbox 1603 1670 1626 1724; x_wconf 93' lang='lat' dir='ltr'><strong>si</strong></span> <span class='ocrx_word' id='word_1_138' title='bbox 1650 1669 1743 1725; x_wconf 87' lang='lat' dir='ltr'><strong>zelum</strong></span> <span class='ocrx_word' id='word_1_139' title='bbox 1761 1670 1933 1726; x_wconf 86' lang='lat' dir='ltr'><strong>discretione</strong></span> <span class='ocrx_word' id='word_1_140' title='bbox 1949 1671 2106 1738; x_wconf 89' lang='lat' dir='ltr'><strong>condisses,</strong></span> <span class='ocrx_word' id='word_1_141' title='bbox 2122 1670 2183 1725; x_wconf 90' lang='lat' dir='ltr'><strong>sine</strong></span> <span class='ocrx_word' id='word_1_142' title='bbox 2204 1679 2233 1719; x_wconf 80' lang='lat'><strong>¹⁰</strong></span> 
     </span>
     <span class='ocr_line' id='line_1_12' title="bbox 532 1775 2185 1849; baseline 0.001 -20"><span class='ocrx_word' id='word_1_143' title='bbox 532 1777 618 1832; x_wconf 91' lang='lat' dir='ltr'><strong>dubio</strong></span> <span class='ocrx_word' id='word_1_144' title='bbox 642 1784 673 1832; x_wconf 90' lang='lat' dir='ltr'><strong>et</strong></span> <span class='ocrx_word' id='word_1_145' title='bbox 697 1794 741 1844; x_wconf 90' lang='lat' dir='ltr'><strong>ea,</strong></span> <span class='ocrx_word' id='word_1_146' title='bbox 766 1794 840 1848; x_wconf 86' lang='lat' dir='ltr'><strong>quae</strong></span> <span class='ocrx_word' id='word_1_147' title='bbox 863 1776 1046 1843; x_wconf 87' lang='lat' dir='ltr'><strong>intendebas,</strong></span> <span class='ocrx_word' id='word_1_148' title='bbox 1069 1776 1222 1832; x_wconf 89' lang='lat' dir='ltr'><strong>salubriter</strong></span> <span class='ocrx_word' id='word_1_149' title='bbox 1244 1776 1374 1832; x_wconf 90' lang='lat' dir='ltr'><strong>obtinere</strong></span> <span class='ocrx_word' id='word_1_150' title='bbox 1398 1782 1429 1831; x_wconf 93' lang='lat' dir='ltr'><strong>et</strong></span> <span class='ocrx_word' id='word_1_151' title='bbox 1452 1775 1602 1832; x_wconf 89' lang='lat' dir='ltr'><strong>collectum</strong></span> <span class='ocrx_word' id='word_1_152' title='bbox 1617 1792 1734 1848; x_wconf 89' lang='lat' dir='ltr'><strong>gregem</strong></span> <span class='ocrx_word' id='word_1_153' title='bbox 1750 1792 1805 1830; x_wconf 91' lang='lat' dir='ltr'><strong>non</strong></span> <span class='ocrx_word' id='word_1_154' title='bbox 1822 1777 1999 1849; x_wconf 84' lang='lat' dir='ltr'><strong>dispergere,</strong></span> <span class='ocrx_word' id='word_1_155' title='bbox 2023 1778 2074 1833; x_wconf 92' lang='lat' dir='ltr'><strong>sed</strong></span> <span class='ocrx_word' id='word_1_156' title='bbox 2089 1776 2185 1849; x_wconf 91' lang='lat' dir='ltr'><strong>potius</strong></span> 
     </span>
     <span class='ocr_line' id='line_1_13' title="bbox 532 1882 2184 1956; baseline 0 -18"><span class='ocrx_word' id='word_1_157' title='bbox 532 1892 648 1954; x_wconf 87' lang='lat' dir='ltr'><strong>poteras</strong></span> <span class='ocrx_word' id='word_1_158' title='bbox 671 1900 856 1955; x_wconf 85' lang='lat' dir='ltr'><strong>congregare,</strong></span> <span class='ocrx_word' id='word_1_159' title='bbox 880 1891 912 1938; x_wconf 93' lang='lat' dir='ltr'><strong>ut</strong></span> <span class='ocrx_word' id='word_1_160' title='bbox 934 1883 1056 1954; x_wconf 90' lang='lat' dir='ltr'><strong>pastoris</strong></span> <span class='ocrx_word' id='word_1_161' title='bbox 1079 1883 1108 1937; x_wconf 92' lang='lat' dir='ltr'><strong>in</strong></span> <span class='ocrx_word' id='word_1_162' title='bbox 1131 1889 1161 1938; x_wconf 90' lang='lat' dir='ltr'><strong>tc</strong></span> <span class='ocrx_word' id='word_1_163' title='bbox 1185 1882 1286 1937; x_wconf 90' lang='lat' dir='ltr'><strong>merito</strong></span> <span class='ocrx_word' id='word_1_164' title='bbox 1308 1900 1410 1939; x_wconf 90' lang='lat' dir='ltr'><strong>nomen</strong></span> <span class='ocrx_word' id='word_1_165' title='bbox 1435 1882 1601 1950; x_wconf 83' lang='lat' dir='ltr'><strong>excelleret,</strong></span> <span class='ocrx_word' id='word_1_166' title='bbox 1624 1900 1680 1938; x_wconf 92' lang='lat' dir='ltr'><strong>non</strong></span> <span class='ocrx_word' id='word_1_167' title='bbox 1704 1882 1788 1954; x_wconf 87' lang='lat' dir='ltr'><strong>culpa</strong></span> <span class='ocrx_word' id='word_1_168' title='bbox 1810 1884 1978 1956; x_wconf 90' lang='lat' dir='ltr'><strong>dispersoris</strong></span> <span class='ocrx_word' id='word_1_169' title='bbox 1995 1884 2184 1940; x_wconf 88' lang='lat' dir='ltr'><strong>incumberet.</strong></span> 
     </span>
     <span class='ocr_line' id='line_1_14' title="bbox 533 1989 2185 2061; baseline 0 -17"><span class='ocrx_word' id='word_1_170' title='bbox 533 1991 607 2044; x_wconf 90' lang='lat' dir='ltr'><strong>Hinc</strong></span> <span class='ocrx_word' id='word_1_171' title='bbox 631 1998 735 2058; x_wconf 91' lang='lat' dir='ltr'><strong>autem,</strong></span> <span class='ocrx_word' id='word_1_172' title='bbox 767 1990 833 2044; x_wconf 90' lang='lat' dir='ltr'><strong>dnm</strong></span> <span class='ocrx_word' id='word_1_173' title='bbox 856 1991 885 2044; x_wconf 92' lang='lat' dir='ltr'><strong>in</strong></span> <span class='ocrx_word' id='word_1_174' title='bbox 907 1989 960 2044; x_wconf 89' lang='lat' dir='ltr'><strong>hoc</strong></span> <span class='ocrx_word' id='word_1_175' title='bbox 984 1989 1067 2044; x_wconf 90' lang='lat' dir='ltr'><strong>animi</strong></span> <span class='ocrx_word' id='word_1_176' title='bbox 1090 1990 1133 2043; x_wconf 91' lang='lat' dir='ltr'><strong>tui</strong></span> <span class='ocrx_word' id='word_1_177' title='bbox 1156 1989 1271 2044; x_wconf 87' lang='lat' dir='ltr'><strong>incaute</strong></span> <span class='ocrx_word' id='word_1_178' title='bbox 1294 1989 1375 2044; x_wconf 89' lang='lat' dir='ltr'><strong>nimis</strong></span> <span class='ocrx_word' id='word_1_179' title='bbox 1405 1996 1495 2044; x_wconf 88' lang='lat' dir='ltr'><strong>motus</strong></span> <span class='ocrx_word' id='word_1_180' title='bbox 1521 1989 1680 2061; x_wconf 84' lang='lat' dir='ltr'><strong>exequeris,</strong></span> <span class='ocrx_word' id='word_1_181' title='bbox 1712 1990 1754 2043; x_wconf 92' lang='lat' dir='ltr'><strong>ita</strong></span> <span class='ocrx_word' id='word_1_182' title='bbox 1782 1995 1847 2044; x_wconf 93' lang='lat' dir='ltr'><strong>tuos</strong></span> <span class='ocrx_word' id='word_1_183' title='bbox 1877 1990 2083 2046; x_wconf 78' lang='lat' dir='ltr'><strong>scandalizasse</strong></span> <span class='ocrx_word' id='word_1_184' title='bbox 2112 1989 2185 2045; x_wconf 88' lang='lat' dir='ltr'><strong>filios</strong></span> 
     </span>
     <span class='ocr_line' id='line_1_15' title="bbox 532 2095 2183 2170; baseline 0.001 -18"><span class='ocrx_word' id='word_1_185' title='bbox 532 2097 702 2168; x_wconf 88' lang='lat' dir='ltr'><strong>perhiberis,</strong></span> <span class='ocrx_word' id='word_1_186' title='bbox 733 2105 765 2151; x_wconf 90' lang='lat' dir='ltr'><strong>nt</strong></span> <span class='ocrx_word' id='word_1_187' title='bbox 795 2097 914 2152; x_wconf 83' lang='lat' dir='ltr'><strong>maxima</strong></span> <span class='ocrx_word' id='word_1_188' title='bbox 944 2113 1040 2152; x_wconf 89' lang='lat' dir='ltr'><strong>eorum</strong></span> <span class='ocrx_word' id='word_1_189' title='bbox 1068 2115 1134 2169; x_wconf 86' lang='lat' dir='ltr'><strong>pars</strong></span> <span class='ocrx_word' id='word_1_190' title='bbox 1157 2115 1175 2152; x_wconf 90' lang='lat' dir='ltr'><strong>a</strong></span> <span class='ocrx_word' id='word_1_191' title='bbox 1197 2104 1247 2151; x_wconf 89' lang='lat' dir='ltr'><strong>tua</strong></span> <span class='ocrx_word' id='word_1_192' title='bbox 1277 2114 1308 2151; x_wconf 91' lang='lat' dir='ltr'><strong>se</strong></span> <span class='ocrx_word' id='word_1_193' title='bbox 1339 2098 1532 2152; x_wconf 90' lang='lat' dir='ltr'><strong>communione</strong></span> <span class='ocrx_word' id='word_1_194' title='bbox 1562 2098 1761 2167; x_wconf 90' lang='lat' dir='ltr'><strong>suspenderet.</strong></span> <span class='ocrx_word' id='word_1_195' title='bbox 1809 2095 1930 2160; x_wconf 87' lang='lat' dir='ltr'><strong>Quando</strong></span> <span class='ocrx_word' id='word_1_196' title='bbox 1960 2115 2028 2170; x_wconf 87' lang='lat' dir='ltr'><strong>ergo</strong></span> <span class='ocrx_word' id='word_1_197' title='bbox 2051 2099 2087 2152; x_wconf 89' lang='lat' dir='ltr'><strong>ad</strong></span> <span class='ocrx_word' id='word_1_198' title='bbox 2110 2098 2183 2153; x_wconf 86' lang='lat' dir='ltr'><strong>orile</strong></span> 
     </span>
     <span class='ocr_line' id='line_1_16' title="bbox 534 2203 2232 2275; baseline 0.001 -18"><span class='ocrx_word' id='word_1_199' title='bbox 534 2204 701 2259; x_wconf 87' lang='lat' dir='ltr'><strong>dominicum</strong></span> <span class='ocrx_word' id='word_1_200' title='bbox 730 2211 858 2259; x_wconf 88' lang='lat' dir='ltr'><strong>errantes</strong></span> <span class='ocrx_word' id='word_1_201' title='bbox 880 2221 949 2259; x_wconf 88' lang='lat' dir='ltr'><strong>ores</strong></span> <span class='ocrx_word' id='word_1_202' title='bbox 972 2204 1107 2270; x_wconf 86' lang='lat' dir='ltr'><strong>adducas,</strong></span> <span class='ocrx_word' id='word_1_203' title='bbox 1139 2204 1188 2275; x_wconf 86' lang='lat' dir='ltr'><strong>qui</strong></span> <span class='ocrx_word' id='word_1_204' title='bbox 1218 2222 1288 2274; x_wconf 86' lang='lat' dir='ltr'><strong>quas</strong></span> <span class='ocrx_word' id='word_1_205' title='bbox 1318 2204 1407 2259; x_wconf 89' lang='lat' dir='ltr'><strong>habes</strong></span> <span class='ocrx_word' id='word_1_206' title='bbox 1430 2203 1561 2259; x_wconf 90' lang='lat' dir='ltr'><strong>detincre</strong></span> <span class='ocrx_word' id='word_1_207' title='bbox 1591 2220 1647 2258; x_wconf 92' lang='lat' dir='ltr'><strong>non</strong></span> <span class='ocrx_word' id='word_1_208' title='bbox 1669 2203 1838 2275; x_wconf 81' lang='lat' dir='ltr'><strong>praevales?</strong></span> <span class='ocrx_word' id='word_1_209' title='bbox 1882 2203 2007 2260; x_wconf 89' lang='lat' dir='ltr'><strong>Proinde</strong></span> <span class='ocrx_word' id='word_1_210' title='bbox 2029 2204 2232 2271; x_wconf 73' lang='lat' dir='ltr'><strong>hortamur,1s</strong></span> 
     </span>
     <span class='ocr_line' id='line_1_17' title="bbox 533 2310 2184 2383; baseline 0.001 -19"><span class='ocrx_word' id='word_1_211' title='bbox 533 2319 565 2364; x_wconf 90' lang='lat' dir='ltr'><strong>ut</strong></span> <span class='ocrx_word' id='word_1_212' title='bbox 588 2310 635 2365; x_wconf 81' lang='lat' dir='ltr'><strong>vel</strong></span> <span class='ocrx_word' id='word_1_213' title='bbox 658 2329 732 2366; x_wconf 91' lang='lat' dir='ltr'><strong>nunc</strong></span> <span class='ocrx_word' id='word_1_214' title='bbox 755 2312 872 2365; x_wconf 90' lang='lat' dir='ltr'><strong>studeas</strong></span> <span class='ocrx_word' id='word_1_215' title='bbox 889 2328 952 2366; x_wconf 90' lang='lat' dir='ltr'><strong>esse</strong></span> <span class='ocrx_word' id='word_1_216' title='bbox 975 2310 1111 2365; x_wconf 89' lang='lat' dir='ltr'><strong>sollicitus</strong></span> <span class='ocrx_word' id='word_1_217' title='bbox 1127 2317 1213 2382; x_wconf 89' lang='lat' dir='ltr'><strong>atque</strong></span> <span class='ocrx_word' id='word_1_218' title='bbox 1230 2311 1266 2365; x_wconf 93' lang='lat' dir='ltr'><strong>ab</strong></span> <span class='ocrx_word' id='word_1_219' title='bbox 1281 2310 1335 2364; x_wconf 91' lang='lat' dir='ltr'><strong>hac</strong></span> <span class='ocrx_word' id='word_1_220' title='bbox 1351 2317 1381 2365; x_wconf 92' lang='lat' dir='ltr'><strong>te</strong></span> <span class='ocrx_word' id='word_1_221' title='bbox 1397 2310 1627 2381; x_wconf 88' lang='lat' dir='ltr'><strong>praesumptione</strong></span> <span class='ocrx_word' id='word_1_222' title='bbox 1644 2327 1806 2381; x_wconf 85' lang='lat' dir='ltr'><strong>compescas</strong></span> <span class='ocrx_word' id='word_1_223' title='bbox 1822 2319 1853 2366; x_wconf 91' lang='lat' dir='ltr'><strong>et</strong></span> <span class='ocrx_word' id='word_1_224' title='bbox 1869 2327 1965 2366; x_wconf 87' lang='lat' dir='ltr'><strong>eorum</strong></span> <span class='ocrx_word' id='word_1_225' title='bbox 1981 2312 2097 2378; x_wconf 90' lang='lat' dir='ltr'><strong>animos,</strong></span> <span class='ocrx_word' id='word_1_226' title='bbox 2115 2328 2184 2383; x_wconf 90' lang='lat' dir='ltr'><strong>qnos</strong></span> 
     </span>
     <span class='ocr_line' id='line_1_18' title="bbox 533 2416 2184 2489; baseline 0.002 -18"><span class='ocrx_word' id='word_1_227' title='bbox 533 2436 551 2471; x_wconf 89' lang='lat' dir='ltr'><strong>a</strong></span> <span class='ocrx_word' id='word_1_228' title='bbox 573 2426 624 2471; x_wconf 90' lang='lat' dir='ltr'><strong>tua</strong></span> <span class='ocrx_word' id='word_1_229' title='bbox 646 2417 801 2472; x_wconf 89' lang='lat' dir='ltr'><strong>disiunctos</strong></span> <span class='ocrx_word' id='word_1_230' title='bbox 824 2417 935 2472; x_wconf 88' lang='lat' dir='ltr'><strong>unitate</strong></span> <span class='ocrx_word' id='word_1_231' title='bbox 960 2418 1115 2488; x_wconf 89' lang='lat' dir='ltr'><strong>cognoscis,</strong></span> <span class='ocrx_word' id='word_1_232' title='bbox 1137 2425 1261 2488; x_wconf 90' lang='lat' dir='ltr'><strong>paterna</strong></span> <span class='ocrx_word' id='word_1_233' title='bbox 1283 2418 1319 2472; x_wconf 89' lang='lat' dir='ltr'><strong>ad</strong></span> <span class='ocrx_word' id='word_1_234' title='bbox 1342 2422 1373 2472; x_wconf 89' lang='lat' dir='ltr'><strong>te</strong></span> <span class='ocrx_word' id='word_1_235' title='bbox 1398 2416 1560 2483; x_wconf 88' lang='lat' dir='ltr'><strong>dulcedine,</strong></span> <span class='ocrx_word' id='word_1_236' title='bbox 1584 2417 1658 2472; x_wconf 90' lang='lat' dir='ltr'><strong>omni</strong></span> <span class='ocrx_word' id='word_1_237' title='bbox 1676 2418 1777 2472; x_wconf 91' lang='lat' dir='ltr'><strong>adnisu</strong></span> <span class='ocrx_word' id='word_1_238' title='bbox 1792 2418 1923 2489; x_wconf 91' lang='lat' dir='ltr'><strong>omnique</strong></span> <span class='ocrx_word' id='word_1_239' title='bbox 1940 2418 2034 2474; x_wconf 90' lang='lat' dir='ltr'><strong>studio</strong></span> <span class='ocrx_word' id='word_1_240' title='bbox 2050 2436 2184 2474; x_wconf 81' lang='lat' dir='ltr'><strong>revocare</strong></span> 
     </span>
     <span class='ocr_line' id='line_1_19' title="bbox 533 2521 2183 2596; baseline 0.001 -18"><span class='ocrx_word' id='word_1_241' title='bbox 533 2523 663 2578; x_wconf 88' lang='lat' dir='ltr'><strong>festines.</strong></span> <span class='ocrx_word' id='word_1_242' title='bbox 711 2521 891 2578; x_wconf 82' lang='lat' dir='ltr'><strong>Conroeandi</strong></span> <span class='ocrx_word' id='word_1_243' title='bbox 922 2525 996 2579; x_wconf 91' lang='lat' dir='ltr'><strong>enim</strong></span> <span class='ocrx_word' id='word_1_244' title='bbox 1027 2531 1093 2578; x_wconf 90' lang='lat' dir='ltr'><strong>sunt</strong></span> <span class='ocrx_word' id='word_1_245' title='bbox 1123 2524 1229 2579; x_wconf 88' lang='lat' dir='ltr'><strong>diversi</strong></span> <span class='ocrx_word' id='word_1_246' title='bbox 1259 2523 1397 2580; x_wconf 89' lang='lat' dir='ltr'><strong>ecclesiae</strong></span> <span class='ocrx_word' id='word_1_247' title='bbox 1428 2522 1489 2590; x_wconf 90' lang='lat' dir='ltr'><strong>filii,</strong></span> <span class='ocrx_word' id='word_1_248' title='bbox 1515 2524 1613 2595; x_wconf 91' lang='lat' dir='ltr'><strong>eisque</strong></span> <span class='ocrx_word' id='word_1_249' title='bbox 1640 2525 1797 2596; x_wconf 89' lang='lat' dir='ltr'><strong>scripturae</strong></span> <span class='ocrx_word' id='word_1_250' title='bbox 1829 2532 1873 2579; x_wconf 89' lang='lat' dir='ltr'><strong>est</strong></span> <span class='ocrx_word' id='word_1_251' title='bbox 1896 2525 2064 2581; x_wconf 88' lang='lat' dir='ltr'><strong>testimoniis</strong></span> <span class='ocrx_word' id='word_1_252' title='bbox 2087 2532 2183 2580; x_wconf 90' lang='lat' dir='ltr'><strong>osten·</strong></span> 
     </span>
     <span class='ocr_line' id='line_1_20' title="bbox 367 2629 2185 2702; baseline 0.001 -16"><span class='ocrx_word' id='word_1_253' title='bbox 367 2643 513 2696; x_wconf 68' lang='lat' dir='ltr'><strong>ursmaro.</strong></span> <span class='ocrx_word' id='word_1_254' title='bbox 533 2633 667 2698; x_wconf 90' lang='lat' dir='ltr'><strong>dendum‚</strong></span> <span class='ocrx_word' id='word_1_255' title='bbox 697 2632 765 2702; x_wconf 90' lang='lat' dir='ltr'><strong>quia</strong></span> <span class='ocrx_word' id='word_1_256' title='bbox 794 2648 877 2685; x_wconf 89' lang='lat' dir='ltr'><strong>omne</strong></span> <span class='ocrx_word' id='word_1_257' title='bbox 908 2639 991 2686; x_wconf 84' lang='lat' dir='ltr'><strong>manu</strong></span> <span class='ocrx_word' id='word_1_258' title='bbox 1021 2630 1127 2686; x_wconf 84' lang='lat' dir='ltr'><strong>facturn</strong></span> <span class='ocrx_word' id='word_1_259' title='bbox 1157 2631 1280 2686; x_wconf 89' lang='lat' dir='ltr'><strong>adorari</strong></span> <span class='ocrx_word' id='word_1_260' title='bbox 1310 2648 1366 2685; x_wconf 92' lang='lat' dir='ltr'><strong>non</strong></span> <span class='ocrx_word' id='word_1_261' title='bbox 1390 2630 1484 2698; x_wconf 92' lang='lat' dir='ltr'><strong>liceat,</strong></span> <span class='ocrx_word' id='word_1_262' title='bbox 1515 2630 1646 2701; x_wconf 88' lang='lat' dir='ltr'><strong>quoniam</strong></span> <span class='ocrx_word' id='word_1_263' title='bbox 1669 2631 1805 2702; x_wconf 89' lang='lat' dir='ltr'><strong>scriptum</strong></span> <span class='ocrx_word' id='word_1_264' title='bbox 1828 2637 1888 2686; x_wconf 89' lang='lat' dir='ltr'><strong>cst:</strong></span> <span class='ocrx_word' id='word_1_265' title='bbox 1917 2629 2070 2688; x_wconf 80' lang='lat' dir='ltr'><strong>Dominum</strong></span> <span class='ocrx_word' id='word_1_266' title='bbox 2093 2630 2185 2688; x_wconf 87' lang='lat' dir='ltr'><strong>Deum</strong></span> 
     </span>
     <span class='ocr_line' id='line_1_21' title="bbox 532 2736 2232 2811; baseline -0.002 -17"><span class='ocrx_word' id='word_1_267' title='bbox 532 2746 607 2794; x_wconf 73' lang='lat' dir='ltr'><strong>usum</strong></span> <span class='ocrx_word' id='word_1_268' title='bbox 630 2736 766 2794; x_wconf 80' lang='lat' dir='ltr'><strong>adorabis</strong></span> <span class='ocrx_word' id='word_1_269' title='bbox 788 2745 814 2792; x_wconf 86' lang='lat' dir='ltr'><strong>et</strong></span> <span class='ocrx_word' id='word_1_270' title='bbox 836 2737 878 2793; x_wconf 81' lang='lat' dir='ltr'><strong>illi</strong></span> <span class='ocrx_word' id='word_1_271' title='bbox 898 2737 951 2794; x_wconf 82' lang='lat' dir='ltr'><strong>soli</strong></span> <span class='ocrx_word' id='word_1_272' title='bbox 971 2738 1084 2806; x_wconf 59' lang='lat' dir='ltr'><strong>savies,</strong></span> <span class='ocrx_word' id='word_1_273' title='bbox 1108 2757 1141 2793; x_wconf 94' lang='lat' dir='ltr'><strong>ac</strong></span> <span class='ocrx_word' id='word_1_274' title='bbox 1165 2738 1270 2793; x_wconf 92' lang='lat' dir='ltr'><strong>deinde</strong></span> <span class='ocrx_word' id='word_1_275' title='bbox 1294 2738 1531 2810; x_wconf 88' lang='lat' dir='ltr'><strong>subiungendum,</strong></span> <span class='ocrx_word' id='word_1_276' title='bbox 1555 2738 1632 2809; x_wconf 92' lang='lat' dir='ltr'><strong>quia,</strong></span> <span class='ocrx_word' id='word_1_277' title='bbox 1649 2738 1780 2809; x_wconf 90' lang='lat' dir='ltr'><strong>quoniam</strong></span> <span class='ocrx_word' id='word_1_278' title='bbox 1802 2739 1928 2809; x_wconf 86' lang='lat' dir='ltr'><strong>picturas</strong></span> <span class='ocrx_word' id='word_1_279' title='bbox 1950 2739 2112 2811; x_wconf 83' lang='lat' dir='ltr'><strong>imaginum,</strong></span> <span class='ocrx_word' id='word_1_280' title='bbox 2128 2756 2184 2810; x_wconf 91' lang='lat' dir='ltr'><strong>que</strong></span> <span class='ocrx_word' id='word_1_281' title='bbox 2202 2751 2232 2790; x_wconf 82' lang='lat' dir='ltr'><strong>ao</strong></span> 
     </span>
     <span class='ocr_line' id='line_1_22' title="bbox 532 2843 2185 2918; baseline -0.001 -18"><span class='ocrx_word' id='word_1_282' title='bbox 532 2846 568 2900; x_wconf 91' lang='lat' dir='ltr'><strong>ad</strong></span> <span class='ocrx_word' id='word_1_283' title='bbox 592 2843 818 2901; x_wconf 86' lang='lat' dir='ltr'><strong>aedificationem</strong></span> <span class='ocrx_word' id='word_1_284' title='bbox 841 2845 959 2917; x_wconf 89' lang='lat' dir='ltr'><strong>inperiti</strong></span> <span class='ocrx_word' id='word_1_285' title='bbox 980 2845 1079 2918; x_wconf 90' lang='lat' dir='ltr'><strong>populi</strong></span> <span class='ocrx_word' id='word_1_286' title='bbox 1102 2845 1196 2901; x_wconf 85' lang='lat' dir='ltr'><strong>factae</strong></span> <span class='ocrx_word' id='word_1_287' title='bbox 1219 2844 1344 2912; x_wconf 86' lang='lat' dir='ltr'><strong>fuerant,</strong></span> <span class='ocrx_word' id='word_1_288' title='bbox 1369 2853 1401 2899; x_wconf 95' lang='lat' dir='ltr'><strong>ut</strong></span> <span class='ocrx_word' id='word_1_289' title='bbox 1424 2845 1586 2899; x_wconf 88' lang='lat' dir='ltr'><strong>nescientes</strong></span> <span class='ocrx_word' id='word_1_290' title='bbox 1608 2844 1720 2899; x_wconf 88' lang='lat' dir='ltr'><strong>litteras</strong></span> <span class='ocrx_word' id='word_1_291' title='bbox 1735 2845 1825 2917; x_wconf 90' lang='lat' dir='ltr'><strong>ipsam</strong></span> <span class='ocrx_word' id='word_1_292' title='bbox 1839 2845 1985 2901; x_wconf 82' lang='lat' dir='ltr'><strong>historiam</strong></span> <span class='ocrx_word' id='word_1_293' title='bbox 1998 2846 2185 2901; x_wconf 89' lang='lat' dir='ltr'><strong>intendentes</strong></span> 
     </span>
     <span class='ocr_line' id='line_1_23' title="bbox 532 2951 2184 3023; baseline 0.001 -17"><span class='ocrx_word' id='word_1_294' title='bbox 532 2954 608 3023; x_wconf 88' lang='lat' dir='ltr'><strong>quod</strong></span> <span class='ocrx_word' id='word_1_295' title='bbox 631 2952 736 3007; x_wconf 90' lang='lat' dir='ltr'><strong>dictum</strong></span> <span class='ocrx_word' id='word_1_296' title='bbox 759 2953 796 3007; x_wconf 86' lang='lat' dir='ltr'><strong>sit</strong></span> <span class='ocrx_word' id='word_1_297' title='bbox 820 2953 976 3021; x_wconf 88' lang='lat' dir='ltr'><strong>discerent,</strong></span> <span class='ocrx_word' id='word_1_298' title='bbox 1000 2953 1135 3008; x_wconf 90' lang='lat' dir='ltr'><strong>transisse</strong></span> <span class='ocrx_word' id='word_1_299' title='bbox 1158 2954 1187 3007; x_wconf 94' lang='lat' dir='ltr'><strong>in</strong></span> <span class='ocrx_word' id='word_1_300' title='bbox 1212 2952 1404 3007; x_wconf 80' lang='lat' dir='ltr'><strong>ademtionem</strong></span> <span class='ocrx_word' id='word_1_301' title='bbox 1435 2951 1558 3018; x_wconf 83' lang='lat' dir='ltr'><strong>videras,</strong></span> <span class='ocrx_word' id='word_1_302' title='bbox 1588 2951 1692 3008; x_wconf 89' lang='lat' dir='ltr'><strong>idcirco</strong></span> <span class='ocrx_word' id='word_1_303' title='bbox 1722 2958 1875 3007; x_wconf 90' lang='lat' dir='ltr'><strong>commotus</strong></span> <span class='ocrx_word' id='word_1_304' title='bbox 1905 2970 1947 3020; x_wconf 91' lang='lat' dir='ltr'><strong>es,</strong></span> <span class='ocrx_word' id='word_1_305' title='bbox 1978 2960 2010 3007; x_wconf 91' lang='lat' dir='ltr'><strong>ut</strong></span> <span class='ocrx_word' id='word_1_306' title='bbox 2040 2970 2089 3008; x_wconf 86' lang='lat' dir='ltr'><strong>aas</strong></span> <span class='ocrx_word' id='word_1_307' title='bbox 2115 2954 2184 3007; x_wconf 89' lang='lat' dir='ltr'><strong>ima·</strong></span> 
     </span>
     <span class='ocr_line' id='line_1_24' title="bbox 531 3058 2184 3132; baseline 0.002 -20"><span class='ocrx_word' id='word_1_308' title='bbox 531 3059 613 3130; x_wconf 89' lang='lat' dir='ltr'><strong>gines</strong></span> <span class='ocrx_word' id='word_1_309' title='bbox 642 3058 734 3130; x_wconf 87' lang='lat' dir='ltr'><strong>frangi</strong></span> <span class='ocrx_word' id='word_1_310' title='bbox 764 3059 946 3131; x_wconf 90' lang='lat' dir='ltr'><strong>praeciperes</strong></span> <span class='ocrx_word' id='word_1_311' title='bbox 980 3067 1068 3130; x_wconf 80' lang='lat' dir='ltr'><strong>atque</strong></span> <span class='ocrx_word' id='word_1_312' title='bbox 1100 3060 1140 3115; x_wconf 88' lang='lat' dir='ltr'><strong>eis</strong></span> <span class='ocrx_word' id='word_1_313' title='bbox 1171 3058 1338 3115; x_wconf 88' lang='lat' dir='ltr'><strong>dicendum:</strong></span> <span class='ocrx_word' id='word_1_314' title='bbox 1374 3059 1397 3113; x_wconf 93' lang='lat' dir='ltr'><strong>si</strong></span> <span class='ocrx_word' id='word_1_315' title='bbox 1428 3060 1464 3114; x_wconf 90' lang='lat' dir='ltr'><strong>ad</strong></span> <span class='ocrx_word' id='word_1_316' title='bbox 1493 3058 1566 3113; x_wconf 88' lang='lat' dir='ltr'><strong>hanc</strong></span> <span class='ocrx_word' id='word_1_317' title='bbox 1595 3058 1828 3126; x_wconf 85' lang='lat' dir='ltr'><strong>instructionem,</strong></span> <span class='ocrx_word' id='word_1_318' title='bbox 1862 3060 1899 3115; x_wconf 88' lang='lat' dir='ltr'><strong>ad</strong></span> <span class='ocrx_word' id='word_1_319' title='bbox 1930 3078 2014 3132; x_wconf 87' lang='lat' dir='ltr'><strong>quam</strong></span> <span class='ocrx_word' id='word_1_320' title='bbox 2048 3060 2184 3132; x_wconf 86' lang='lat' dir='ltr'><strong>imagines</strong></span> 
     </span>
     <span class='ocr_line' id='line_1_25' title="bbox 532 3165 2183 3241; baseline 0 -20"><span class='ocrx_word' id='word_1_321' title='bbox 532 3167 689 3237; x_wconf 89' lang='lat' dir='ltr'><strong>antiquitus</strong></span> <span class='ocrx_word' id='word_1_322' title='bbox 718 3165 812 3222; x_wconf 86' lang='lat' dir='ltr'><strong>factae</strong></span> <span class='ocrx_word' id='word_1_323' title='bbox 844 3175 920 3234; x_wconf 89' lang='lat' dir='ltr'><strong>sunt,</strong></span> <span class='ocrx_word' id='word_1_324' title='bbox 950 3167 1057 3222; x_wconf 89' lang='lat' dir='ltr'><strong>habere</strong></span> <span class='ocrx_word' id='word_1_325' title='bbox 1087 3167 1173 3221; x_wconf 83' lang='lat' dir='ltr'><strong>vultis</strong></span> <span class='ocrx_word' id='word_1_326' title='bbox 1203 3167 1232 3220; x_wconf 93' lang='lat' dir='ltr'><strong>in</strong></span> <span class='ocrx_word' id='word_1_327' title='bbox 1257 3166 1408 3241; x_wconf 62' lang='lat' dir='ltr'><strong>ecclesia,</strong></span> <span class='ocrx_word' id='word_1_328' title='bbox 1434 3183 1482 3220; x_wconf 89' lang='lat' dir='ltr'><strong>cas</strong></span> <span class='ocrx_word' id='word_1_329' title='bbox 1505 3166 1594 3220; x_wconf 91' lang='lat' dir='ltr'><strong>modis</strong></span> <span class='ocrx_word' id='word_1_330' title='bbox 1617 3166 1745 3221; x_wconf 90' lang='lat' dir='ltr'><strong>omnibus</strong></span> <span class='ocrx_word' id='word_1_331' title='bbox 1769 3172 1800 3221; x_wconf 92' lang='lat' dir='ltr'><strong>et</strong></span> <span class='ocrx_word' id='word_1_332' title='bbox 1827 3166 1918 3222; x_wconf 91' lang='lat' dir='ltr'><strong>fieri</strong></span> <span class='ocrx_word' id='word_1_333' title='bbox 1943 3174 1973 3222; x_wconf 90' lang='lat' dir='ltr'><strong>st</strong></span> <span class='ocrx_word' id='word_1_334' title='bbox 1995 3167 2095 3222; x_wconf 89' lang='lat' dir='ltr'><strong>haberi</strong></span> <span class='ocrx_word' id='word_1_335' title='bbox 2117 3183 2183 3238; x_wconf 92' lang='lat' dir='ltr'><strong>per-</strong></span> 
     </span>
     <span class='ocr_line' id='line_1_26' title="bbox 531 3272 2231 3345; baseline -0.003 -17"><span class='ocrx_word' id='word_1_336' title='bbox 531 3274 638 3328; x_wconf 89' lang='lat' dir='ltr'><strong>mittas.</strong></span> <span class='ocrx_word' id='word_1_337' title='bbox 677 3272 795 3343; x_wconf 79' lang='lat' dir='ltr'><strong>Atque</strong></span> <span class='ocrx_word' id='word_1_338' title='bbox 819 3274 921 3341; x_wconf 90' lang='lat' dir='ltr'><strong>indica,</strong></span> <span class='ocrx_word' id='word_1_339' title='bbox 948 3275 1023 3344; x_wconf 90' lang='lat' dir='ltr'><strong>quod</strong></span> <span class='ocrx_word' id='word_1_340' title='bbox 1047 3291 1103 3329; x_wconf 90' lang='lat' dir='ltr'><strong>non</strong></span> <span class='ocrx_word' id='word_1_341' title='bbox 1125 3274 1178 3328; x_wconf 90' lang='lat' dir='ltr'><strong>tibi</strong></span> <span class='ocrx_word' id='word_1_342' title='bbox 1201 3273 1264 3344; x_wconf 91' lang='lat' dir='ltr'><strong>ipsa</strong></span> <span class='ocrx_word' id='word_1_343' title='bbox 1286 3273 1356 3329; x_wconf 81' lang='lat' dir='ltr'><strong>visio</strong></span> <span class='ocrx_word' id='word_1_344' title='bbox 1378 3273 1522 3340; x_wconf 88' lang='lat' dir='ltr'><strong>historiae,</strong></span> <span class='ocrx_word' id='word_1_345' title='bbox 1547 3290 1621 3344; x_wconf 88' lang='lat' dir='ltr'><strong>quae</strong></span> <span class='ocrx_word' id='word_1_346' title='bbox 1644 3273 1756 3344; x_wconf 88' lang='lat' dir='ltr'><strong>pictura</strong></span> <span class='ocrx_word' id='word_1_347' title='bbox 1779 3279 1856 3328; x_wconf 89' lang='lat' dir='ltr'><strong>teste</strong></span> <span class='ocrx_word' id='word_1_348' title='bbox 1878 3274 2069 3345; x_wconf 86' lang='lat' dir='ltr'><strong>pandebatur,</strong></span> <span class='ocrx_word' id='word_1_349' title='bbox 2086 3273 2183 3345; x_wconf 87' lang='lat' dir='ltr'><strong>displi-</strong></span> <span class='ocrx_word' id='word_1_350' title='bbox 2202 3281 2231 3322; x_wconf 73' lang='lat' dir='ltr'><strong>aa</strong></span> 
     </span>
     <span class='ocr_line' id='line_1_27' title="bbox 532 3379 2184 3452; baseline 0 -17"><span class='ocrx_word' id='word_1_351' title='bbox 532 3381 633 3446; x_wconf 86' lang='lat' dir='ltr'><strong>cuerit,</strong></span> <span class='ocrx_word' id='word_1_352' title='bbox 657 3379 709 3434; x_wconf 92' lang='lat' dir='ltr'><strong>sed</strong></span> <span class='ocrx_word' id='word_1_353' title='bbox 733 3379 782 3433; x_wconf 89' lang='lat' dir='ltr'><strong>illa</strong></span> <span class='ocrx_word' id='word_1_354' title='bbox 804 3380 943 3446; x_wconf 88' lang='lat' dir='ltr'><strong>adoratio,</strong></span> <span class='ocrx_word' id='word_1_355' title='bbox 968 3398 1040 3452; x_wconf 90' lang='lat' dir='ltr'><strong>quae</strong></span> <span class='ocrx_word' id='word_1_356' title='bbox 1064 3381 1182 3451; x_wconf 90' lang='lat' dir='ltr'><strong>picturis</strong></span> <span class='ocrx_word' id='word_1_357' title='bbox 1204 3380 1301 3435; x_wconf 89' lang='lat' dir='ltr'><strong>fuerat</strong></span> <span class='ocrx_word' id='word_1_358' title='bbox 1322 3380 1552 3451; x_wconf 87' lang='lat' dir='ltr'><strong>incompetenter</strong></span> <span class='ocrx_word' id='word_1_359' title='bbox 1574 3380 1711 3447; x_wconf 85' lang='lat' dir='ltr'><strong>exhibita,</strong></span> <span class='ocrx_word' id='word_1_360' title='bbox 1741 3387 1829 3452; x_wconf 88' lang='lat' dir='ltr'><strong>atqua</strong></span> <span class='ocrx_word' id='word_1_361' title='bbox 1852 3381 1881 3435; x_wconf 89' lang='lat' dir='ltr'><strong>in</strong></span> <span class='ocrx_word' id='word_1_362' title='bbox 1904 3381 1947 3435; x_wconf 88' lang='lat' dir='ltr'><strong>his</strong></span> <span class='ocrx_word' id='word_1_363' title='bbox 1970 3381 2065 3437; x_wconf 80' lang='lat' dir='ltr'><strong>serbis</strong></span> <span class='ocrx_word' id='word_1_364' title='bbox 2089 3397 2184 3435; x_wconf 88' lang='lat' dir='ltr'><strong>eorum</strong></span> 
     </span>
     <span class='ocr_line' id='line_1_28' title="bbox 532 3485 2183 3559; baseline 0.001 -18"><span class='ocrx_word' id='word_1_365' title='bbox 532 3495 643 3542; x_wconf 89' lang='lat' dir='ltr'><strong>mentes</strong></span> <span class='ocrx_word' id='word_1_366' title='bbox 667 3485 832 3543; x_wconf 88' lang='lat' dir='ltr'><strong>demulcens</strong></span> <span class='ocrx_word' id='word_1_367' title='bbox 856 3504 904 3542; x_wconf 91' lang='lat' dir='ltr'><strong>eos</strong></span> <span class='ocrx_word' id='word_1_368' title='bbox 927 3487 964 3541; x_wconf 89' lang='lat' dir='ltr'><strong>ad</strong></span> <span class='ocrx_word' id='word_1_369' title='bbox 988 3487 1164 3542; x_wconf 91' lang='lat' dir='ltr'><strong>concordiam</strong></span> <span class='ocrx_word' id='word_1_370' title='bbox 1187 3495 1266 3542; x_wconf 89' lang='lat' dir='ltr'><strong>tuam</strong></span> <span class='ocrx_word' id='word_1_371' title='bbox 1288 3504 1400 3542; x_wconf 80' lang='lat' dir='ltr'><strong>revoca.</strong></span> <span class='ocrx_word' id='word_1_372' title='bbox 1441 3487 1480 3541; x_wconf 87' lang='lat' dir='ltr'><strong>Et</strong></span> <span class='ocrx_word' id='word_1_373' title='bbox 1504 3487 1526 3541; x_wconf 91' lang='lat' dir='ltr'><strong>si</strong></span> <span class='ocrx_word' id='word_1_374' title='bbox 1551 3488 1613 3558; x_wconf 90' lang='lat' dir='ltr'><strong>quis</strong></span> <span class='ocrx_word' id='word_1_375' title='bbox 1635 3488 1772 3559; x_wconf 87' lang='lat' dir='ltr'><strong>imagines</strong></span> <span class='ocrx_word' id='word_1_376' title='bbox 1796 3487 1894 3543; x_wconf 88' lang='lat' dir='ltr'><strong>facere</strong></span> <span class='ocrx_word' id='word_1_377' title='bbox 1916 3487 2048 3555; x_wconf 82' lang='lat' dir='ltr'><strong>voluerit,</strong></span> <span class='ocrx_word' id='word_1_378' title='bbox 2071 3488 2183 3543; x_wconf 90' lang='lat' dir='ltr'><strong>minime</strong></span> 
     </span>
     <span class='ocr_line' id='line_1_29' title="bbox 532 3592 2183 3666; baseline 0 -18"><span class='ocrx_word' id='word_1_379' title='bbox 532 3594 662 3666; x_wconf 89' lang='lat' dir='ltr'><strong>prohibe,</strong></span> <span class='ocrx_word' id='word_1_380' title='bbox 693 3592 812 3648; x_wconf 90' lang='lat' dir='ltr'><strong>adorare</strong></span> <span class='ocrx_word' id='word_1_381' title='bbox 835 3611 903 3650; x_wconf 87' lang='lat' dir='ltr'><strong>vero</strong></span> <span class='ocrx_word' id='word_1_382' title='bbox 926 3594 1062 3666; x_wconf 89' lang='lat' dir='ltr'><strong>imagines</strong></span> <span class='ocrx_word' id='word_1_383' title='bbox 1085 3594 1158 3649; x_wconf 91' lang='lat' dir='ltr'><strong>omni</strong></span> <span class='ocrx_word' id='word_1_384' title='bbox 1181 3594 1279 3648; x_wconf 90' lang='lat' dir='ltr'><strong>modo</strong></span> <span class='ocrx_word' id='word_1_385' title='bbox 1302 3594 1409 3649; x_wconf 87' lang='lat' dir='ltr'><strong>devita.</strong></span> <span class='ocrx_word' id='word_1_386' title='bbox 1450 3592 1508 3650; x_wconf 90' lang='lat' dir='ltr'><strong>Sed</strong></span> <span class='ocrx_word' id='word_1_387' title='bbox 1531 3595 1584 3649; x_wconf 91' lang='lat' dir='ltr'><strong>hoc</strong></span> <span class='ocrx_word' id='word_1_388' title='bbox 1608 3594 1729 3649; x_wconf 88' lang='lat' dir='ltr'><strong>sollicite</strong></span> <span class='ocrx_word' id='word_1_389' title='bbox 1753 3595 1918 3651; x_wconf 82' lang='lat' dir='ltr'><strong>fraternitas</strong></span> <span class='ocrx_word' id='word_1_390' title='bbox 1941 3603 1992 3650; x_wconf 93' lang='lat' dir='ltr'><strong>tua</strong></span> <span class='ocrx_word' id='word_1_391' title='bbox 2014 3603 2183 3662; x_wconf 88' lang='lat' dir='ltr'><strong>ammoneat,</strong></span> 
     </span>
     <span class='ocr_line' id='line_1_30' title="bbox 533 3701 2184 3773; baseline -0.001 -17"><span class='ocrx_word' id='word_1_392' title='bbox 533 3710 564 3756; x_wconf 91' lang='lat' dir='ltr'><strong>ut</strong></span> <span class='ocrx_word' id='word_1_393' title='bbox 589 3719 624 3756; x_wconf 82' lang='lat' dir='ltr'><strong>er</strong></span> <span class='ocrx_word' id='word_1_394' title='bbox 647 3701 754 3757; x_wconf 86' lang='lat' dir='ltr'><strong>visione</strong></span> <span class='ocrx_word' id='word_1_395' title='bbox 778 3701 820 3755; x_wconf 90' lang='lat' dir='ltr'><strong>rei</strong></span> <span class='ocrx_word' id='word_1_396' title='bbox 843 3708 925 3773; x_wconf 86' lang='lat' dir='ltr'><strong>geste</strong></span> <span class='ocrx_word' id='word_1_397' title='bbox 950 3701 1078 3756; x_wconf 87' lang='lat' dir='ltr'><strong>ardorem</strong></span> <span class='ocrx_word' id='word_1_398' title='bbox 1102 3701 1325 3773; x_wconf 88' lang='lat' dir='ltr'><strong>compunctionis</strong></span> <span class='ocrx_word' id='word_1_399' title='bbox 1347 3701 1508 3772; x_wconf 85' lang='lat' dir='ltr'><strong>percipiant</strong></span> <span class='ocrx_word' id='word_1_400' title='bbox 1538 3709 1568 3756; x_wconf 90' lang='lat' dir='ltr'><strong>et</strong></span> <span class='ocrx_word' id='word_1_401' title='bbox 1597 3701 1627 3755; x_wconf 91' lang='lat' dir='ltr'><strong>in</strong></span> <span class='ocrx_word' id='word_1_402' title='bbox 1650 3702 1844 3757; x_wconf 89' lang='lat' dir='ltr'><strong>adorationem</strong></span> <span class='ocrx_word' id='word_1_403' title='bbox 1873 3702 1960 3756; x_wconf 90' lang='lat' dir='ltr'><strong>solius</strong></span> <span class='ocrx_word' id='word_1_404' title='bbox 1983 3701 2184 3773; x_wconf 87' lang='lat' dir='ltr'><strong>omnipotentis</strong></span> 
     </span>
     <span class='ocr_line' id='line_1_31' title="bbox 533 3808 2230 3879; baseline 0.001 -18"><span class='ocrx_word' id='word_1_405' title='bbox 533 3817 649 3864; x_wconf 88' lang='lat' dir='ltr'><strong>sanctae</strong></span> <span class='ocrx_word' id='word_1_406' title='bbox 673 3809 808 3865; x_wconf 90' lang='lat' dir='ltr'><strong>trinitatis</strong></span> <span class='ocrx_word' id='word_1_407' title='bbox 831 3808 975 3863; x_wconf 89' lang='lat' dir='ltr'><strong>humiliter</strong></span> <span class='ocrx_word' id='word_1_408' title='bbox 996 3815 1222 3879; x_wconf 87' lang='lat' dir='ltr'><strong>prosternantur.</strong></span> <span class='ocrx_word' id='word_1_409' title='bbox 2202 3822 2230 3862; x_wconf 84' lang='lat' dir='ltr'><strong>ao</strong></span> 
     </span>
     <span class='ocr_line' id='line_1_32' title="bbox 640 3912 2184 3987; baseline -0.001 -16"><span class='ocrx_word' id='word_1_410' title='bbox 640 3912 772 3973; x_wconf 86' lang='lat' dir='ltr'><strong>Cuncta¹</strong></span> <span class='ocrx_word' id='word_1_411' title='bbox 794 3932 863 3971; x_wconf 83' lang='lat' dir='ltr'><strong>vero</strong></span> <span class='ocrx_word' id='word_1_412' title='bbox 886 3915 957 3970; x_wconf 89' lang='lat' dir='ltr'><strong>haec</strong></span> <span class='ocrx_word' id='word_1_413' title='bbox 981 3932 1015 3971; x_wconf 86' lang='lat' dir='ltr'><strong>er</strong></span> <span class='ocrx_word' id='word_1_414' title='bbox 1039 3932 1132 3971; x_wconf 90' lang='lat' dir='ltr'><strong>amore</strong></span> <span class='ocrx_word' id='word_1_415' title='bbox 1156 3921 1273 3969; x_wconf 88' lang='lat' dir='ltr'><strong>sanctae</strong></span> <span class='ocrx_word' id='word_1_416' title='bbox 1298 3914 1437 3970; x_wconf 88' lang='lat' dir='ltr'><strong>ecclesiae</strong></span> <span class='ocrx_word' id='word_1_417' title='bbox 1461 3921 1492 3970; x_wconf 91' lang='lat' dir='ltr'><strong>et</strong></span> <span class='ocrx_word' id='word_1_418' title='bbox 1515 3921 1582 3969; x_wconf 92' lang='lat' dir='ltr'><strong>tuae</strong></span> <span class='ocrx_word' id='word_1_419' title='bbox 1605 3914 1793 3971; x_wconf 88' lang='lat' dir='ltr'><strong>fraternitatis</strong></span> <span class='ocrx_word' id='word_1_420' title='bbox 1815 3915 1965 3986; x_wconf 90' lang='lat' dir='ltr'><strong>loquimur,</strong></span> <span class='ocrx_word' id='word_1_421' title='bbox 1989 3933 2044 3971; x_wconf 91' lang='lat' dir='ltr'><strong>non</strong></span> <span class='ocrx_word' id='word_1_422' title='bbox 2065 3932 2133 3987; x_wconf 90' lang='lat' dir='ltr'><strong>ergo</strong></span> <span class='ocrx_word' id='word_1_423' title='bbox 2149 3932 2184 3969; x_wconf 83' lang='lat' dir='ltr'><strong>ex</strong></span> 
     </span>
     <span class='ocr_line' id='line_1_33' title="bbox 532 4021 2182 4095; baseline -0.002 -16"><span class='ocrx_word' id='word_1_424' title='bbox 532 4041 598 4079; x_wconf 90' lang='lat' dir='ltr'><strong>mea</strong></span> <span class='ocrx_word' id='word_1_425' title='bbox 620 4024 799 4095; x_wconf 84' lang='lat' dir='ltr'><strong>correptione</strong></span> <span class='ocrx_word' id='word_1_426' title='bbox 823 4022 972 4094; x_wconf 89' lang='lat' dir='ltr'><strong>frangatur</strong></span> <span class='ocrx_word' id='word_1_427' title='bbox 994 4039 1012 4076; x_wconf 92' lang='lat' dir='ltr'><strong>a</strong></span> <span class='ocrx_word' id='word_1_428' title='bbox 1033 4026 1096 4078; x_wconf 84' lang='lat' dir='ltr'><strong>zelo</strong></span> <span class='ocrx_word' id='word_1_429' title='bbox 1118 4021 1309 4088; x_wconf 85' lang='lat' dir='ltr'><strong>rectitudinis,</strong></span> <span class='ocrx_word' id='word_1_430' title='bbox 1336 4023 1387 4077; x_wconf 91' lang='lat' dir='ltr'><strong>sed</strong></span> <span class='ocrx_word' id='word_1_431' title='bbox 1416 4022 1503 4094; x_wconf 83' lang='lat' dir='ltr'><strong>magis</strong></span> <span class='ocrx_word' id='word_1_432' title='bbox 1533 4022 1686 4078; x_wconf 90' lang='lat' dir='ltr'><strong>adiuvetur</strong></span> <span class='ocrx_word' id='word_1_433' title='bbox 1713 4022 1743 4076; x_wconf 92' lang='lat' dir='ltr'><strong>in</strong></span> <span class='ocrx_word' id='word_1_434' title='bbox 1765 4022 1860 4078; x_wconf 92' lang='lat' dir='ltr'><strong>studio</strong></span> <span class='ocrx_word' id='word_1_435' title='bbox 1883 4022 1931 4094; x_wconf 92' lang='lat' dir='ltr'><strong>pie</strong></span> <span class='ocrx_word' id='word_1_436' title='bbox 1955 4022 2182 4094; x_wconf 89' lang='lat' dir='ltr'><strong>dispensationis.</strong></span> 
     </span>
     <span class='ocr_line' id='line_1_34' title="bbox 640 4117 2183 4200; baseline -0.002 -15"><span class='ocrx_word' id='word_1_437' title='bbox 640 4121 723 4186; x_wconf 86' lang='lat' dir='ltr'><strong>Item</strong></span> <span class='ocrx_word' id='word_1_438' title='bbox 747 4119 810 4184; x_wconf 81' lang='lat' dir='ltr'><strong>ibi:</strong></span> <span class='ocrx_word' id='word_1_439' title='bbox 835 4124 938 4184; x_wconf 85' lang='lat' dir='ltr'><strong>Haec²</strong></span> <span class='ocrx_word' id='word_1_440' title='bbox 961 4135 1059 4184; x_wconf 89' lang='lat' dir='ltr'><strong>contra</strong></span> <span class='ocrx_word' id='word_1_441' title='bbox 1076 4147 1134 4195; x_wconf 88' lang='lat' dir='ltr'><strong>eos,</strong></span> <span class='ocrx_word' id='word_1_442' title='bbox 1159 4129 1206 4200; x_wconf 89' lang='lat' dir='ltr'><strong>qui</strong></span> <span class='ocrx_word' id='word_1_443' title='bbox 1221 4129 1357 4199; x_wconf 90' lang='lat' dir='ltr'><strong>imagines</strong></span> <span class='ocrx_word' id='word_1_444' title='bbox 1380 4136 1539 4183; x_wconf 88' lang='lat' dir='ltr'><strong>sanctorum</strong></span> <span class='ocrx_word' id='word_1_445' title='bbox 1562 4120 1692 4184; x_wconf 84' lang='lat' dir='ltr'><strong>incauto</strong></span> <span class='ocrx_word' id='word_1_446' title='bbox 1716 4130 1749 4184; x_wconf 83' lang='lat' dir='ltr'><strong>et</strong></span> <span class='ocrx_word' id='word_1_447' title='bbox 1770 4119 2011 4185; x_wconf 79' lang='lat' dir='ltr'><strong>inconsiderato</strong></span> <span class='ocrx_word' id='word_1_448' title='bbox 2034 4119 2105 4184; x_wconf 84' lang='lat' dir='ltr'><strong>zelo</strong></span> <span class='ocrx_word' id='word_1_449' title='bbox 2129 4117 2183 4183; x_wconf 78' lang='lat' dir='ltr'><strong>de·</strong></span> 
     </span>
     <span class='ocr_line' id='line_1_35' title="bbox 534 4227 2184 4308; baseline -0.001 -17"><span class='ocrx_word' id='word_1_450' title='bbox 534 4239 671 4308; x_wconf 85' lang='lat' dir='ltr'><strong>struunt,</strong></span> <span class='ocrx_word' id='word_1_451' title='bbox 695 4237 822 4292; x_wconf 82' lang='lat' dir='ltr'><strong>breviter</strong></span> <span class='ocrx_word' id='word_1_452' title='bbox 845 4237 923 4290; x_wconf 90' lang='lat' dir='ltr'><strong>dicta</strong></span> <span class='ocrx_word' id='word_1_453' title='bbox 945 4236 1028 4294; x_wconf 83' lang='lat' dir='ltr'><strong>sunt.</strong></span> <span class='ocrx_word' id='word_1_454' title='bbox 1076 4235 1158 4291; x_wconf 83' lang='lat' dir='ltr'><strong>Nunc</strong></span> <span class='ocrx_word' id='word_1_455' title='bbox 1181 4241 1280 4289; x_wconf 90' lang='lat' dir='ltr'><strong>contra</strong></span> <span class='ocrx_word' id='word_1_456' title='bbox 1304 4252 1362 4304; x_wconf 92' lang='lat' dir='ltr'><strong>eos,</strong></span> <span class='ocrx_word' id='word_1_457' title='bbox 1387 4235 1436 4305; x_wconf 88' lang='lat' dir='ltr'><strong>qui</strong></span> <span class='ocrx_word' id='word_1_458' title='bbox 1461 4235 1589 4290; x_wconf 90' lang='lat' dir='ltr'><strong>indebito</strong></span> <span class='ocrx_word' id='word_1_459' title='bbox 1613 4234 1692 4290; x_wconf 90' lang='lat' dir='ltr'><strong>cultu</strong></span> <span class='ocrx_word' id='word_1_460' title='bbox 1723 4253 1771 4291; x_wconf 90' lang='lat' dir='ltr'><strong>eas</strong></span> <span class='ocrx_word' id='word_1_461' title='bbox 1801 4236 1907 4304; x_wconf 91' lang='lat' dir='ltr'><strong>colunt,</strong></span> <span class='ocrx_word' id='word_1_462' title='bbox 1938 4227 2107 4292; x_wconf 83' lang='lat' dir='ltr'><strong>incensum</strong></span> <span class='ocrx_word' id='word_1_463' title='bbox 2137 4228 2184 4290; x_wconf 78' lang='lat' dir='ltr'><strong>eia</strong></span> 
     </span>
     <span class='ocr_line' id='line_1_36' title="bbox 534 4330 2231 4421; baseline 0 -23"><span class='ocrx_word' id='word_1_464' title='bbox 534 4333 685 4421; x_wconf 90' lang='lat' dir='ltr'><strong>ponendo</strong></span> <span class='ocrx_word' id='word_1_465' title='bbox 709 4344 742 4398; x_wconf 91' lang='lat' dir='ltr'><strong>et</strong></span> <span class='ocrx_word' id='word_1_466' title='bbox 764 4333 829 4397; x_wconf 90' lang='lat' dir='ltr'><strong>alia</strong></span> <span class='ocrx_word' id='word_1_467' title='bbox 852 4355 980 4419; x_wconf 90' lang='lat' dir='ltr'><strong>queque</strong></span> <span class='ocrx_word' id='word_1_468' title='bbox 1004 4332 1229 4418; x_wconf 85' lang='lat' dir='ltr'><strong>superstitiosa</strong></span> <span class='ocrx_word' id='word_1_469' title='bbox 1251 4330 1413 4414; x_wconf 89' lang='lat' dir='ltr'><strong>faciendo,</strong></span> <span class='ocrx_word' id='word_1_470' title='bbox 1437 4350 1597 4397; x_wconf 82' lang='lat' dir='ltr'><strong>sanctorum</strong></span> <span class='ocrx_word' id='word_1_471' title='bbox 1612 4350 1725 4415; x_wconf 87' lang='lat' dir='ltr'><strong>patrum</strong></span> <span class='ocrx_word' id='word_1_472' title='bbox 1741 4343 1820 4398; x_wconf 87' lang='lat' dir='ltr'><strong>dicta</strong></span> <span class='ocrx_word' id='word_1_473' title='bbox 1841 4343 2022 4398; x_wconf 83' lang='lat' dir='ltr'><strong>subiecimus.</strong></span> <span class='ocrx_word' id='word_1_474' title='bbox 2061 4343 2183 4398; x_wconf 86' lang='lat' dir='ltr'><strong>Primum</strong></span> <span class='ocrx_word' id='word_1_475' title='bbox 2202 4356 2231 4397; x_wconf 81' lang='lat' dir='ltr'><strong>ss</strong></span> 
     </span>
     <span class='ocr_line' id='line_1_37' title="bbox 533 4439 1857 4522; baseline 0 -17"><span class='ocrx_word' id='word_1_476' title='bbox 533 4453 653 4522; x_wconf 80' lang='lat' dir='ltr'><strong>tamen,</strong></span> <span class='ocrx_word' id='word_1_477' title='bbox 676 4452 753 4505; x_wconf 92' lang='lat' dir='ltr'><strong>unde</strong></span> <span class='ocrx_word' id='word_1_478' title='bbox 776 4450 980 4505; x_wconf 86' lang='lat' dir='ltr'><strong>adorandarum</strong></span> <span class='ocrx_word' id='word_1_479' title='bbox 1003 4449 1153 4521; x_wconf 89' lang='lat' dir='ltr'><strong>imaginum</strong></span> <span class='ocrx_word' id='word_1_480' title='bbox 1176 4449 1255 4521; x_wconf 85' lang='lat' dir='ltr'><strong>origo</strong></span> <span class='ocrx_word' id='word_1_481' title='bbox 1278 4449 1438 4517; x_wconf 81' lang='lat' dir='ltr'><strong>inoleverit,</strong></span> <span class='ocrx_word' id='word_1_482' title='bbox 1461 4466 1567 4520; x_wconf 89' lang='lat' dir='ltr'><strong>ponere</strong></span> <span class='ocrx_word' id='word_1_483' title='bbox 1591 4439 1670 4506; x_wconf 82' lang='lat' dir='ltr'><strong>utile</strong></span> <span class='ocrx_word' id='word_1_484' title='bbox 1694 4439 1857 4505; x_wconf 81' lang='lat' dir='ltr'><strong>duximus.</strong></span> 
     </span>
     <span class='ocr_line' id='line_1_38' title="bbox 642 4543 2183 4633; baseline 0 -21"><span class='ocrx_word' id='word_1_485' title='bbox 642 4546 763 4613; x_wconf 87' lang='lat' dir='ltr'><strong>Scribit</strong></span> <span class='ocrx_word' id='word_1_486' title='bbox 791 4548 903 4633; x_wconf 91' lang='lat' dir='ltr'><strong>itaque</strong></span> <span class='ocrx_word' id='word_1_487' title='bbox 926 4545 1041 4611; x_wconf 90' lang='lat' dir='ltr'><strong>beatus</strong></span> <span class='ocrx_word' id='word_1_488' title='bbox 1063 4545 1266 4631; x_wconf 83' lang='lat' dir='ltr'><strong>Augustinus</strong></span> <span class='ocrx_word' id='word_1_489' title='bbox 1289 4546 1323 4609; x_wconf 91' lang='lat' dir='ltr'><strong>in</strong></span> <span class='ocrx_word' id='word_1_490' title='bbox 1346 4543 1429 4610; x_wconf 88' lang='lat' dir='ltr'><strong>libro</strong></span> <span class='ocrx_word' id='word_1_491' title='bbox 1460 4546 1500 4611; x_wconf 88' lang='lat' dir='ltr'><strong>de</strong></span> <span class='ocrx_word' id='word_1_492' title='bbox 1529 4546 1668 4611; x_wconf 84' lang='lat' dir='ltr'><strong>diversis</strong></span> <span class='ocrx_word' id='word_1_493' title='bbox 1692 4546 1854 4611; x_wconf 91' lang='lat' dir='ltr'><strong>eresibus:</strong></span> <span class='ocrx_word' id='word_1_494' title='bbox 1884 4551 2068 4629; x_wconf 78' lang='lat' dir='ltr'><strong>symoniani³</strong></span> <span class='ocrx_word' id='word_1_495' title='bbox 2091 4577 2109 4612; x_wconf 90' lang='lat' dir='ltr'><strong>a</strong></span> <span class='ocrx_word' id='word_1_496' title='bbox 2130 4556 2183 4629; x_wconf 83' lang='lat' dir='ltr'><strong>Sy·</strong></span> 
     </span>
     <span class='ocr_line' id='line_1_39' title="bbox 356 4663 2185 4738; baseline -0.001 -19"><span class='ocrx_word' id='word_1_497' title='bbox 356 4687 513 4738; x_wconf 51' lang='lat' dir='ltr'><strong>,ipsam</strong></span> <span class='ocrx_word' id='word_1_498' title='bbox 533 4684 614 4721; x_wconf 88' lang='lat' dir='ltr'><strong>moue</strong></span> <span class='ocrx_word' id='word_1_499' title='bbox 644 4683 736 4737; x_wconf 89' lang='lat' dir='ltr'><strong>mago,</strong></span> <span class='ocrx_word' id='word_1_500' title='bbox 769 4665 817 4736; x_wconf 87' lang='lat' dir='ltr'><strong>qui</strong></span> <span class='ocrx_word' id='word_1_501' title='bbox 847 4664 1008 4734; x_wconf 88' lang='lat' dir='ltr'><strong>baptizatus</strong></span> <span class='ocrx_word' id='word_1_502' title='bbox 1037 4681 1055 4717; x_wconf 92' lang='lat' dir='ltr'><strong>a</strong></span> <span class='ocrx_word' id='word_1_503' title='bbox 1076 4663 1208 4734; x_wconf 91' lang='lat' dir='ltr'><strong>Philippo</strong></span> <span class='ocrx_word' id='word_1_504' title='bbox 1240 4663 1367 4729; x_wconf 87' lang='lat' dir='ltr'><strong>diacono,</strong></span> <span class='ocrx_word' id='word_1_505' title='bbox 1398 4663 1471 4717; x_wconf 89' lang='lat' dir='ltr'><strong>sicut</strong></span> <span class='ocrx_word' id='word_1_506' title='bbox 1500 4664 1529 4717; x_wconf 91' lang='lat' dir='ltr'><strong>in</strong></span> <span class='ocrx_word' id='word_1_507' title='bbox 1559 4664 1670 4718; x_wconf 89' lang='lat' dir='ltr'><strong>actibus</strong></span> <span class='ocrx_word' id='word_1_508' title='bbox 1699 4667 1889 4735; x_wconf 87' lang='lat' dir='ltr'><strong>apostolorum</strong></span> <span class='ocrx_word' id='word_1_509' title='bbox 1916 4663 2034 4736; x_wconf 83' lang='lat' dir='ltr'><strong>legitur,</strong></span> <span class='ocrx_word' id='word_1_510' title='bbox 2063 4664 2185 4735; x_wconf 88' lang='lat' dir='ltr'><strong>pecunia</strong></span> 
     </span>
     <span class='ocr_line' id='line_1_40' title="bbox 533 4769 2183 4842; baseline -0.001 -17"><span class='ocrx_word' id='word_1_511' title='bbox 533 4772 622 4827; x_wconf 88' lang='lat' dir='ltr'><strong>voluit</strong></span> <span class='ocrx_word' id='word_1_512' title='bbox 646 4790 663 4826; x_wconf 88' lang='lat' dir='ltr'><strong>a</strong></span> <span class='ocrx_word' id='word_1_513' title='bbox 685 4771 790 4826; x_wconf 90' lang='lat' dir='ltr'><strong>sanctis</strong></span> <span class='ocrx_word' id='word_1_514' title='bbox 813 4770 948 4842; x_wconf 88' lang='lat' dir='ltr'><strong>apostolis</strong></span> <span class='ocrx_word' id='word_1_515' title='bbox 973 4787 1078 4837; x_wconf 89' lang='lat' dir='ltr'><strong>emere,</strong></span> <span class='ocrx_word' id='word_1_516' title='bbox 1109 4777 1141 4824; x_wconf 93' lang='lat' dir='ltr'><strong>ut</strong></span> <span class='ocrx_word' id='word_1_517' title='bbox 1172 4770 1257 4824; x_wconf 84' lang='lat' dir='ltr'><strong>etiarn</strong></span> <span class='ocrx_word' id='word_1_518' title='bbox 1281 4788 1333 4841; x_wconf 91' lang='lat' dir='ltr'><strong>per</strong></span> <span class='ocrx_word' id='word_1_519' title='bbox 1355 4770 1561 4841; x_wconf 86' lang='lat' dir='ltr'><strong>impositionem</strong></span> <span class='ocrx_word' id='word_1_520' title='bbox 1590 4788 1690 4825; x_wconf 87' lang='lat' dir='ltr'><strong>manus</strong></span> <span class='ocrx_word' id='word_1_521' title='bbox 1720 4770 1747 4826; x_wconf 90' lang='lat' dir='ltr'><strong>ei</strong></span> <span class='ocrx_word' id='word_1_522' title='bbox 1774 4770 1891 4826; x_wconf 89' lang='lat' dir='ltr'><strong>daretur</strong></span> <span class='ocrx_word' id='word_1_523' title='bbox 1914 4769 2035 4842; x_wconf 89' lang='lat' dir='ltr'><strong>Spiritus</strong></span> <span class='ocrx_word' id='word_1_524' title='bbox 2058 4779 2183 4825; x_wconf 88' lang='lat' dir='ltr'><strong>sanctus.</strong></span> 
     </span>
    </p>
   </div>
   <div class='ocr_carea' id='block_1_5' title="bbox 534 4936 2235 5456">
    <p class='ocr_par' dir='ltr' id='par_1_5' title="bbox 534 4936 2235 5456">
     <span class='ocr_line' id='line_1_41' title="bbox 640 4936 2234 5010; baseline -0.002 -15"><span class='ocrx_word' id='word_1_525' title='bbox 640 4946 721 4996; x_wconf 81' lang='lat' dir='ltr'><strong>XIII.</strong></span> <span class='ocrx_word' id='word_1_526' title='bbox 751 4944 959 4996; x_wconf 89' lang='lat' dir='ltr'><strong>llaudabimus</strong></span> <span class='ocrx_word' id='word_1_527' title='bbox 978 4943 1006 4994; x_wconf 88' lang='lat' dir='ltr'><strong>V.</strong></span> <span class='ocrx_word' id='word_1_528' title='bbox 1079 4943 1245 5009; x_wconf 73' lang='lat' dir='ltr'><strong>tdispectis</strong></span> <span class='ocrx_word' id='word_1_529' title='bbox 1265 4943 1292 4992; x_wconf 88' lang='lat' dir='ltr'><strong>V.</strong></span> <span class='ocrx_word' id='word_1_530' title='bbox 1365 4936 1563 5009; x_wconf 66' lang='lat' dir='ltr'><strong>aquid]quod</strong></span> <span class='ocrx_word' id='word_1_531' title='bbox 1580 4943 1607 4993; x_wconf 91' lang='lat' dir='ltr'><strong>V.</strong></span> <span class='ocrx_word' id='word_1_532' title='bbox 1680 4944 1845 4995; x_wconf 76' lang='lat' dir='ltr'><strong>liericibus</strong></span> <span class='ocrx_word' id='word_1_533' title='bbox 1864 4943 1892 4994; x_wconf 89' lang='lat' dir='ltr'><strong>V.</strong></span> <span class='ocrx_word' id='word_1_534' title='bbox 1965 4945 2138 5010; x_wconf 77' lang='lat' dir='ltr'><strong>Sgenereris</strong></span> <span class='ocrx_word' id='word_1_535' title='bbox 2156 4943 2184 4994; x_wconf 87' lang='lat' dir='ltr'><strong>V.</strong></span> <span class='ocrx_word' id='word_1_536' title='bbox 2202 4951 2234 4992; x_wconf 69' lang='lat' dir='ltr'><strong>ab</strong></span> 
     </span>
     <span class='ocr_line' id='line_1_42' title="bbox 535 5028 2183 5098; baseline -0.002 -13"><span class='ocrx_word' id='word_1_537' title='bbox 535 5038 568 5085; x_wconf 92' lang='lat'><strong>10</strong></span> <span class='ocrx_word' id='word_1_538' title='bbox 587 5030 703 5098; x_wconf 86' lang='lat' dir='ltr'><strong>admisit]</strong></span> <span class='ocrx_word' id='word_1_539' title='bbox 723 5035 812 5085; x_wconf 87' lang='lat' dir='ltr'><strong>amisit</strong></span> <span class='ocrx_word' id='word_1_540' title='bbox 832 5032 859 5084; x_wconf 90' lang='lat' dir='ltr'><strong>V.</strong></span> <span class='ocrx_word' id='word_1_541' title='bbox 950 5034 1123 5084; x_wconf 80' lang='lat' dir='ltr'><strong>discretionis</strong></span> <span class='ocrx_word' id='word_1_542' title='bbox 1150 5034 1342 5083; x_wconf 88' lang='lat' dir='ltr'><strong>condiscesces</strong></span> <span class='ocrx_word' id='word_1_543' title='bbox 1361 5032 1388 5083; x_wconf 88' lang='lat' dir='ltr'><strong>V.</strong></span> <span class='ocrx_word' id='word_1_544' title='bbox 1482 5034 1514 5082; x_wconf 79' lang='lat'><strong>12</strong></span> <span class='ocrx_word' id='word_1_545' title='bbox 1541 5028 1697 5096; x_wconf 83' lang='lat' dir='ltr'><strong>excelleret]</strong></span> <span class='ocrx_word' id='word_1_546' title='bbox 1726 5032 1865 5083; x_wconf 82' lang='lat' dir='ltr'><strong>excoleret</strong></span> <span class='ocrx_word' id='word_1_547' title='bbox 1888 5032 1915 5083; x_wconf 93' lang='lat' dir='ltr'><strong>V.</strong></span> <span class='ocrx_word' id='word_1_548' title='bbox 2007 5034 2040 5083; x_wconf 85' lang='grc'><strong>13</strong></span> <span class='ocrx_word' id='word_1_549' title='bbox 2059 5033 2137 5084; x_wconf 88' lang='lat' dir='ltr'><strong>Haec</strong></span> <span class='ocrx_word' id='word_1_550' title='bbox 2157 5032 2183 5082; x_wconf 79' lang='lat' dir='ltr'><strong>V.</strong></span> 
     </span>
     <span class='ocr_line' id='line_1_43' title="bbox 534 5119 2184 5188; baseline -0.001 -14"><span class='ocrx_word' id='word_1_551' title='bbox 534 5119 606 5188; x_wconf 84' lang='lat' dir='ltr'><strong>tuos]</strong></span> <span class='ocrx_word' id='word_1_552' title='bbox 626 5139 675 5175; x_wconf 84' lang='lat' dir='ltr'><strong>ros</strong></span> <span class='ocrx_word' id='word_1_553' title='bbox 695 5123 721 5172; x_wconf 86' lang='lat' dir='ltr'><strong>V.</strong></span> <span class='ocrx_word' id='word_1_554' title='bbox 787 5125 820 5173; x_wconf 86' lang='grc'><strong>16</strong></span> <span class='ocrx_word' id='word_1_555' title='bbox 839 5129 866 5172; x_wconf 90' lang='lat' dir='ltr'><strong>te</strong></span> <span class='ocrx_word' id='word_1_556' title='bbox 885 5122 951 5172; x_wconf 77' lang='lat' dir='ltr'><strong>deest</strong></span> <span class='ocrx_word' id='word_1_557' title='bbox 969 5121 996 5171; x_wconf 89' lang='lat' dir='ltr'><strong>V.</strong></span> <span class='ocrx_word' id='word_1_558' title='bbox 1062 5123 1094 5172; x_wconf 88' lang='grc'><strong>18</strong></span> <span class='ocrx_word' id='word_1_559' title='bbox 1114 5121 1352 5174; x_wconf 87' lang='lat' dir='ltr'><strong>diversis-filiis</strong></span> <span class='ocrx_word' id='word_1_560' title='bbox 1371 5121 1399 5172; x_wconf 89' lang='lat' dir='ltr'><strong>V.</strong></span> <span class='ocrx_word' id='word_1_561' title='bbox 1465 5124 1497 5172; x_wconf 86' lang='grc'><strong>19</strong></span> <span class='ocrx_word' id='word_1_562' title='bbox 1517 5124 1590 5172; x_wconf 88' lang='lat' dir='ltr'><strong>omui</strong></span> <span class='ocrx_word' id='word_1_563' title='bbox 1607 5123 1763 5173; x_wconf 86' lang='lat' dir='ltr'><strong>manufacto</strong></span> <span class='ocrx_word' id='word_1_564' title='bbox 1782 5122 1811 5173; x_wconf 91' lang='lat' dir='ltr'><strong>V.</strong></span> <span class='ocrx_word' id='word_1_565' title='bbox 1874 5123 1909 5173; x_wconf 77' lang='lat'><strong>20</strong></span> <span class='ocrx_word' id='word_1_566' title='bbox 1927 5124 2056 5188; x_wconf 85' lang='lat' dir='ltr'><strong>quoniam</strong></span> <span class='ocrx_word' id='word_1_567' title='bbox 2073 5122 2138 5173; x_wconf 80' lang='lat' dir='ltr'><strong>deest</strong></span> <span class='ocrx_word' id='word_1_568' title='bbox 2157 5122 2184 5172; x_wconf 85' lang='lat' dir='ltr'><strong>V.</strong></span> 
     </span>
     <span class='ocr_line' id='line_1_44' title="bbox 534 5205 2183 5278; baseline -0.001 -16"><span class='ocrx_word' id='word_1_569' title='bbox 534 5216 657 5278; x_wconf 85' lang='lat' dir='ltr'><strong>picturae</strong></span> <span class='ocrx_word' id='word_1_570' title='bbox 671 5214 804 5277; x_wconf 85' lang='lat' dir='ltr'><strong>imagines</strong></span> <span class='ocrx_word' id='word_1_571' title='bbox 821 5212 848 5261; x_wconf 86' lang='lat' dir='ltr'><strong>V.</strong></span> <span class='ocrx_word' id='word_1_572' title='bbox 904 5213 935 5262; x_wconf 82' lang='lat'><strong>21</strong></span> <span class='ocrx_word' id='word_1_573' title='bbox 951 5211 1139 5277; x_wconf 86' lang='lat' dir='ltr'><strong>ipsahistoria</strong></span> <span class='ocrx_word' id='word_1_574' title='bbox 1155 5211 1182 5261; x_wconf 91' lang='lat' dir='ltr'><strong>V.</strong></span> <span class='ocrx_word' id='word_1_575' title='bbox 1241 5205 1452 5276; x_wconf 79' lang='lat' dir='ltr'><strong>22quod]quis</strong></span> <span class='ocrx_word' id='word_1_576' title='bbox 1468 5210 1495 5260; x_wconf 82' lang='lat' dir='ltr'><strong>V.</strong></span> <span class='ocrx_word' id='word_1_577' title='bbox 1551 5211 1656 5261; x_wconf 87' lang='lat' dir='ltr'><strong>discere</strong></span> <span class='ocrx_word' id='word_1_578' title='bbox 1672 5211 1700 5261; x_wconf 92' lang='lat' dir='ltr'><strong>V.</strong></span> <span class='ocrx_word' id='word_1_579' title='bbox 1759 5206 1854 5275; x_wconf 85' lang='lat' dir='ltr'><strong>es]est</strong></span> <span class='ocrx_word' id='word_1_580' title='bbox 1870 5211 1898 5260; x_wconf 91' lang='lat' dir='ltr'><strong>V.</strong></span> <span class='ocrx_word' id='word_1_581' title='bbox 1954 5213 1987 5262; x_wconf 78' lang='lat'><strong>24</strong></span> <span class='ocrx_word' id='word_1_582' title='bbox 2000 5217 2064 5261; x_wconf 90' lang='lat' dir='ltr'><strong>sunt</strong></span> <span class='ocrx_word' id='word_1_583' title='bbox 2076 5210 2142 5261; x_wconf 81' lang='lat' dir='ltr'><strong>deest</strong></span> <span class='ocrx_word' id='word_1_584' title='bbox 2157 5211 2183 5260; x_wconf 86' lang='lat' dir='ltr'><strong>V.</strong></span> 
     </span>
     <span class='ocr_line' id='line_1_45' title="bbox 534 5294 2183 5364; baseline -0.002 -12"><span class='ocrx_word' id='word_1_585' title='bbox 534 5303 567 5352; x_wconf 82' lang='lat'><strong>26</strong></span> <span class='ocrx_word' id='word_1_586' title='bbox 587 5303 696 5353; x_wconf 84' lang='lat' dir='ltr'><strong>fuerant</strong></span> <span class='ocrx_word' id='word_1_587' title='bbox 714 5302 741 5356; x_wconf 84' lang='lat' dir='ltr'><strong>V.</strong></span> <span class='ocrx_word' id='word_1_588' title='bbox 814 5303 847 5352; x_wconf 75' lang='lat'><strong>27</strong></span> <span class='ocrx_word' id='word_1_589' title='bbox 868 5318 915 5352; x_wconf 91' lang='lat' dir='ltr'><strong>eos</strong></span> <span class='ocrx_word' id='word_1_590' title='bbox 933 5300 1000 5350; x_wconf 72' lang='lat' dir='ltr'><strong>deest</strong></span> <span class='ocrx_word' id='word_1_591' title='bbox 1020 5300 1047 5350; x_wconf 88' lang='lat' dir='ltr'><strong>V.</strong></span> <span class='ocrx_word' id='word_1_592' title='bbox 1120 5302 1151 5350; x_wconf 88' lang='grc'><strong>31</strong></span> <span class='ocrx_word' id='word_1_593' title='bbox 1173 5294 1217 5364; x_wconf 85' lang='lat' dir='ltr'><strong>ex]</strong></span> <span class='ocrx_word' id='word_1_594' title='bbox 1237 5307 1264 5350; x_wconf 83' lang='lat' dir='ltr'><strong>et</strong></span> <span class='ocrx_word' id='word_1_595' title='bbox 1282 5299 1310 5349; x_wconf 86' lang='lat' dir='ltr'><strong>V.</strong></span> <span class='ocrx_word' id='word_1_596' title='bbox 1384 5302 1418 5350; x_wconf 83' lang='lat'><strong>34</strong></span> <span class='ocrx_word' id='word_1_597' title='bbox 1438 5294 1494 5362; x_wconf 84' lang='lat' dir='ltr'><strong>aas]</strong></span> <span class='ocrx_word' id='word_1_598' title='bbox 1513 5317 1543 5349; x_wconf 88' lang='lat' dir='ltr'><strong>as</strong></span> <span class='ocrx_word' id='word_1_599' title='bbox 1562 5299 1589 5349; x_wconf 83' lang='lat' dir='ltr'><strong>V.</strong></span> <span class='ocrx_word' id='word_1_600' title='bbox 1657 5302 1691 5350; x_wconf 81' lang='grc'><strong>35</strong></span> <span class='ocrx_word' id='word_1_601' title='bbox 1710 5301 1877 5350; x_wconf 88' lang='lat' dir='ltr'><strong>subiecimur</strong></span> <span class='ocrx_word' id='word_1_602' title='bbox 1896 5300 1923 5350; x_wconf 91' lang='lat' dir='ltr'><strong>V.</strong></span> <span class='ocrx_word' id='word_1_603' title='bbox 1997 5301 2030 5350; x_wconf 84' lang='grc'><strong>36</strong></span> <span class='ocrx_word' id='word_1_604' title='bbox 2050 5294 2183 5363; x_wconf 84' lang='lat' dir='ltr'><strong>duximus]</strong></span> 
     </span>
     <span class='ocr_line' id='line_1_46' title="bbox 534 5382 2235 5456; baseline -0.004 -15"><span class='ocrx_word' id='word_1_605' title='bbox 534 5392 650 5441; x_wconf 80' lang='lat' dir='ltr'><strong>diximus</strong></span> <span class='ocrx_word' id='word_1_606' title='bbox 671 5391 697 5440; x_wconf 89' lang='lat' dir='ltr'><strong>V.</strong></span> <span class='ocrx_word' id='word_1_607' title='bbox 770 5393 802 5443; x_wconf 81' lang='grc'><strong>31</strong></span> <span class='ocrx_word' id='word_1_608' title='bbox 824 5383 992 5456; x_wconf 84' lang='lat' dir='ltr'><strong>Symoniani]</strong></span> <span class='ocrx_word' id='word_1_609' title='bbox 1012 5390 1122 5455; x_wconf 81' lang='lat' dir='ltr'><strong>Symoni</strong></span> <span class='ocrx_word' id='word_1_610' title='bbox 1144 5389 1171 5439; x_wconf 80' lang='lat' dir='ltr'><strong>V.</strong></span> <span class='ocrx_word' id='word_1_611' title='bbox 1243 5390 1277 5440; x_wconf 79' lang='grc'><strong>33</strong></span> <span class='ocrx_word' id='word_1_612' title='bbox 1297 5382 1332 5452; x_wconf 88' lang='lat' dir='ltr'><strong>ei]</strong></span> <span class='ocrx_word' id='word_1_613' title='bbox 1352 5389 1411 5438; x_wconf 88' lang='lat' dir='ltr'><strong>eius</strong></span> <span class='ocrx_word' id='word_1_614' title='bbox 1430 5388 1458 5438; x_wconf 88' lang='lat' dir='ltr'><strong>V.</strong></span> <span class='ocrx_word' id='word_1_615' title='bbox 2202 5394 2235 5434; x_wconf 66' lang='lat' dir='ltr'><strong>aa</strong></span> 
     </span>
    </p>
   </div>
   <div class='ocr_carea' id='block_1_6' title="bbox 535 5549 2186 5949">
    <p class='ocr_par' dir='ltr' id='par_1_6' title="bbox 535 5549 2186 5949">
     <span class='ocr_line' id='line_1_47' title="bbox 644 5549 2184 5631; baseline -0.001 -23"><span class='ocrx_word' id='word_1_616' title='bbox 644 5553 673 5622; x_wconf 90' lang='grc'><strong>1)</strong></span> <span class='ocrx_word' id='word_1_617' title='bbox 699 5553 856 5631; x_wconf 77' lang='lat' dir='ltr'><strong>Gregorius</strong></span> <span class='ocrx_word' id='word_1_618' title='bbox 881 5554 934 5624; x_wconf 77' lang='lat' dir='ltr'><strong>M,</strong></span> <span class='ocrx_word' id='word_1_619' title='bbox 960 5552 1091 5630; x_wconf 81' lang='lat' dir='ltr'><strong>Epistola</strong></span> <span class='ocrx_word' id='word_1_620' title='bbox 1114 5553 1243 5622; x_wconf 62' lang='lat' dir='ltr'><strong>mndata,</strong></span> <span class='ocrx_word' id='word_1_621' title='bbox 1269 5549 1342 5610; x_wconf 73' lang='grc' dir='ltr'><strong>ΜΘ.</strong></span> <span class='ocrx_word' id='word_1_622' title='bbox 1368 5550 1448 5627; x_wconf 79' lang='lat' dir='ltr'><strong>Epp.</strong></span> <span class='ocrx_word' id='word_1_623' title='bbox 1472 5551 1512 5621; x_wconf 84' lang='lat' dir='ltr'><strong>H,</strong></span> <span class='ocrx_word' id='word_1_624' title='bbox 1529 5555 1604 5611; x_wconf 77' lang='lat'><strong>271.</strong></span> <span class='ocrx_word' id='word_1_625' title='bbox 1651 5551 1758 5609; x_wconf 82' lang='lat' dir='ltr'><strong>Verba:</strong></span> <span class='ocrx_word' id='word_1_626' title='bbox 1783 5552 1893 5609; x_wconf 88' lang='lat' dir='ltr'><strong>Cuncta</strong></span> <span class='ocrx_word' id='word_1_627' title='bbox 1911 5582 1947 5592; x_wconf 93' lang='lat'>-</span> <span class='ocrx_word' id='word_1_628' title='bbox 1967 5553 2184 5625; x_wconf 88' lang='lat' dir='ltr'><strong>dispensationis</strong></span> 
     </span>
     <span class='ocr_line' id='line_1_48' title="bbox 535 5655 2186 5736; baseline -0.001 -20"><span class='ocrx_word' id='word_1_629' title='bbox 535 5655 566 5734; x_wconf 79' lang='lat'><strong>(1.</strong></span> <span class='ocrx_word' id='word_1_630' title='bbox 592 5657 700 5736; x_wconf 69' lang='lat' dir='ltr'><strong>31qu</strong></span> <span class='ocrx_word' id='word_1_631' title='bbox 725 5660 924 5716; x_wconf 69' lang='lat' dir='ltr'><strong>desiderantum</strong></span> <span class='ocrx_word' id='word_1_632' title='bbox 947 5660 975 5717; x_wconf 85' lang='lat' dir='ltr'><strong>in</strong></span> <span class='ocrx_word' id='word_1_633' title='bbox 998 5659 1134 5733; x_wconf 54' lang='lat' dir='ltr'><strong>paedico</strong></span> <span class='ocrx_word' id='word_1_634' title='bbox 1158 5658 1325 5716; x_wconf 80' lang='lat' dir='ltr'><strong>Purisierari.</strong></span> <span class='ocrx_word' id='word_1_635' title='bbox 1425 5657 1455 5725; x_wconf 75' lang='lat'><strong>2)</strong></span> <span class='ocrx_word' id='word_1_636' title='bbox 1479 5658 1511 5715; x_wconf 90' lang='lat' dir='ltr'><strong>V.</strong></span> <span class='ocrx_word' id='word_1_637' title='bbox 1535 5679 1625 5734; x_wconf 80' lang='lat' dir='ltr'><strong>supra</strong></span> <span class='ocrx_word' id='word_1_638' title='bbox 1643 5679 1677 5735; x_wconf 83' lang='lat' dir='ltr'><strong>p.</strong></span> <span class='ocrx_word' id='word_1_639' title='bbox 1694 5662 1757 5719; x_wconf 75' lang='grc'><strong>489</strong></span> <span class='ocrx_word' id='word_1_640' title='bbox 1781 5660 1799 5716; x_wconf 79' lang='grc' dir='ltr'><strong>ἶ.</strong></span> <span class='ocrx_word' id='word_1_641' title='bbox 1821 5662 1860 5719; x_wconf 89' lang='lat'><strong>17</strong></span> <span class='ocrx_word' id='word_1_642' title='bbox 1870 5678 1942 5736; x_wconf 70' lang='lat' dir='ltr'><strong>sqq,</strong></span> <span class='ocrx_word' id='word_1_643' title='bbox 1967 5659 2041 5717; x_wconf 82' lang='lat' dir='ltr'><strong>unde</strong></span> <span class='ocrx_word' id='word_1_644' title='bbox 2063 5667 2186 5735; x_wconf 80' lang='lat' dir='ltr'><strong>apparet</strong></span> 
     </span>
     <span class='ocr_line' id='line_1_49' title="bbox 535 5760 2185 5842; baseline -0.001 -19"><span class='ocrx_word' id='word_1_645' title='bbox 535 5766 619 5823; x_wconf 65' lang='lat' dir='ltr'><strong>coba</strong></span> <span class='ocrx_word' id='word_1_646' title='bbox 643 5761 744 5841; x_wconf 83' lang='lat' dir='ltr'><strong>(supra</strong></span> <span class='ocrx_word' id='word_1_647' title='bbox 768 5766 865 5823; x_wconf 82' lang='lat' dir='ltr'><strong>litteris</strong></span> <span class='ocrx_word' id='word_1_648' title='bbox 883 5767 987 5841; x_wconf 75' lang='lat' dir='ltr'><strong>parra</strong></span> <span class='ocrx_word' id='word_1_649' title='bbox 1010 5760 1159 5841; x_wconf 63' lang='lat' dir='ltr'><strong>supressa)</strong></span> <span class='ocrx_word' id='word_1_650' title='bbox 1182 5784 1240 5821; x_wconf 84' lang='lat' dir='ltr'><strong>aon</strong></span> <span class='ocrx_word' id='word_1_651' title='bbox 1264 5784 1300 5821; x_wconf 80' lang='lat' dir='ltr'><strong>ea·</strong></span> <span class='ocrx_word' id='word_1_652' title='bbox 1324 5762 1465 5842; x_wconf 80' lang='lat' dir='ltr'><strong>Gregorio</strong></span> <span class='ocrx_word' id='word_1_653' title='bbox 1481 5765 1612 5841; x_wconf 68' lang='lat' dir='ltr'><strong>fluxiore,</strong></span> <span class='ocrx_word' id='word_1_654' title='bbox 1636 5767 1689 5823; x_wconf 83' lang='lat' dir='ltr'><strong>sed</strong></span> <span class='ocrx_word' id='word_1_655' title='bbox 1718 5766 1844 5842; x_wconf 76' lang='lat' dir='ltr'><strong>conflato</strong></span> <span class='ocrx_word' id='word_1_656' title='bbox 1872 5784 1930 5823; x_wconf 86' lang='lat' dir='ltr'><strong>esse</strong></span> <span class='ocrx_word' id='word_1_657' title='bbox 1958 5785 1977 5822; x_wconf 85' lang='lat' dir='ltr'><strong>a</strong></span> <span class='ocrx_word' id='word_1_658' title='bbox 2005 5764 2185 5840; x_wconf 64' lang='lat' dir='ltr'><strong>prodactam</strong></span> 
     </span>
     <span class='ocr_line' id='line_1_50' title="bbox 535 5871 1347 5949; baseline 0 -21"><span class='ocrx_word' id='word_1_659' title='bbox 535 5871 751 5929; x_wconf 80' lang='lat' dir='ltr'><strong>Parisiensidus.</strong></span> <span class='ocrx_word' id='word_1_660' title='bbox 844 5873 873 5941; x_wconf 84' lang='lat'><strong>3)</strong></span> <span class='ocrx_word' id='word_1_661' title='bbox 898 5872 929 5928; x_wconf 91' lang='lat' dir='ltr'><strong>V.</strong></span> <span class='ocrx_word' id='word_1_662' title='bbox 953 5892 1043 5948; x_wconf 85' lang='lat' dir='ltr'><strong>supra</strong></span> <span class='ocrx_word' id='word_1_663' title='bbox 1061 5891 1095 5947; x_wconf 83' lang='lat' dir='ltr'><strong>p.</strong></span> <span class='ocrx_word' id='word_1_664' title='bbox 1112 5874 1174 5930; x_wconf 69' lang='lat'><strong>489</strong></span> <span class='ocrx_word' id='word_1_665' title='bbox 1197 5873 1214 5927; x_wconf 85' lang='lat' dir='ltr'><strong>l.</strong></span> <span class='ocrx_word' id='word_1_666' title='bbox 1233 5875 1276 5931; x_wconf 71' lang='lat'><strong>22</strong></span> <span class='ocrx_word' id='word_1_667' title='bbox 1286 5891 1347 5949; x_wconf 86' lang='lat' dir='ltr'><strong>sqq.</strong></span> 
     </span>
    </p>
   </div>
   <div class='ocr_carea' id='block_1_7' title="bbox 0 0 2449 6710">
    <p class='ocr_par' dir='ltr' id='par_1_7' title="bbox 0 0 2449 6710">
     <span class='ocr_line' id='line_1_51' title="bbox 0 0 2449 6710; baseline 0 0"><span class='ocrx_word' id='word_1_668' title='bbox 0 0 2449 6710; x_wconf 95' lang='lat' dir='ltr'><strong> </strong></span> 
     </span>
    </p>
   </div>
  </div>
 </body>
</html>
