4884 6717
546 515 611 577 576
1029 519 1080 575 16.
1117 518 1336 575 CONCILIUM
1359 518 1561 575 ROMANUM
1584 519 1622 573 Α.
1643 517 1717 574 826.

546 729 654 771 coram
687 706 783 793 plebe
814 708 947 793 propria
978 729 1071 770 suum
1103 707 1292 793 episcopum
1317 704 1456 770 eundem
1481 715 1609 791 oportet
1632 705 1794 770 discutere
1819 705 2033 786 sacerdotem,
2064 707 2092 769 si
2114 704 2200 770 bone

546 836 589 877 an
623 812 708 877 male
740 815 996 878 conversationis
1028 813 1147 877 existat
1177 823 1234 878 aut
1263 813 1356 876 cuius
1385 813 1434 876 rei
1464 834 1563 876 eausa
1595 810 1724 876 debitae
1755 812 1952 877 advocatum
1983 811 2104 877 habere
2135 835 2200 876 non

544 921 663 1007 possit3
696 919 780 984 male
811 942 890 984 vero
920 921 1072 985 inventus
1103 941 1161 1005 pro
1193 918 1349 1004 qualitate
1380 918 1496 1005 culpae
1527 918 1706 983 seeundum
1737 941 1898 984 canonum
1921 942 2067 984 normam
2091 941 2199 984 emen·

544 1025 616 1090 dari
640 1037 778 1092 curetur.

593 1160 700 1217 Forma
724 1159 825 1217 rainer.
873 1160 940 1214 XX.
976 1161 1134 1231 Episcopus
1164 1159 1253 1226 illum,
1285 1159 1332 1230 qui
1356 1160 1525 1214 advocatum
1555 1159 1682 1215 invenire
1712 1177 1767 1214 non
1795 1161 1931 1231 potuerit,
1963 1178 2056 1215 coram
2085 1161 2231 1232 proprias

704 1267 791 1338 plebe
815 1267 951 1321 discatiat
974 1267 1166 1337 canoniceque
1191 1266 1337 1321 emendet.

651 1435 747 1500 XXI.
801 1436 890 1500 Dc¹
930 1435 1227 1498 monasterio
1266 1433 1341 1497 vel
1381 1435 1617 1516 oratorio,
1664 1434 1786 1520 quod
1824 1457 1844 1497 a
1882 1436 2081 1522 proprio
2121 1435 2198 1500 do-

546 1544 667 1624 mino
703 1541 796 1606 soli
835 1541 1155 1605 aedificatum
1194 1551 1276 1604 est.
1334 1541 1589 1605 lllonasterium²
1615 1540 1669 1604 vel
1699 1543 1874 1605 oratorium
1909 1543 2087 1606 canonicae
2123 1565 2198 1607 con·

545 1660 703 1714 structum
734 1672 754 1714 a
784 1648 926 1713 dominio
958 1648 1187 1712 constructoris
1218 1649 1321 1711 invito
1351 1670 1417 1711 non
1447 1646 1622 1727 auferatur,
1657 1646 1819 1734 liceatque
1855 1648 1901 1713 illi
1931 1648 1964 1712 id
1995 1648 2198 1735 presbytero,

545 1757 599 1821 cui
622 1756 771 1837 voluerit,
796 1778 854 1841 pro
879 1778 971 1819 sacro
996 1754 1104 1818 officio
1127 1752 1212 1818 illius
1238 1753 1406 1817 dioceseos
1422 1765 1455 1818 et
1469 1751 1576 1818 bonae
1596 1755 1796 1819 auctoritatis
1813 1754 2016 1819 dimissoriae
2033 1778 2106 1820 cuni
2122 1778 2197 1820 con·
2220 1780 2245 1819 so

545 1885 643 1926 sensu
666 1863 825 1948 episcopi,
851 1884 891 1924 ne
916 1860 1019 1925 malus
1044 1862 1173 1940 existat,
1198 1858 1438 1941 commendare,
1467 1861 1512 1924 ita
1534 1871 1570 1923 ut
1593 1859 1636 1924 ad
1658 1860 1779 1946 placita
1795 1873 1827 1925 et
1842 1863 1959 1926 iustam
1981 1865 2197 1927 reverentiam

545 1970 647 2055 ipsius
672 1969 817 2054 episcopi
841 1966 1053 2031 oboedienter
1076 1966 1229 2031 sacerdos
1253 1978 1406 2031 recurrat.

591 2102 701 2158 Ferrea
723 2100 826 2158 minor.
873 2101 955 2155 XXI.
992 2102 1193 2156 lllonasterium
1218 2104 1263 2156 vel
1287 2101 1439 2155 oratorium
1462 2108 1655 2155 constructum
1678 2103 1811 2157 canonice
1829 2120 1845 2157 a
1861 2103 1982 2157 dominio
1998 2105 2198 2158 constructoris

705 2210 792 2263 invito
816 2226 871 2263 non
895 2208 1052 2275 auferatur,
1076 2208 1220 2278 liceatque
1245 2207 1285 2261 illi
1308 2208 1488 2279 presbytero,
1519 2209 1563 2262 cui
1586 2206 1718 2274 voluerit,
1751 2227 1814 2263 cum
1837 2226 1976 2264 consensu
2001 2210 2135 2281 episcopi,
2161 2228 2196 2264 nc

704 2315 793 2370 malus
816 2317 862 2382 sit,
888 2316 1095 2382 commendare,
1119 2315 1159 2369 ite
1182 2323 1214 2368 ut
1238 2314 1274 2369 ad
1297 2314 1431 2385 placitum
1455 2314 1580 2386 episcopi
1604 2314 1736 2369 sacerdos
1759 2316 1947 2371 oboedienter
1969 2326 2107 2371 recurrat.
2218 2329 2244 2370 to

651 2483 763 2548 XXII.
816 2483 880 2547 De
919 2484 1176 2547 invasione
1216 2484 1353 2569 quasi
1392 2492 1647 2568 proparte
1694 2481 1913 2547 eclesiae
1960 2484 2102 2549 facta.
2161 2485 2197 2551 Si

544 2592 706 2678 quispiam
738 2591 870 2654 invasor
900 2587 1129 2676 comprobatus
1162 2588 1251 2652 dicat
1280 2610 1339 2674 pro
1363 2600 1454 2674 parte
1481 2588 1620 2653 eclesiae
1651 2610 1685 2653 se
1718 2589 1833 2675 egisse,
1858 2589 1899 2654 de
1923 2592 2052 2676 privata
2075 2590 2137 2655 sihi
2160 2614 2195 2656 re

543 2700 726 2785 pertinente
758 2696 800 2760 ab
830 2698 902 2782 ipso
931 2718 1055 2782 suoque
1086 2695 1206 2760 herede
1237 2694 1382 2759 solvatur
1410 2696 1547 2760 invasio.
1594 2694 1756 2760 Sacerdos
1787 2696 1928 2782 denique
1959 2699 1993 2761 in
2020 2697 2077 2762 tali
2101 2697 2198 2785 culpa

543 2827 669 2891 pauper
692 2804 843 2867 inventus
867 2825 887 2867 a
910 2803 1042 2889 proprio
1067 2803 1245 2866 canonicae
1269 2800 1431 2865 iudicetur
1454 2802 1618 2888 episcopo,
1646 2813 1770 2866 utnon
1794 2802 1913 2868 eclesia
1937 2802 1999 2868 sibi
2024 2807 2198 2869 commissa

544 2911 697 2975 damnum
721 2910 888 2974 sustineat.
2216 2933 2244 2974 so

590 3043 699 3100 Forma
723 3042 823 3100 minor.
871 3042 967 3097 XXII.
1004 3041 1033 3096 Si
1058 3043 1120 3113 quis
1143 3043 1280 3097 invaserit
1304 3060 1363 3097 rem
1386 3043 1539 3108 aeclesiae,
1563 3044 1599 3097 ab
1615 3044 1676 3115 ipso
1691 3061 1799 3114 suoque
1815 3044 1922 3100 herede
1939 3050 2064 3101 solvetur
2079 3047 2195 3103 invasio.

651 3193 781 3258 XXIII.
828 3193 892 3257 De
932 3191 1257 3256 xenodochiis
1293 3203 1337 3256 et
1372 3192 1487 3256 aliis
1522 3194 1619 3279 piis
1654 3193 1788 3258 locis.
1846 3195 1911 3259 Per
1946 3194 2197 3263 sollicitudinem

650 3448 709 3496 XX.
740 3445 880 3511 lplebem
900 3447 1036 3512 propriam
1056 3445 1109 3495 ΡΙ.
1191 3447 1301 3511 proprio
1320 3462 1384 3496 corr.
1403 3448 1540 3512 proprium
1560 3446 1591 3497 F.
1671 3449 1796 3498 eamdem
1815 3448 1848 3508 Β,
1868 3451 1978 3501 tandem
1998 3451 2029 3502 0.
2106 3469 2195 3504 sacer·

536 3538 608 3588 ‘dote
627 3536 682 3586 ΡΙ.
741 3536 830 3587 bonae
848 3552 878 3585 aa
897 3537 984 3585 henas
1003 3551 1066 3585 corr.
1087 3533 1118 3594 F,
1138 3536 1227 3585 bonae
1247 3534 1279 3584 B.
1301 3535 1333 3585 G.
1397 3535 1521 3587 2malae
1541 3536 1573 3586 Β.
1595 3536 1627 3586 G.
1646 3536 1678 3586 L.
1743 3541 1953 3591 conversatione
1973 3541 2027 3591 ΓΙ.
2089 3537 2196 3607 existat]

545 3626 669 3676 exhortet
687 3625 742 3674 ΡΙ.
834 3630 883 3674 aut
900 3624 966 3674 deest
984 3623 1017 3675 Β.
1095 3618 1188 3687 causa]
1211 3639 1309 3674 caussa
1328 3624 1361 3684 Β,
1387 3641 1403 3674 a
1423 3640 1488 3674 cura
1508 3625 1540 3675 G.
1631 3626 1722 3677 debite
1741 3625 1775 3676 B.
1794 3626 1827 3676 F.
1847 3627 1877 3677 L.
1970 3628 2092 3682 3malae
2111 3631 2144 3682 B.
2164 3631 2195 3692 F,
2216 3645 2243 3686 2⁶

545 3713 677 3765 malasti.
733 3715 870 3764 invenitur
888 3713 942 3763 ΡΙ.
999 3708 1144 3776 canonum]
1166 3715 1328 3764 canonicum
1343 3713 1374 3763 G.
1429 3730 1524 3764 norma
1538 3712 1568 3764 F.
1584 3715 1741 3765 G.--s
1760 3718 1965 3782 canonicequae
1979 3720 2123 3771 aemendet
2142 3721 2196 3781 Va,

544 3805 749 3868 canonicasque
768 3803 895 3853 emendet
914 3802 977 3852 114.

651 3928 726 3977 XXI.
755 3929 770 3978 'l
791 3927 866 3977 XXI.
885 3927 974 3977 De-
989 3921 1040 3990 est]
1059 3927 1095 3975 ita
1114 3926 1146 3986 L,
1165 3927 1241 3976 XXI.
1260 3927 1302 3977 De
1322 3929 1515 3977 monasterinm
1534 3925 1577 3978 vel
1598 3928 1765 3979 horatorium
1785 3930 1961 3994 quod-est
1981 3932 2033 3992 ΡΙ,
2059 3934 2134 3984 XXI.
2155 3936 2196 3986 De

544 4018 712 4068 monasterio
738 4016 783 4066 vel
808 4018 938 4074 oratorio,
961 4014 1225 4080 qui-edificatum
1246 4022 1286 4065 est
1310 4014 1342 4074 F,
1371 4015 1445 4064 XXI.
1469 4016 1511 4066 De
1537 4019 1700 4067 monasterio
1720 4017 1762 4068 vel
1790 4021 1917 4080 oratorio,
1943 4023 2196 4085 quod—dominio

544 4103 596 4155 soli
616 4105 790 4155 aedificatum
810 4112 851 4155 est
872 4104 904 4165 0,
932 4104 1005 4153 XXI.
1024 4103 1058 4153 B.
1149 4099 1344 4167 Senatorium]
1365 4105 1531 4154 horatorium
1551 4105 1605 4154 ΡΙ.
1696 4108 1828 4157 canonice
1848 4107 1881 4161 Β.
1900 4108 1932 4158 F.
2024 4113 2143 4163 sintice
2163 4113 2197 4164 Β.
2216 4125 2244 4165 ω

546 4196 579 4244 10
597 4209 646 4258 pro
665 4193 732 4244 deest
751 4193 805 4242 ΡΙ.
860 4187 1012 4256 dioceseos]
1026 4193 1186 4244 dioeceseos
1207 4192 1239 4253 Β,
1259 4193 1358 4243 docere
1378 4210 1426 4243 eos
1445 4193 1478 4242 F.
1539 4195 1626 4245 honae
1640 4190 1818 4261 auctoritatis]
1831 4197 1945 4248 idoncos
1958 4203 2122 4252 auctoritate
2142 4201 2196 4252 ΡΙ.

545 4283 616 4334 bone
636 4281 669 4331 F.
724 4281 879 4332 dimissoria
899 4281 932 4331 Β.-
996 4284 1024 4332 11
1047 4280 1147 4331 malum
1167 4281 1221 4342 ΡΙ.
1277 4276 1314 4345 et]
1334 4281 1368 4331 ad
1387 4281 1447 4331 odd.
1467 4281 1500 4332 B.
1555 4284 1653 4334 iustam
1671 4281 1861 4349 reverentiam]
1879 4288 1952 4338 iusta
1971 4291 2123 4341 reverentia
2142 4290 2195 4341 ΡΙ.

546 4372 624 4421 iuxta
651 4372 831 4422 reverentiam
852 4371 884 4420 0.
903 4369 935 4421 L.
1011 4373 1042 4420 12
1069 4371 1205 4436 episcopis
1226 4370 1256 4420 F.
1329 4371 1489 4422 obedienter
1508 4370 1540 4421 B.
1560 4371 1592 4421 F.
1610 4398 1646 4406 -
1666 4397 1697 4407 —-
1719 4376 1752 4424 18
1771 4371 1929 4441 oratorium]
1955 4378 2122 4429 horatorium
2143 4380 2196 4431 1'3.

545 4461 696 4510 canonicae
715 4460 779 4509 Ma.
835 4459 945 4509 domino
965 4459 1028 4509 Mn.
1094 4463 1125 4508 14
1145 4460 1231 4509 invite
1251 4459 1342 4509 ΡΗ.
1399 4459 1480 4510 liceat
1497 4460 1561 4511 M3.
1623 4464 1655 4512 15
1675 4464 1837 4514 comendare
1858 4465 1911 4515 Va.
1966 4467 2085 4518 addecet
2104 4469 2196 4528 vas,

544 4564 561 4599 s
580 4548 643 4599 lta.
716 4543 905 4612 oboedienter]
925 4549 1069 4598 obviantes
1088 4548 1152 4597 112.
1174 4548 1226 4607 l'2,
1247 4556 1362 4598 ovanter
1380 4548 1433 4599 ΡΒ.
2216 4568 2243 4608 aa

651 4672 740 4722 XXII.
771 4675 803 4722 16
817 4672 913 4722 XXII.
938 4666 1125 4732 De-lacta]
1153 4671 1189 4721 ito
1209 4672 1233 4718 V
1239 4678 1262 4723 1.
1284 4673 1315 4726 G.
1343 4672 1434 4722 XXII.
1460 4674 1698 4726 De-ecclesiae
1718 4677 1791 4728 lacta
1809 4677 1841 4732 F,
1869 4679 1959 4729 XXII.
1985 4681 2027 4731 De
2053 4683 2195 4733 invasione

545 4762 621 4826 quasi
642 4763 669 4810 in
688 4767 765 4827 parte
786 4760 920 4812 ccclesiae
940 4762 1014 4811 faeta
1033 4760 1064 4816 L.
1084 4760 1173 4810 XXII.
1192 4760 1226 4810 B.
1288 4763 1318 4812 l'l
1339 4769 1523 4827 conprovatns
1543 4764 1596 4824 ΡΙ,
1616 4766 1800 4828 conprobator
1818 4765 1849 4816 F.
1905 4768 2039 4820 ecclesiae
2059 4770 2092 4821 B.
2112 4770 2145 4821 F.
2165 4771 2196 4822 L.

544 4867 574 4900 se
594 4852 683 4912 egisse
702 4867 732 4900 ec
751 4851 870 4900 erexisse
889 4867 953 4900 corr.
973 4848 1026 4898 ΡΙ.
1116 4851 1225 4914 privata
1242 4859 1402 4914 capraram
1420 4869 1483 4901 corr.
1505 4852 1556 4901 ΡΙ.
1648 4869 1704 4903 rem
1724 4853 1756 4904 F.
1850 4857 1881 4905 18
1907 4859 2072 4920 pertinentes
2091 4859 2145 4912 ΡΙ.
2165 4859 2196 4910 F.

545 4933 589 5002 ab]
609 4938 643 4988 ad
663 4937 694 4988 P.
748 4938 876 4990 heredem
897 4938 949 4998 ΡΙ,
969 4938 1086 4988 haerede
1106 4937 1139 4996 B,
1159 4938 1273 4988 heredes
1287 4938 1319 4988 F.
1333 4938 1365 4988 L.
1420 4935 1610 5005 intaliculpa]
1630 4942 1742 4992 itucum
1763 4942 1816 4994 ΡΙ.
1873 4948 1905 4996 19
1924 4949 2056 4998 canonice
2069 4948 2103 4999 Β.
2117 4948 2149 4998 F.
2164 4948 2195 5000 G.

545 5026 674 5078 eclesiam
700 5027 754 5088 ΡΙ,
783 5025 901 5078 ecclesia
927 5026 961 5077 Β.
981 5026 1013 5088 L,
1041 5024 1160 5077 aeclesia
1181 5029 1212 5075 (ι’.
1286 5029 1457 5078 commissam
1480 5029 1533 5079 ΡΙ.
1606 5032 1641 5081 20
1660 5032 1777 5098 dampno
1798 5031 1827 5083 F.
1849 5057 1880 5067 -
1903 5059 1934 5068 -
1955 5037 1986 5085 21
2008 5031 2117 5104 quis]q
2143 5039 2195 5088 ΡΙ.
2214 5047 2242 5089 to

545 5133 587 5167 res
607 5115 637 5166 P.
660 5116 712 5165 ΡΙ.
777 5114 910 5167 ecclesiae
931 5115 985 5165 ΡΙ.
1005 5116 1036 5165 P.
1056 5115 1109 5175 ΡΙ,
1130 5114 1283 5165 aecclesiae
1304 5116 1327 5164 V
1332 5121 1357 5172 3,
1378 5115 1495 5167 eclesiae
1514 5118 1548 5167 M
1553 5122 1578 5168 3.
1591 5123 1616 5168 t.
1680 5116 1794 5185 suoque]
1814 5138 1921 5187 quoque
1942 5124 1995 5173 I'z’.
2062 5123 2195 5192 solvetur]

544 5203 666 5254 salvetur
686 5205 739 5255 Ρ3.
759 5205 793 5255 M
799 5209 823 5256 3.
837 5211 862 5254 4.
883 5205 936 5253 ΡΙ.
1009 5206 1135 5254 invasum
1154 5204 1187 5254 M
1193 5209 1218 5254 3.
1232 5209 1257 5254 Ι.
1277 5204 1307 5254 P.
1328 5204 1381 5255 ΡΙ.

651 5329 756 5379 XXIII.
785 5332 819 5380 22
839 5330 945 5379 XXIII.
965 5330 1055 5379 De-
1070 5322 1147 5392 locis]
1161 5329 1197 5378 ita
1217 5328 1270 5388 ΡΙ,
1291 5329 1397 5379 XXIII.
1417 5330 1459 5380 De
1473 5331 1648 5382 senodochiis
1661 5358 1694 5366 —
1708 5332 1776 5384 locis
1796 5334 1826 5398 F,
1846 5336 1948 5387 XXIII.
1969 5339 2010 5389 De
2024 5341 2196 5392 senedochiis

546 5425 573 5468 et
592 5416 652 5468 aliis
671 5418 805 5469 similibus
826 5417 893 5470 locis
915 5421 947 5478 (ι’,
975 5418 1080 5468 XXIII.
1101 5419 1142 5468 De
1162 5417 1324 5467 xenodoxiis
1345 5426 1371 5469 et
1390 5417 1452 5469 aliis
1471 5421 1583 5470 simibus
1603 5416 1645 5482 (Lz
1665 5421 1810 5486 similibus]
1830 5424 1862 5482 L,
1890 5425 1933 5475 aba·
1950 5437 2089 5492 sequanam
2107 5429 2196 5481 Xeno-

546 5507 644 5557 dochia
669 5515 696 5557 et
722 5506 828 5573 reliqua
853 5507 924 5573 quari
948 5525 1004 5558 cum
1030 5515 1097 5558 textu
1123 5506 1176 5572 ipso
1200 5506 1290 5571 sumtis
1306 5507 1470 5567 cohaerentia,
1499 5508 1605 5558 XXIII.
1624 5509 1657 5570 B,
1687 5511 1735 5577 Cp.
1755 5512 1816 5563 v11.
1835 5514 2028 5567 Esenodochia
2047 5525 2073 5568 et
2092 5517 2196 5583 requus
2213 5527 2241 5568 so

545 5597 712 5646 monasteria
730 5614 787 5646 cuns
806 5604 872 5646 tectu
891 5596 979 5661 capitis
997 5596 1153 5647 oohomeutia
1167 5596 1270 5660 praebet
1289 5596 1319 5646 d!
1328 5603 1352 5646 1.

656 5815 684 5880 1)
712 5812 760 5884 Cf.
783 5813 817 5871 U.
835 5813 922 5884 Sarte,
947 5815 965 5869 l.
990 5815 1009 5869 l.
1034 5813 1137 5884 I‚259
1148 5833 1209 5889 sqq.
1303 5812 1333 5881 2)
1361 5812 1409 5885 Of.
1434 5833 1458 5870 c.
1477 5817 1516 5873 33
1541 5813 1573 5872 C.
1591 5818 1630 5875 16
1653 5837 1698 5893 qu.
1718 5820 1745 5876 7.
