4884 6717
738 552 789 612 50.
826 553 1046 612 CONCILIUM
1068 553 1296 610 PARISIENSE
1320 554 1357 609 Α.
1378 552 1454 611 829.
1858 547 1923 610 643

267 737 434 820 hahentes,
459 739 604 826 singulos
626 738 770 805 babeant
793 738 1032 827 praesbyteros.
1080 740 1116 806 Si
1146 762 1224 805 vero
1255 738 1369 826 plebes
1400 739 1575 805 habuerint
1605 753 1637 805 et
1662 738 1770 820 rebus,
1803 740 1923 827 quibus

266 847 442 911 consistere
477 848 613 933 possint,
644 849 817 929 caruerint,
854 848 888 910 in
921 845 1054 912 arbitrio
1091 849 1318 934 episcoporum
1353 846 1484 934 pendet,
1520 857 1627 912 utrum
1663 849 1708 912 ita
1743 848 1922 912 consistere

266 950 407 1017 debeant
431 965 486 1018 aut
509 955 634 1040 possint
657 976 771 1018 necne.
818 953 891 1018 Hoc
915 964 1023 1018 tamen
1048 953 1235 1041 specialiter
1258 976 1370 1018 esrum
1398 952 1560 1018 sollertiae
1593 951 1831 1040 providendum
1862 965 1921 1034 est,

265 1071 300 1123 ut
322 1059 384 1124 bac
416 1061 588 1125 occasione
619 1060 726 1124 nullus
755 1058 949 1147 praesbyter
979 1060 1060 1126 duas
1095 1071 1151 1125 aut
1185 1072 1250 1125 tres
1286 1061 1444 1125 avaritiae
1481 1083 1590 1139 causa,
1622 1058 1739 1147 quihus
1771 1059 1921 1125 sufficere

233 1165 444 1231 saecundum
468 1165 614 1231 divinum
639 1166 761 1232 cultum
785 1166 969 1231 nullatenus
993 1177 1109 1253 potest,
1134 1167 1255 1231 hahere
1279 1166 1398 1231 audeat
1422 1165 1575 1232 basilicas
1587 1173 1607 1231 ¹.

371 1307 475 1395 Cap.
509 1308 548 1372 L.
610 1309 674 1373 De
699 1307 1050 1373 observatione
1084 1308 1183 1372 diei
1216 1309 1459 1373 dominici.
1512 1309 1632 1374 Null0²
1662 1308 1758 1374 modo
1789 1309 1921 1374 divinae

265 1417 448 1480 auctoritati
473 1414 661 1494 concordat,
686 1413 773 1502 quod
797 1414 912 1501 religio
930 1414 1127 1494 Christiana,
1152 1416 1236 1479 sicut
1260 1438 1280 1479 a
1304 1417 1425 1480 sanctis
1449 1414 1596 1502 patribus
1621 1414 1774 1479 traditum
1791 1417 1921 1502 accepit

265 1534 297 1586 et
320 1522 479 1587 ecclesiae
502 1524 679 1587 auctoritas
711 1545 745 1586 se
776 1521 886 1602 hahet,
923 1520 1009 1586 dienr
1045 1521 1254 1602 dominicum,
1290 1523 1324 1586 in
1360 1545 1423 1609 qno
1459 1535 1573 1588 auctor
1607 1523 1695 1586 vitae
1730 1545 1750 1586 a
1784 1524 1919 1587 mortuis

263 1631 451 1712 resurrexit,
475 1641 663 1694 reverenter
685 1627 981 1715 venerabiliterque
1005 1652 1071 1693 non
1095 1628 1181 1693 colit.
1221 1628 1406 1715 Utcumque
1430 1631 1517 1693 enim
1533 1651 1553 1693 a
1569 1627 1764 1716 quibusdam
1781 1628 1921 1694 dominis

220 1760 246 1799 ro
264 1736 449 1801 venerando
474 1734 630 1800 custodiri
653 1736 793 1817 videtur,
825 1734 882 1799 sed
913 1758 933 1798 a
968 1737 1134 1800 conservis
1170 1736 1303 1800 servitio
1338 1758 1450 1800 eorrnn
1484 1737 1606 1821 pressis
1641 1758 1775 1822 perraro
1810 1735 1921 1801 debito

264 1843 385 1908 honore
409 1842 472 1907 coli
495 1843 670 1907 invenitur.
708 1842 852 1928 Paganis
876 1854 985 1906 autem
1009 1843 1107 1906 moris
1130 1841 1191 1905 fuit
1215 1841 1257 1907 ob
1281 1844 1471 1907 memoriam
1495 1852 1527 1906 et
1550 1843 1768 1906 reverentiam
1785 1842 1921 1908 deorum

264 1972 394 2015 suorum
417 1947 488 2013 dies
512 1948 637 2030 colere,
662 1971 739 2013 nam
762 1958 795 2012 et
818 1946 950 2012 Iudaeis
967 1947 1153 2012 carnalibus
1170 1950 1267 2012 moris
1285 1961 1334 2012 est
1351 1947 1523 2013 sabbatum
1540 1949 1715 2013 carnaliter
1731 1947 1920 2014 ohservare.

264 2055 522 2121 Christianorum
544 2077 642 2142 porro
667 2054 838 2140 religiosae
864 2054 1057 2134 devotionis,
1082 2077 1177 2141 quae,
1201 2067 1237 2119 ut
1261 2055 1414 2136 creditur,
1440 2077 1482 2119 ex
1499 2056 1717 2142 apostolorum
1733 2054 1919 2139 traditione,

263 2165 360 2227 immo
385 2161 543 2227 ecclesiae
568 2163 761 2226 auctoritate
786 2160 966 2240 descendit,
991 2185 1060 2225 mos
1085 2160 1231 2242 inolevit,
1262 2172 1297 2225 ut
1327 2160 1369 2226 ob
1400 2163 1589 2227 memoriam
1619 2161 1781 2227 dominice
1812 2185 1920 2226 resur·

219 2292 245 2332 rs
263 2271 416 2334 rectionis
440 2267 527 2333 diem
551 2267 749 2333 dominicum
772 2266 1004 2333 venerabiliter
1027 2278 1124 2354 atque
1148 2266 1380 2332 honorabiliter
1404 2268 1499 2350 colat,
1524 2270 1677 2355 quoniam
1702 2290 1740 2333 eo
1757 2267 1811 2332 die
1827 2268 1920 2333 Deus

263 2376 370 2441 lucem
392 2374 506 2440 mundi
529 2373 685 2456 condidit,
710 2397 748 2439 eo
773 2373 837 2455 die,
868 2385 903 2439 ut
927 2374 1049 2438 dictum
1080 2385 1138 2452 est,
1171 2372 1319 2439 Christus
1351 2396 1371 2438 a
1404 2377 1540 2440 mortuis
1570 2376 1759 2458 resurrexit,
1795 2397 1833 2440 eo
1865 2375 1919 2442 die

263 2481 455 2569 paraclitum
473 2481 630 2568 Spiritum
653 2492 801 2546 sanctum
824 2480 979 2567 apostolis
1004 2481 1091 2545 misit
1114 2480 1155 2544 de
1180 2480 1291 2563 caelis,
1316 2503 1354 2545 eo
1378 2480 1442 2562 die,
1466 2493 1544 2546 uta
1568 2481 1763 2569 quibusdam
1779 2481 1919 2548 doctori·

264 2589 347 2654 bus³
370 2587 519 2663 traditur,
543 2610 663 2653 rnanna
686 2586 770 2673 pluit
793 2587 833 2651 de
864 2588 945 2652 celo.
1002 2588 1096 2652 Haec
1128 2598 1160 2652 et
1187 2587 1238 2652 his
1269 2587 1387 2652 similia
1417 2588 1541 2675 liquido
1576 2589 1797 2653 demonstrant
1831 2588 1917 2654 hunc

264 2696 350 2760 diem
382 2696 520 2759 caeteris
551 2693 666 2759 diebus
695 2693 909 2759 celebriorem
942 2705 974 2759 et
1004 2693 1276 2759 venerabiliorem
1311 2694 1389 2760 fore.
1448 2695 1544 2761 Unde
1580 2706 1717 2778 constat,
1753 2697 1916 2782 quoniam,

218 2803 348 2867 sesicut
370 2800 526 2867 nonnulla
550 2801 615 2866 alia
638 2823 658 2864 a
681 2800 840 2887 religione
857 2799 1043 2864 Christiana
1066 2811 1200 2887 propter
1223 2823 1368 2866 amorem
1392 2811 1424 2866 ct
1447 2800 1697 2867 delectationem
1713 2802 1827 2867 mundi
1843 2825 1917 2890 pro-

263 2910 416 2996 pn'asque
439 2908 599 2973 humanas
630 2906 864 2973 delectationes
889 2918 921 2970 et
950 2907 1172 2993 pravissimas,
1202 2909 1302 2972 immo
1331 2907 1624 2994 periculosissimas
1655 2908 1917 2988 consuetudines,

265 3038 347 3103 qnae
372 3017 437 3080 iam
466 3038 525 3102 pro
556 3015 628 3101 lege
659 3013 830 3095 hahentur,
865 3027 1080 3094 recesserunt,
1115 3014 1161 3077 ita
1196 3036 1325 3100 quoque
1360 3015 1442 3079 tanti
1477 3014 1542 3079 diei
1578 3016 1745 3080 veneratio
1781 3013 1823 3080 ab
1857 3039 1919 3080 usu

264 3121 509 3187 christianitatis
537 3143 657 3207 magna
686 3143 728 3185 ex
752 3131 844 3207 parte
868 3121 1050 3184 recesserit.
1097 3119 1192 3184 Multi
1215 3143 1355 3207 namque
1379 3133 1563 3186 nostrorum
1587 3123 1669 3202 visu,
1700 3121 1792 3187 multi
1820 3124 1918 3187 etiam

264 3229 467 3316 quorundam
490 3227 595 3293 relatu
622 3226 796 3291 didicimus
827 3226 985 3313 quosdam
1016 3227 1048 3290 in
1079 3226 1141 3290 bac
1177 3226 1231 3291 die
1265 3227 1387 3291 ruralia
1422 3250 1521 3314 opera
1557 3242 1748 3293 exercentes
1783 3228 1918 3294 fulmine

218 3359 246 3399 es
264 3337 485 3422 interemptos,
510 3334 667 3422 quosdam
692 3344 819 3398 artuum
844 3334 1066 3398 contractione
1091 3332 1252 3414 multatos,
1278 3334 1436 3420 quosdam
1460 3336 1568 3416 etiam,
1593 3334 1714 3399 visibili
1743 3336 1818 3421 igne
1849 3357 1918 3399 cor·

264 3441 396 3529 poribus
423 3440 616 3527 ossibusque
647 3439 743 3505 simul
774 3438 834 3505 sub
870 3450 1032 3504 momento
1067 3438 1258 3526 absumptis,
1292 3441 1326 3504 in
1361 3442 1505 3506 cinerem
1541 3440 1582 3506 de
1617 3439 1724 3506 subito
1759 3441 1919 3522 resolutis,

264 3548 445 3636 poenaliter
468 3545 672 3613 occubuisse.
718 3546 762 3611 Et
785 3545 886 3610 multa
909 3545 974 3610 alia
997 3545 1155 3611 terribilia
1178 3546 1301 3612 indicia
1325 3549 1503 3613 extiterunt
1526 3561 1558 3613 et
1582 3547 1739 3614 hactenns
1763 3551 1918 3628 existunt,

265 3653 382 3742 quihus
421 3653 620 3735 declaratur,
661 3653 747 3740 quod
786 3652 878 3717 Deus
921 3654 955 3716 in
992 3654 1073 3717 tanti
1117 3652 1182 3717 diei
1224 3652 1479 3719 dehonoratione
1521 3655 1715 3720 offendatur.
1776 3654 1919 3720 Proinde

264 3760 413 3826 omnihus
436 3760 531 3827 nohis
555 3761 662 3825 visum
686 3770 744 3842 est,
769 3770 804 3824 ut
827 3760 967 3846 primum
992 3759 1188 3840 sacerdotes,
1217 3772 1331 3845 postea
1361 3783 1456 3846 reges
1487 3774 1519 3826 et
1548 3764 1714 3850 principes
1745 3763 1919 3849 cunctique

219 3893 247 3932 so
264 3866 376 3933 fideles
400 3890 604 3954 summopere
628 3877 815 3953 procurent,
839 3877 875 3930 nt
898 3866 979 3930 tanti
1003 3865 1068 3930 diei
1093 3865 1203 3931 dehita
1228 3866 1413 3933 observatio
1437 3867 1654 3956 religiosaque
1675 3868 1816 3951 devotio,
1833 3892 1919 3934 nunc

264 3997 364 4062 esque
387 3998 507 4061 magna
531 3985 690 4061 exparte
715 3973 875 4059 neglecta,
899 3972 1018 4038 abhinc
1043 3971 1085 4038 oh
1109 3973 1238 4058 insigne
1262 3973 1507 4040 christianitatis
1534 3975 1684 4039 devotius
1715 3973 1918 4040 exhibeatur.

265 4081 300 4148 Si
324 4103 403 4167 ergo
425 4081 550 4163 Iudaei,
575 4103 714 4167 quorum
737 4079 844 4145 adhuc
871 4081 984 4165 iugum
1013 4078 1095 4164 legis
1126 4078 1302 4144 carnaliter
1332 4083 1478 4146 cervices
1509 4083 1656 4169 praemit,
1687 4104 1707 4146 a
1738 4104 1811 4169 qne,
1843 4084 1920 4168 quia

264 4186 387 4269 nolunt,
412 4186 532 4252 Christi
557 4211 612 4253 eos
635 4187 743 4273 gratia
765 4208 831 4250 non
854 4183 981 4266 liberat,
1006 4183 1180 4250 sabbatum
1210 4185 1386 4251 carnaliter
1416 4187 1636 4253 custodientes
1667 4210 1705 4253 eo
1737 4187 1800 4266 die,
1832 4187 1920 4253 nulla

265 4304 424 4381 potestate
447 4304 577 4359 terrena
600 4292 815 4380 conpellente,
840 4290 881 4355 ab
906 4289 1059 4379 operibus
1082 4290 1243 4356 ruralibus
1268 4315 1302 4357 se
1326 4292 1500 4374 abstinent,
1526 4297 1773 4381 quantomagis
1799 4293 1919 4360 Christi

220 4425 247 4466 se
265 4402 371 4488 gratia
393 4401 570 4487 redemptis
594 4401 757 4480 convenit,
781 4410 817 4464 ut
840 4421 878 4463 eo
904 4398 966 4480 die,
984 4421 1048 4484 quo
1065 4409 1179 4463 auctor
1194 4400 1281 4463 vitae
1298 4403 1476 4465 resmrexit
1493 4402 1604 4487 eisque
1621 4423 1713 4488 spem
1728 4400 1919 4486 resurgendi

266 4508 437 4590 concessit,
461 4506 503 4572 ab
526 4507 587 4589 bis,
613 4530 695 4593 quae
720 4507 901 4593 praemissa
924 4516 1008 4584 sunt,
1033 4527 1067 4570 se
1091 4504 1278 4571 abstineant
1300 4517 1332 4571 et
1355 4506 1558 4572 solummodo
1575 4506 1774 4594 spiritalibus
1791 4507 1919 4594 gaudiis

266 4614 385 4702 repleri
408 4616 610 4701 canticisque
633 4612 836 4700 hymnigeris
860 4623 893 4676 et
915 4610 1066 4677 laudibus
1091 4610 1285 4677 caelestibus
1310 4624 1376 4678 toto
1400 4612 1508 4678 cordis
1538 4613 1655 4680 adnisu
1685 4637 1804 4679 vacare
1836 4626 1919 4679 sata·

266 4733 354 4808 gant.
409 4723 617 4808 Quapropter
640 4720 828 4807 specialiter
850 4730 946 4806 atque
970 4717 1134 4783 humiliter
1156 4741 1177 4782 a
1200 4718 1424 4785 sacerdotibus
1448 4719 1624 4807 imperialis
1649 4720 1806 4785 celsitudo
1829 4719 1920 4806 dagi-

267 4828 366 4892 tanda
389 4839 447 4910 est,
470 4839 506 4891 ut
529 4828 599 4892 eius
623 4825 731 4891 aDeo
756 4825 905 4891 ordinata
928 4835 1071 4911 potestas
1095 4823 1137 4889 ob
1161 4824 1317 4890 honorem
1333 4839 1366 4891 et
1382 4830 1599 4893 reverentiam
1615 4829 1696 4892 tanti
1713 4827 1778 4892 diei
1795 4827 1920 4892 cunctis

220 4960 250 4999 (ο
268 4947 387 4999 metum
411 4934 557 5014 incutiat,
581 4956 622 4997 ne
646 4934 680 4996 in
703 4931 765 4997 hac
789 4944 903 4997 sancta
926 4930 1106 4996 venerabili
1129 4930 1182 4997 die
1206 4945 1379 5015 mercatus,
1409 4933 1532 5020 placite
1559 4945 1591 4999 et
1620 4933 1740 4999 ruralia
1771 4955 1920 5021 quaeque

268 5062 368 5126 opera
390 5062 517 5105 necnon
541 5049 574 5104 et
597 5038 760 5126 quaslibet
783 5040 1017 5125 carrigationes
1041 5037 1137 5104 ullius
1161 5038 1357 5105 conditionis
1383 5040 1531 5105 homines
1561 5040 1670 5105 facere
1701 5051 1920 5127 praesumant,

269 5148 431 5234 quoniam,
456 5146 532 5211 dum
556 5145 638 5210 haec
662 5157 773 5232 agunt,
798 5157 830 5211 et
854 5145 953 5211 decus
978 5145 1222 5211 christianitatis
1247 5145 1420 5212 obfuscant
1444 5158 1476 5212 et
1499 5170 1616 5213 nornen
1634 5147 1754 5212 Christi
1771 5146 1920 5235 blasphe-

374 5402 405 5451 L.
442 5402 456 5452 1
477 5401 638 5452 auctoritate
664 5400 691 5449 l'.
712 5398 743 5449 P.
834 5394 908 5464 Ssc]
929 5402 951 5449 si
977 5400 1004 5449 Γ.
1098 5403 1129 5449 14
1153 5399 1269 5451 eclesiae
1296 5401 1323 5451 V.
1414 5409 1444 5452 ut
1463 5402 1529 5452 deest
1548 5401 1577 5453 P.
1671 5397 1790 5466 latore]
1810 5404 1868 5453 sero
1894 5402 1922 5452 Γ.

269 5492 302 5542 26
321 5485 411 5554 mmai]
430 5488 581 5555 simulquae
600 5488 680 5540 simul
701 5489 729 5539 Γ.
811 5483 855 5551 de]
875 5497 906 5539 ut
925 5489 952 5539 V.
1035 5491 1070 5540 30
1088 5495 1164 5541 tanto
1185 5490 1213 5541 Γ.
1232 5489 1263 5540 Ρ.
1341 5493 1375 5541 35
1395 5490 1438 5560 die
1459 5491 1486 5540 Γ.
1565 5485 1649 5554 vitae]
1670 5492 1706 5541 ita
1726 5491 1753 5552 Ρ,
1779 5492 1871 5542 mundi
1891 5492 1922 5544 P.

222 5589 251 5629 a
269 5581 302 5631 ar
321 5580 480 5645 manages
501 5579 528 5630 r.

380 5797 409 5864 1)
434 5793 484 5867 Os.
514 5795 547 5852 ζ’.
573 5796 660 5866 State,
686 5797 704 5852 l.
728 5798 746 5853 I.
772 5795 877 5865 I,256
900 5815 969 5853 arra.
988 5799 1037 5854 66.
1134 5795 1164 5864 Ξ)
1190 5793 1239 5866 Cs.
1265 5795 1364 5854 relatio
1388 5797 1580 5872 episcoporum
1605 5818 1628 5854 c.
1645 5801 1706 5866 ‹15,·
1730 5799 1748 5855 1.
1772 5798 1791 5854 l.
1815 5798 1921 5869 ΙΙ,41.

272 5900 302 5970 3)
327 5902 375 5958 Ad
394 5921 465 5978 quoe
485 5901 654 5972 rerrrittotur,
678 5922 735 5960 sorr
757 5902 860 5960 intrent.

1659 6021 1710 6077 81*
