4884 6717
610 491 675 554 504
1079 497 1132 553 44.
1168 498 1388 555 CONCILIUM
1410 497 1638 555 PARISIENSF.
1662 499 1699 553 A.
1720 496 1795 554 825.

609 695 705 750 iacens
735 695 827 750 eibum
857 694 983 750 habebat
1012 712 1090 762 oves,
1122 712 1232 767 capras,
1264 714 1364 767 equos,
1394 696 1483 751 boves
1514 702 1545 749 et
1573 694 1700 749 homines
1730 694 1868 766 arripiens
1896 695 2063 749 devorabat.
2110 694 2156 748 Ad
2181 713 2271 766 quam

609 801 730 858 bestiam
746 801 876 856 Donatus
892 801 953 856 sine
970 801 1077 872 gladio,
1101 802 1162 858 sine
1187 803 1316 873 quolibet
1339 802 1431 857 iaculo
1455 802 1583 869 veniens,
1608 802 1675 855 dum
1698 801 1748 856 illa
1769 801 1896 856 levasset
1920 807 2007 872 caput
2030 802 2111 872 quasi
2134 810 2271 856 voratura

609 909 707 975 virum,
739 915 807 962 tunc
836 908 885 962 ille
909 907 1043 964 vexillum
1073 909 1164 964 crucis
1187 917 1255 963 ante
1279 909 1381 964 faciem
1406 910 1467 964 eius
1491 909 1581 980 digito
1604 909 1757 980 designans
1781 909 1810 962 in
1833 925 1911 974 aere,
1942 909 1971 962 in
2001 925 2033 962 os
2063 909 2125 963 eius
2149 909 2267 979 expuit,

608 1015 702 1071 bestia
724 1033 792 1070 vero
815 1023 930 1087 sputum
954 1033 1017 1070 mox
1040 1034 1088 1072 ore
1112 1034 1163 1070 suo
1186 1017 1345 1087 suscipiens
1370 1016 1518 1087 expiravit.

715 1130 840 1194 LXXI.
876 1129 1030 1195 Iohannis
1055 1129 1280 1217 Chrysostomi
1310 1131 1345 1194 in
1375 1129 1492 1194 omelia
1516 1129 1576 1193 XI.
1601 1128 1644 1193 de
1668 1152 1765 1194 emec
1796 1141 1829 1194 et
1851 1130 1993 1195 latrone:
2026 1135 2193 1195 Hodiema¹
2218 1140 2268 1194 die
2293 1151 2308 1190 s

608 1254 706 1302 noster
728 1247 865 1301 Dominus
889 1248 1028 1318 pependit
1051 1248 1079 1301 in
1102 1265 1197 1314 cruce,
1231 1254 1261 1300 et
1291 1264 1342 1301 nos
1373 1246 1561 1301 festivitatem
1584 1246 1685 1300 eximia
1706 1246 1818 1301 laetitia
1847 1247 2036 1314 celebramus,
2065 1255 2097 1301 ut
2127 1248 2268 1302 diseamus

609 1371 720 1408 crucem
743 1354 831 1408 totius
854 1353 989 1425 spiritalis
1012 1353 1209 1425 gratulationis
1235 1371 1297 1406 esse
1322 1353 1520 1408 substantiam.
1554 1353 1668 1407 Etenim
1684 1362 1751 1408 aute
1769 1354 1861 1424 ipsum
1877 1355 2044 1410 vocabulum
2059 1355 2150 1409 erucis
2173 1371 2269 1425 poena

608 1461 673 1528 fruit,
698 1461 749 1538 scd
773 1478 848 1514 nunc
872 1461 908 1514 ad
931 1460 1048 1531 gloriam
1071 1467 1267 1532 nuncupatum
1293 1468 1379 1515 antea
1399 1460 1643 1539 condemnationis
1667 1460 1780 1516 ferebat
1802 1460 1955 1527 horrorem,
1979 1479 2053 1516 nunc
2077 1461 2176 1516 salutis
2191 1461 2267 1515 indi·

609 1568 680 1623 cium
704 1573 758 1622 est.
806 1565 882 1620 Crux
907 1567 980 1620 enim
1004 1567 1084 1621 nobis
1108 1567 1196 1622 totius
1219 1567 1407 1622 beatitudiuis
1430 1585 1516 1622 causa
1540 1572 1598 1634 est3
1622 1567 1693 1622 hacc
1716 1584 1768 1621 nos
1791 1585 1809 1621 a
1831 1567 1972 1623 caecitate
1997 1568 2129 1622 liberarit
2154 1568 2267 1634 erroris,

607 1674 680 1728 haec
705 1681 733 1729 et
759 1692 793 1728 ex
817 1674 945 1728 tenebris
968 1674 1095 1728 reddidit
1118 1673 1186 1742 luci,
1216 1673 1288 1728 haec
1320 1673 1459 1729 ebellatos
1483 1674 1573 1745 quieti
1597 1674 1725 1740 sociavit,
1756 1674 1827 1729 haec
1858 1674 1997 1729 alienatos
2020 1675 2083 1728 Deo
2111 1675 2266 1741 coniunxit,
2288 1685 2316 1723 ro

608 1781 693 1853 louge
718 1781 888 1835 constitutos
910 1781 1048 1850 prosimos
1071 1782 1278 1851 praesentavit,
1302 1780 1373 1835 haec
1397 1781 1615 1852 peregrinantes
1638 1781 1715 1835 cives
1738 1782 1875 1848 ostendit,
1898 1782 1969 1836 haee
1993 1782 2150 1837 discordiae
2167 1799 2266 1852 ampu-

609 1888 679 1943 tatio
704 1893 759 1954 est,
783 1888 855 1943 haec
878 1888 956 1958 pacis
979 1886 1195 1954 fimramentum,
1217 1887 1289 1943 haee
1312 1889 1449 1942 bonorum
1471 1888 1593 1941 omnium
1616 1887 1731 1942 abunda
1753 1887 1876 1959 largitio.

716 1985 760 2048 Et
783 1996 856 2070 post
879 2007 987 2070 pauca
1009 1984 1042 2048 in
1067 1984 1183 2048 eadem
1206 1984 1341 2049 omelia:
1372 1991 1467 2048 Volo²
1490 1999 1521 2049 et
1545 1994 1601 2050 alia
1623 1994 1733 2049 ratione
1757 2012 1921 2066 cognoscas,
1953 2013 2065 2050 crucem
2095 1994 2181 2051 solam
2209 2012 2268 2049 non

609 2102 726 2172 reliquit
749 2102 777 2155 in
801 2108 889 2168 terra,
914 2102 965 2155 sed
989 2119 1086 2156 secum
1110 2119 1172 2156 eam
1196 2100 1302 2155 levavit
1326 2102 1362 2155 ad
1386 2100 1506 2155 caelum.
1543 2098 1612 2167 Sed,
1636 2101 1687 2166 ais,
1710 2101 1764 2155 hoc
1779 2102 1856 2156 unde
1873 2101 2105 2156 demonstratur?
2139 2102 2178 2155 Et
2200 2102 2267 2155 ideo

609 2210 686 2276 audi,
712 2209 798 2279 quod,
823 2226 885 2262 cum
909 2187 971 2279 ipsa
989 2208 1097 2276 veniet,
1122 2226 1185 2262 cum
1201 2207 1263 2279 ipsa
1278 2208 1432 2262 secundam
1447 2207 1596 2280 gloriosam
1612 2225 1690 2262 suam
1706 2208 1898 2278 praesentiam
1913 2208 2011 2275 faciet,
2036 2210 2101 2263 ideo
2117 2208 2267 2279 gloriosam
2288 2218 2317 2258 rs

610 2334 722 2371 crucem
745 2315 928 2388 nuncupavit.

716 2412 799 2475 Item
822 2421 896 2497 post
919 2434 1026 2497 pauca
1048 2412 1083 2474 in
1106 2411 1222 2475 eadem
1247 2411 1380 2475 omelia:
1414 2416 1475 2476 ΕΡ
1504 2428 1570 2476 mac
1598 2419 1707 2496 signem
1738 2419 1875 2477 videatur
1898 2421 1959 2498 filii
1984 2420 2103 2478 tumuistis
2125 2420 2155 2476 in
2179 2422 2267 2476 caelo.

610 2529 715 2584 Vidisti
737 2528 854 2599 gloriam
877 2527 961 2599 signi,
986 2528 1014 2581 id
1039 2535 1083 2583 est
1106 2527 1207 2594 crucis,
1233 2527 1298 2582 solis
1321 2527 1416 2582 lumen
1440 2528 1580 2583 reddetur
1602 2528 1761 2595 obscurum,
1786 2528 1870 2583 lunae
1886 2546 1942 2583 non
1959 2529 2073 2583 dabitur
2088 2530 2191 2600 gratia,
2214 2528 2268 2582 sed

610 2637 680 2690 illud
703 2634 826 2689 radiabit
851 2641 881 2688 et
903 2634 1029 2701 lucebit,
1055 2641 1085 2689 et
1109 2635 1182 2688 sieut
1205 2633 1405 2704 imperatorem
1428 2635 1532 2705 regalis
1556 2652 1659 2706 pompa
1682 2636 1831 2705 praeeedit
1850 2643 1880 2690 ct
1896 2636 2024 2690 militaris
2039 2637 2108 2691 ordo
2124 2642 2266 2706 praeunte

609 2743 713 2799 vexilla
734 2741 858 2796 humeris
881 2747 995 2812 portare
1020 2747 1230 2796 consueverunt
1255 2741 1343 2795 ethis
1360 2743 1420 2797 eius
1436 2741 1600 2796 declaratur
1614 2742 1764 2808 adventus,
1788 2743 1827 2796 sic
1843 2742 1964 2798 Domino
1980 2743 2017 2798 de
2033 2742 2113 2798 eaelo
2130 2742 2266 2797 veniente
2286 2758 2318 2796 ao

609 2850 773 2922 angelorum
797 2855 897 2903 coetus
928 2854 958 2902 et
988 2847 1219 2919 archangelorum
1243 2848 1395 2902 multitudo
1418 2848 1489 2902 illud
1518 2849 1629 2919 signum
1653 2847 1776 2903 humeris
1805 2857 1921 2919 portant
1945 2849 2064 2905 excelsis
2087 2857 2118 2904 et
2139 2848 2267 2920 regalem

610 2956 690 3011 nobis
713 2957 868 3012 adventum
892 2955 1033 3009 nuntiant.
1081 2953 1148 3008 Sola
1172 2954 1246 3008 enim
1271 2953 1375 3009 Christi
1400 2973 1467 3009 crux
1491 2961 1547 3022 est,
1579 2973 1652 3025 quae
1683 2955 1811 3010 dissolvit
1842 2956 1976 3010 tenebras
2001 2963 2031 3011 et
2053 2975 2172 3027 regnum
2196 2956 2266 3010 dae-

609 3081 720 3118 monum
745 3062 893 3133 dissipavit
917 3068 947 3117 et
970 3078 1080 3115 omnem
1104 3068 1242 3116 terrorem
1266 3062 1478 3134 malignantium
1502 3061 1637 3130 abstulit,
1663 3080 1731 3116 cmx
1746 3063 1928 3117 sanctitatem
1943 3063 2077 3134 providit,
2101 3081 2169 3116 crux
2184 3063 2266 3117 nobis

610 3169 652 3224 sol
674 3170 800 3224 institiae
824 3168 902 3224 facta
926 3173 980 3233 est,
1004 3173 1036 3220 ut
1058 3167 1218 3222 inluminati
1242 3147 1433 3223 miserimrdia
1463 3169 1523 3224 eius
1553 3168 1742 3240 glorificemus
1772 3176 1883 3239 patrem
1911 3177 1941 3224 ct
1964 3168 2052 3223 filium
2076 3177 2106 3224 et
2129 3168 2265 3240 Spiritum

610 3284 740 3332 sanctum
762 3276 791 3329 in
814 3274 930 3329 saecula
952 3274 1138 3329 saeculorum.
1186 3273 1289 3329 Amen.
2286 3290 2318 3330 κ

718 3389 859 3453 LXXII.
895 3389 978 3452 ltem
1001 3389 1157 3452 lobannis
1182 3386 1405 3475 Chrysostomi
1435 3390 1469 3453 in
1500 3389 1620 3454 omelia
1642 3390 1739 3454 XIII.
1764 3390 1804 3454 de
1830 3413 1926 3455 cruce
1951 3391 2130 3455 dominica:
2162 3396 2219 3455 Et*
2242 3402 2264 3455 si

611 3525 693 3562 nossc
724 3506 881 3572 desideras,
915 3505 1067 3572 carissime,
1100 3505 1235 3559 virtutem
1264 3508 1353 3560 erucis
1385 3513 1414 3560 et
1439 3515 1546 3577 quanta
1575 3514 1608 3560 ut
1631 3525 1746 3578 possum
1768 3508 1805 3562 ad
1829 3509 1889 3562 eius
1914 3509 2026 3564 laudem
2050 3508 2157 3574 dicere,
2181 3509 2263 3563 andi:

611 3614 687 3669 Crux
710 3630 776 3684 spes
793 3610 1022 3678 Christianorum,
1047 3630 1116 3666 crux
1138 3613 1307 3667 resurrectio
1323 3621 1504 3680 mortuorum,
1529 3632 1596 3668 crux
1619 3632 1766 3669 caecorum
1791 3615 1857 3680 dux,
1881 3633 1948 3668 crux
1971 3616 2186 3686 desperatorum
2208 3616 2264 3681 vis,

610 3740 678 3777 crux
700 3720 863 3776 claudorum
886 3719 1015 3787 baculus,
1040 3738 1107 3774 cmx
1131 3718 1285 3773 consolatio
1309 3738 1477 3790 pauperum,
1501 3739 1568 3774 crux
1584 3721 1739 3776 refrenatio
1756 3721 1884 3788 divitum,
1908 3739 1976 3776 crux
1992 3722 2149 3776 destructio
2164 3740 2263 3793 snper-

609 3812 718 3894 borum,
749 3845 817 3882 crux
846 3826 919 3881 male
950 3827 1103 3881 viventium
1126 3843 1230 3897 poena,
1263 3844 1329 3880 crux
1359 3828 1495 3881 adversus
1525 3828 1677 3883 daemones
1709 3828 1877 3901 triumphus,
1908 3846 1975 3883 crux
2002 3829 2126 3884 devictio
2150 3829 2263 3896 diaboli,
2278 3823 2318 3881 'so

610 3953 678 3988 crux
701 3934 914 3989 adolescentum
938 3934 1114 4005 pedagogus,
1139 3950 1206 3986 crux
1229 3933 1401 3987 sustentatio
1423 3933 1546 4005 inopum,
1572 3952 1639 3988 crux
1659 3954 1726 4005 spes
1741 3937 1967 4007 desperatorum,
1991 3955 2059 3990 cmx
2073 3937 2265 4008 navigantium

610 4042 795 4114 gubernator,
820 4059 885 4095 cmx
909 4040 1131 4111 periclitantium
1154 4047 1263 4110 portus,
1295 4058 1363 4093 crux
1386 4040 1563 4095 obsessorum
1587 4059 1692 4108 murus,
1723 4061 1791 4096 cmx
1812 4050 1897 4115 pater
1919 4043 2093 4111 orfanorum,
2123 4060 2190 4097 crux
2212 4044 2264 4096 de·

609 4148 706 4203 fensor
721 4149 878 4215 viduarum,
898 4166 965 4202 crux
981 4147 1116 4201 iustorum
1135 4147 1320 4212 consiliarius,
1346 4165 1413 4201 crux
1429 4147 1626 4202 tribulatorum
1641 4150 1766 4220 requies,
1792 4168 1860 4204 crux
1874 4150 2054 4221 parvulorum
2069 4157 2174 4216 custos,
2198 4167 2264 4204 crux

610 4256 731 4310 virorum
755 4261 852 4326 caput,
877 4272 944 4308 crux
967 4272 1067 4308 senum
1090 4252 1164 4320 finis,
1196 4268 1263 4308 crux
1293 4253 1388 4309 lumen
1416 4255 1445 4308 in
1468 4255 1596 4309 tenebris
1624 4256 1794 4324 sedentium,
1826 4274 1893 4311 crux
1923 4274 2022 4328 regum
2044 4255 2264 4328 magnificentia,

611 4380 678 4417 crux
702 4367 811 4416 scutum
833 4369 1017 4433 perpetuum,
1048 4379 1115 4415 crux
1146 4360 1352 4415 insensatorum
1377 4361 1527 4431 sapientia,
1559 4379 1625 4415 crux
1656 4361 1775 4417 libertas
1799 4380 1952 4430 servorum,
1976 4381 2043 4417 crux
2066 4364 2265 4435 imperatorum
2287 4374 2317 4414 so

610 4468 806 4540 phylosophia,
830 4486 897 4522 cmx
920 4467 967 4522 lex
989 4469 1147 4539 impiorum,
1171 4485 1239 4521 crux
1263 4468 1466 4539 prophetarum
1488 4469 1664 4539 praecentio,
1690 4487 1756 4523 crux
1772 4470 1952 4525 adnuntiatio
1974 4470 2174 4543 apostolorum,
2198 4488 2264 4524 crux

610 4583 765 4646 martyrum
786 4574 927 4646 gloriatio,
952 4593 1019 4628 crux
1035 4575 1231 4629 monachorum
1248 4574 1433 4641 abstinentia,
1457 4593 1524 4630 crux
1540 4577 1677 4647 virginum
1694 4578 1821 4639 castitas,
1845 4595 1913 4630 crux
1928 4577 2062 4648 gaudium
2077 4578 2264 4642 sacerdotum,

611 4700 679 4737 crux
703 4681 840 4736 eeclesiae
865 4681 1091 4747 fundamentum,
1116 4698 1182 4735 crnr
1205 4681 1281 4735 orbis
1305 4687 1399 4735 terrae
1423 4682 1547 4749 cautela,
1572 4701 1639 4736 crux
1662 4683 1831 4753 templorum
1855 4684 2021 4751 destrueti0,
2047 4701 2114 4738 crux
2129 4683 2264 4738 idolorum

611 4789 746 4859 repulsio,
770 4807 836 4842 erus
859 4788 1023 4842 scandalum
1046 4787 1226 4854 Iudaeorum,
1251 4806 1318 4841 crux
1342 4788 1465 4858 perditio
1488 4788 1644 4859 impiorum,
1669 4807 1735 4843 crux
1758 4790 1943 4844 invalidorum
1958 4790 2058 4857 virtus,
2082 4808 2149 4844 crux
2164 4807 2262 4861 aegro-

611 4896 732 4950 tantium
756 4896 892 4962 medicus,
917 4913 983 4949 crux
1008 4895 1169 4949 ornundatio
1193 4893 1377 4965 leprosomm,
1402 4913 1469 4948 crux
1492 4895 1701 4965 paraliticorum
1724 4896 1850 4966 requies,
1875 4914 1942 4950 crux
1966 4897 2150 4951 esurientium
2172 4897 2263 4967 panis,
2284 4906 2315 4946 ω

718 5141 816 5190 LXXI·
855 5143 870 5190 5
896 5133 1051 5204 Hodierna]
1077 5139 1135 5190 ioh.
1163 5139 1226 5188 Chr.
1251 5139 1279 5188 in
1298 5157 1376 5204 marg.
1404 5139 1434 5188 P.
1526 5141 1542 5188 6
1565 5139 1713 5190 festivitate
1735 5166 1767 5173 —
1787 5140 1920 5192 laetitiam
1939 5141 1970 5190 P.
2063 5143 2095 5191 15
2121 5141 2214 5192 audivi
2234 5140 2264 5190 P.

611 5230 759 5280 secundnm
779 5229 810 5279 P.
885 5232 916 5279 19
938 5228 1011 5279 lucet
1032 5225 1061 5278 P.

719 5319 832 5369 LXXII.
861 5321 896 5369 26
915 5314 959 5380 lit]
982 5319 1077 5368 Ioban.
1098 5317 1336 5382 (insanientem.
1359 5317 1388 5367 P.
1479 5319 1514 5367 30
1533 5318 1679 5368 daemonas
1699 5317 1730 5367 P.
1813 5320 1847 5368 36
1867 5314 2035 5385 praecentio]
2055 5320 2213 5388 preconatio
2234 5319 2265 5369 P.

723 5535 751 5603 1)
777 5534 918 5591 Iohannes
936 5532 1157 5608 Chrysostomus,
1182 5531 1308 5589 Hostilia
1326 5535 1341 5590 1
1363 5534 1396 5589 de
1412 5553 1494 5589 cruce
1509 5542 1535 5590 et
1549 5536 1660 5591 latrmtc
1675 5527 1699 5612 ἕ
1714 5539 1749 5603 1;
1774 5533 1848 5610 opp.
1866 5537 1908 5591 ed.
1928 5536 2120 5608 Montsaucon
2135 5535 2176 5606 II,
2192 5538 2266 5596 403.

614 5643 644 5711 2>
671 5641 715 5698 10.
738 5633 813 5718 §45
837 5643 855 5697 l.
873 5642 891 5697 l.
907 5640 949 5710 II,
966 5644 1037 5700 407.
1112 5638 1144 5710 3)
1168 5639 1244 5697 leid.
1267 5633 1326 5712 §4
1350 5639 1508 5700 inmitium
1533 5643 1551 5696 l.
1568 5641 1631 5710 22),
1656 5641 1766 5717 reliquo
1790 5642 1940 5716 compilata
1962 5651 2028 5699 sunt
2050 5661 2086 5700 eor
2109 5642 2223 5700 homilia
2247 5649 2269 5703 2
2290 5664 2322 5706 ss

613 5749 648 5804 dc
663 5766 745 5804 eece
760 5756 786 5804 et
800 5739 948 5824 lutrone§
965 5752 999 5816 1;
1022 5749 1040 5803 l.
1058 5749 1076 5802 l.
1095 5746 1135 5817 11,
1153 5750 1224 5807 408.
1242 5748 1310 5805 411.
1392 5745 1423 5816 4)
1448 5746 1496 5803 Ps.
1506 5777 1517 5786 -
1529 5745 1749 5821 Chrysostomes,
1775 5748 1874 5805 Sermo
1892 5749 1921 5805 in
1937 5748 2124 5806 veneuntes
2139 5769 2271 5818 crucem,-

614 5853 688 5930 opp.
715 5852 905 5928 Chrysostotui
926 5854 967 5924 II,
993 5858 1055 5914 812
1065 5874 1107 5932 sq.
