4884 6717
541 475 607 537 828
778 481 992 539 APPENDIX.
1042 482 1072 538 6.
1104 481 1325 539 CONCILIUM
1347 481 1611 539 NARBONENSE
1635 482 1809 540 SPURIUM
1831 483 1869 539 A.
1887 483 1962 539 788.

543 690 606 754 que
636 668 758 753 gradus
789 670 831 732 sit
853 669 905 733 vel
937 668 1058 733 ordinis
1087 681 1143 734 aut
1166 669 1266 733 officii
1290 669 1343 733 vel

541 774 709 860 dignitatis
741 785 797 840 aut
827 777 967 861 generis,
1004 777 1086 841 sciat
1121 799 1156 840 se
1191 776 1225 839 in
1261 777 1342 840 iram
1407 702 1701 967 s

540 881 629 946 beati
652 883 743 947 Petri
774 882 995 968 apostolorum
1024 884 1182 970 principis
1213 895 1247 946 et
1277 906 1342 946 orn-

542 991 632 1054 nium
656 999 841 1054 sanctorum
870 1000 903 1054 et
926 989 1193 1075 predecessorum
1218 999 1342 1054 nostro·
1399 1000 1440 1071 et,
1466 992 1663 1077 quicumque
1685 1001 1798 1056 contra
1813 990 1875 1055 hoc
1892 990 2061 1056 decretum
2077 1001 2201 1075 ageret,

541 1119 610 1159 rum
630 1118 781 1160 casurum
799 1106 830 1160 et
847 1096 1063 1160 anathematis
1079 1095 1209 1160 vinculo
1230 1096 1342 1182 damp·
1399 1107 1586 1162 anathematis
1609 1108 1722 1163 vinculo
1746 1120 1820 1162 eum
1843 1096 2015 1162 innodavit
2038 1107 2080 1179 ct,
2219 1124 2233 1164 s

540 1215 651 1266 natum
681 1203 917 1290 perpetualiter
946 1204 1119 1282 victurum,
1150 1204 1183 1266 in
1212 1225 1342 1267 excom·

541 1310 794 1374 manicationem
812 1332 941 1396 quoque
954 1309 1149 1374 universalis
1162 1309 1342 1374 aecclesiae
1416 1207 2041 1499 f

542 1426 574 1479 et
598 1416 708 1480 cuncti
731 1417 843 1503 populi
860 1415 1037 1480 Christiani
1054 1438 1271 1499 emersurum3
1295 1417 1343 1479 in-

540 1545 639 1608 super
669 1523 731 1586 nisi
756 1546 775 1586 a
798 1522 882 1588 malo
914 1524 1097 1609 resipuerit,
1128 1521 1343 1587 inrevocabili
1397 1532 1452 1587 nisi
1481 1521 1698 1607 resipisceret,
1729 1511 1805 1587 bona
1827 1532 1889 1586 eius
1912 1532 2104 1603 publicari
2127 1545 2200 1609 pre·

541 1628 641 1694 exilio
665 1631 820 1716 puniatur
835 1630 888 1694 vel
909 1629 1030 1694 ultimis
1055 1628 1224 1716 suppliciis
1248 1629 1343 1693 feria·
1399 1630 1496 1717 cepit.
2221 1659 2247 1697 ro

541 1747 602 1818 tur,
635 1747 667 1800 et
698 1736 784 1801 bona
807 1737 876 1801 eius
902 1735 1119 1823 publicentur.
1168 1735 1234 1816 Qui
1264 1758 1343 1801 vero

541 1845 595 1929 pio
618 1845 737 1908 intuitu
762 1855 870 1908 custos
888 1854 920 1907 ct
935 1843 1128 1908 observator
1142 1845 1175 1907 in
1193 1841 1343 1907 omnibus
1369 1889 1372 1940 Ι

541 1952 694 2032 extiterit,
730 1949 967 2016 benedictionis
1002 1952 1141 2037 gratiam
1175 1952 1342 2037 vitamque

541 2069 687 2122 eternam
724 2082 795 2122 cunr
832 2056 982 2121 omnibus
1016 2058 1137 2121 sanctis
1173 2059 1243 2121 sine
1278 2057 1342 2121 fine

540 2164 661 2229 habere
707 2174 870 2229 mereatur
916 2167 949 2228 in
996 2164 1106 2229 secula
1148 2164 1341 2229 seculorum.

540 2271 668 2336 Amen'.

1443 2473 1459 2519 4
1478 2463 1515 2533 et]
1534 2471 1558 2520 ei
1577 2475 1665 2520 antem
1683 2469 1718 2519 Ι).
1774 2464 1878 2535 ageret]
1895 2475 1967 2520 asset
1980 2469 2011 2519 P.
2024 2470 2046 2519 J
2050 2475 2072 2519 1.
2084 2473 2109 2519 2.
2124 2469 2155 2520 θ.
2169 2470 2199 2520 Ζ.

1398 2562 1414 2608 5
1441 2560 1622 2610 anathematis
1642 2584 1675 2593 —
1696 2554 1768 2621 eum]
1800 2557 1981 2610 anathematis
2006 2575 2067 2609 enm
2090 2557 2199 2609 vinculo

1398 2649 1420 2698 J
1424 2653 1448 2707 1,
1469 2648 1650 2698 anathematis
1668 2645 1779 2698 vinculo
1798 2649 1819 2697 J
1828 2651 1851 2697 2.
1928 2648 2131 2699 inundaverunt
2149 2648 2172 2698 J
2175 2653 2199 2699 1.

1399 2739 1414 2787 9
1434 2743 1631 2802 praeceperunt
1648 2737 1670 2786 l
1674 2742 1698 2787 1.
2218 2752 2245 2791 aa

662 3447 707 3555 6.
755 3444 1169 3555 OONOILIUM
1205 3443 1699 3557 NARBONENSE
1738 3443 2081 3557 SPURIUM.

1246 3661 1322 3728 788.
1346 3659 1417 3724 Iun.
1442 3662 1494 3724 27.

651 3880 824 3956 Iudicium
857 3892 895 3954 de
917 3894 1042 3979 finibus
1067 3891 1261 3978 parrochiae
1290 3892 1509 3957 *Narbonenses
1537 3894 1682 3979 spurium
1711 3917 1776 3956 3333
1799 3906 1828 3956 31
1849 3892 1966 3980 Hefele
1991 3891 2197 3974 (Concilion-

539 4001 713 4086 pesebiebte
737 3999 784 4063 ed.
809 4005 843 4065 2.
869 3999 935 4078 III,
953 4001 1034 4082 662)
1066 4014 1094 4062 31
1118 3998 1267 4062 Grbssler
1298 3999 1387 4078 (thie
1410 3999 1604 4086 Arcsrottunp
1633 3999 1688 4063 des
1711 3999 1976 4084 Adoptianieraus
2007 4002 2049 4063 im
2079 3999 2197 4064 lleielre

543 4108 646 4170 Karls
670 4107 724 4170 (les
750 4106 898 4185 Grossen,
922 4106 1159 4170 ‹labresberieltt
1180 4107 1257 4169 iiber
1281 4106 1340 4169 das
1365 4106 1574 4193 Gyninasiuni
1597 4131 1633 4169 aa
1656 4105 1820 4170 Eisleben’
1845 4105 2007 4189 18785‘79,
2025 4131 2061 4192 p·
2079 4113 2122 4172 45
2133 4109 2195 4191 sq.)
2215 4134 2243 4174 ts

430 4283 434 4290 ,
543 4229 649 4279 caretro
687 4214 878 4277 Frobeniurn
916 4213 1013 4298 (t'hrp.
1048 4213 1185 4276 Alesiai
1216 4212 1245 4292 I,
1280 4215 1359 4296 625)
1397 4214 1455 4277 liae
1485 4215 1685 4298 potissimum
1721 4216 1988 4299 arpumentatione
2022 4215 2197 4277 evicerunt:

542 4345 625 4384 (trino
652 4329 740 4400 788„
765 4344 824 4404 qao
849 4319 1014 4382 undecima
1041 4319 1182 4398 indietiO,
1207 4343 1267 4383 note
1286 4319 1472 4383 detodeeirno
1488 4321 1721 4400 ritiarerabotur,
1745 4319 1951 4383 KaroleisM.
1969 4320 2107 4384 nondam
2123 4321 2199 4408 fuit

545 4430 725 4513 imperator,
750 4429 840 4489 ertias
855 4451 956 4489 33333
972 4429 1065 4512 repsi
1077 4425 1210 4489 XXIII.
1229 4452 1248 4489 3
1266 4426 1318 4490 die
1335 4437 1366 4492 9.
1383 4429 1499 4491 areimis
1517 4425 1660 4490 Octobris
1678 4428 1760 4490 antei
1772 4426 1895 4489 derint-m
1914 4435 1989 4495 790.
2008 4429 2181 4512 incipiebat
2186 4452 2197 4508 ;

543 4549 721 4598 3333331313
753 4536 969 4619 episcoporum
1002 4546 1217 4620 cooperantem
1250 4559 1314 4597 3333
1344 4535 1458 4619 beqitor
1487 4534 1679 4619 praesertim
1709 4554 1768 4618 pro
1798 4531 1827 4594 F
1829 4531 1936 4615 eliciS,
1972 4532 2197 4619 Urgellitanao

543 4639 630 4703 sedis
662 4640 818 4726 episcopi,
850 4639 1004 4725 pestifero
1036 4638 1198 4723 dogmate,
1230 4641 1288 4703 sed
1316 4641 1354 4704 de
1378 4642 1434 4705 boe
1453 4665 1590 4726 prorsus
1620 4655 1699 4705 13331
1727 4655 1755 4705 31
1778 4640 1917 4704 Felicem
1949 4644 2052 4726 apsaro
2076 4640 2196 4704 3333313
2215 4667 2244 4706 ao

542 4749 766 4834 subscripsisse
784 4747 827 4814 (a.
845 4755 901 4830 13)
919 4749 1019 4833 finpit
1033 4748 1188 4832 falsator.
1226 4747 1366 4826 Accedit,
1391 4748 1478 4832 qaotl
1491 4747 1580 4811 sedes
1601 4748 1798 4834 b'rpellitono
1815 4772 1875 4810 non
1892 4761 1962 4811 ante
1985 4772 2103 4810 uranum
2121 4755 2195 4814 791.

543 4854 749 4919 Narbonensi
769 4856 1006 4940 archiepiscopo
1030 4855 1167 4918 serbieetu
1191 4869 1237 4918 331
1259 4854 1318 4940 (ef.
1343 4854 1498 4934 Madrisi,
1525 4853 1606 4940 Opp.
1626 4854 1763 4918 Paulini
1782 4856 1874 4937 216).
1911 4853 2043 4918 Nullibi
2064 4854 2198 4940 deaiqtae

545 4964 656 5025 lateritio
679 4963 723 5047 fit
757 4963 889 5026 concilii
918 4961 1081 5024 (oriundam
1114 4960 1332 5025 Narbonensis
1362 4962 1400 5025 de
1431 4986 1527 5025 33333
1558 4962 1689 5041 Felicis,
1721 4986 1815 5046 quom
1845 4961 1964 5047 syuodo
1995 4959 2197 5048 3311339333-

543 5070 723 5153 burpensern
754 5070 909 5132 ciuitatem
940 5093 1022 5130 aritio
1057 5072 1132 5134 792.
1165 5069 1318 5132 celebrata
1342 5071 1486 5154 prirnum
1519 5068 1698 5132 darrenatarn
1735 5092 1799 5132 3333
1829 5067 1960 5132 aliunde
1990 5082 2108 5131 3333131
2138 5066 2197 5155 (cf.

540 5199 640 5260 marra
658 5201 695 5261 p.
717 5184 780 5242 116
804 5190 832 5238 31
850 5201 884 5261 p.
902 5181 970 5243 203
995 5176 1014 5237 l.
1032 5183 1076 5241 46
1087 5179 1182 5260 spa).
2218 5201 2248 5241 aa

650 5282 689 5345 In
720 5297 801 5346 textu
832 5282 1043 5345 constituendo
1070 5284 1170 5346 secreti
1192 5309 1300 5345 333333
1324 5284 1484 5369 arernplar
1508 5282 1642 5346 Boluzii
1663 5307 1701 5345 ea
1723 5282 1853 5346 orebiro
1877 5281 2088 5359 Narbonensi,
2115 5281 2202 5366 quod

543 5392 627 5474 typis
646 5414 824 5474 expressum
847 5403 891 5452 331
908 5389 998 5475 opud
1020 5388 1066 5452 CI.
1085 5389 1186 5453 Ileoic
1204 5389 1279 5452 3131.
1302 5389 1448 5468 Vaissetc,
1469 5389 1623 5454 ‘Histoire
1639 5390 1785 5474 33333313
1804 5389 1842 5452 de
1861 5388 2065 5476 Lonpnedoc'
2085 5388 2133 5452 ed.
2154 5393 2199 5466 2.,

549 5495 680 5560 Tolosae
704 5504 803 5575 1875,
828 5495 871 5559 II
889 5521 962 5581 app.
981 5503 1023 5562 54
1048 5495 1104 5576 (=
1122 5495 1182 5578 B),
1213 5495 1356 5560 adhibito
1381 5498 1463 5560 libro
1487 5498 1627 5582 confecto
1651 5523 1671 5559 a
1697 5495 1737 5560 G.
1763 5496 1801 5559 tle
1828 5495 1926 5574 Cetei,
1958 5495 2138 5560 ί3133333333
2161 5495 2200 5559 de

544 5602 697 5667 l’lnstoire
714 5603 756 5667 du
773 5602 963 5688 Lanpnedoc
981 5602 1124 5680 (Tolose’
1141 5605 1254 5687 1633),
1266 5627 1304 5689 p.
1326 5612 1389 5669 743
1407 5604 1462 5686 (=
1480 5603 1530 5686 C),
1551 5604 1608 5667 nbi
1625 5603 1777 5667 decretam
1792 5604 1905 5689 priam
1925 5606 1990 5667 viee
2009 5602 2127 5667 editum
2146 5617 2199 5666 331.

653 5734 748 5791 Ena.-
781 5733 817 5792 G.
842 5736 876 5791 de
901 5732 989 5804 Catel,
1014 5736 1032 5791 l.
1057 5736 1074 5790 l.
1093 5755 1126 5810 p.
1151 5737 1220 5793 743.
1268 5735 1440 5805 Delalaade,
1472 5734 1573 5811 Srqml.
1598 5738 1648 5794 35.
1697 5733 1940 5793 [sobbe-(loeson
1965 5735 2027 5804 VII,
2045 5737 2105 5794 694
2112 5756 2124 5804 ,·
2154 5735 2198 5791 ed.
2218 5753 2250 5791 a>

546 5841 633 5897 tuteli
655 5840 709 5910 IX,
728 5845 754 5900 l.
803 5841 836 5896 P.
862 5842 896 5897 ale
921 5841 1037 5911 Marco,
1062 5841 1109 5897 Ile
1133 5841 1337 5898 roae-‹adontia
1359 5841 1512 5899 33333331ἰί
1533 5851 1559 5898 31
1581 5840 1692 5917 imperii
1715 5840 1756 5911 II,
1773 5844 1833 5901 163
1840 5863 1850 5911 ;
1874 5842 1917 5898 ed.
1940 5846 1970 5900 2.
1994 5842 2033 5910 II,
2052 5844 2113 5901 923
2120 5863 2130 5910 ,·
2154 5842 2198 5898 ed.
