4884 6717
1464 551 1567 607 44.
1641 551 2076 609 CONCILIUM
2123 551 2579 607 PARISIENSE
2626 553 2700 606 A.
2743 551 2891 607 825.
3705 542 3827 605 531

735 737 921 801 Haec
970 739 1036 801 in
1086 739 1312 823 paucis
1362 738 1447 801 ad
1494 739 1845 803 excitanda
1892 739 2038 803 Deo
2103 738 2410 803 amabilia
2473 737 2672 802 corda
2719 749 2937 801 vestra.
2984 737 3132 802 ideo
3182 737 3598 822 praemittere
3648 758 3832 799 cura-

522 844 753 922 vimuS,
810 857 881 907 ut
929 866 1028 926 ea,
1091 867 1259 929 quae
1307 843 1493 909 vobis
1543 845 1894 910 studiosius
1942 869 2058 932 pro
2108 846 2313 910 salute
2363 846 2650 909 omnium
2701 846 3061 908 animarum
3123 857 3488 907 nostrarum
3551 841 3834 907 dicenda

522 949 944 1036 providimuS,
995 953 1318 1015 acutiores
1366 974 1484 1016 vos
1532 952 1615 1016 ad
1664 952 2060 1017 audiendum
2112 965 2177 1016 et
2225 976 2342 1039 per
2374 954 2596 1016 omnia
2628 951 2937 1016 sollicitos
2969 953 3033 1015 in
3069 951 3353 1015 Domino
3386 949 3830 1013 redderemus.

524 1056 656 1121 Sed
705 1057 872 1120 sicut
933 1080 1061 1122 non
1126 1058 1331 1122 solum
1392 1081 1580 1122 sacra
1642 1061 2028 1124 auctoritate
2079 1059 2412 1134 discitum,
2476 1081 2704 1122 verum
2753 1081 3012 1144 quoque
3060 1071 3126 1122 et
3171 1057 3455 1121 hnmana
3504 1056 3832 1120 cotidiana

458 1190 485 1227 s
522 1161 689 1227 bene
739 1164 1210 1228 consuetudine
1260 1164 1515 1251 agendo
1564 1167 1909 1245 cernimuS,
1960 1168 2114 1253 quia
2162 1165 2355 1230 arbor
2401 1166 2651 1229 fructus
2689 1164 2894 1229 malos
2927 1164 3176 1228 faciens
3211 1163 3384 1227 nullo
3432 1163 3626 1227 modo
3661 1162 3828 1226 salu·
3871 1158 4105 1259 „glaz-zu.

522 1267 701 1334 brius
749 1272 1133 1356 extirpatur,
1183 1294 1378 1358 quam
1428 1273 1481 1335 si
1529 1272 1840 1337 radicitus
1890 1272 2226 1352 evellatur,
2288 1271 2519 1336 melius
2568 1293 2765 1357 saepe
2815 1271 3052 1336 dictam
3104 1269 3497 1335 discordiam
3546 1283 3831 1335 vestram

522 1378 960 1462 omnipotente
1009 1378 1293 1442 Domino
1342 1378 1699 1464 opitulante
1748 1402 1878 1443 una
1923 1378 2284 1457 vobiscum,
2336 1380 2447 1464 qui
2496 1378 2646 1442 huie
2695 1380 3096 1442 miserrimae
3145 1378 3544 1463 nimiumque
3584 1376 3829 1440 infelici

522 1482 876 1547 conditioni
926 1486 1231 1570 prostrati
1292 1507 1420 1548 non
1482 1485 1925 1566 succumbitiS,
1990 1486 2109 1549 sed
2169 1486 2554 1549 auctoritate
2603 1474 2920 1549 bonorum
2983 1486 3288 1558 omnium,
3353 1484 3612 1548 domino
3660 1484 3829 1560 Deo,

520 1600 736 1654 tantae
786 1592 1137 1675 spurcitiae
1188 1591 1361 1655 celso
1410 1594 1475 1655 in
1526 1594 1864 1682 cacumine
1912 1594 2355 1679 praeminetis,
2407 1594 2737 1677 corrigere
2786 1590 3098 1668 valemus„
3157 1593 3231 1671 si,
3293 1614 3461 1677 quae
3511 1592 3592 1654 sit
3640 1591 3828 1654 huius

432 1723 484 1762 ιο
520 1696 902 1783 perditionis
951 1699 1131 1783 origo
1179 1698 1284 1762 vel
1332 1699 1558 1778 fomeS,
1609 1698 1976 1785 detegendo
2027 1698 2407 1785 pandamus.

732 1803 963 1868 Nullus
1010 1827 1247 1891 nempe
1297 1828 1454 1869 sane
1503 1808 1893 1892 sapientium
1941 1805 2360 1892 fideliumque
2410 1807 2476 1869 in
2510 1806 2795 1870 Domino
2829 1806 3099 1870 fratrum
3132 1815 3492 1868 vestrorum
3527 1803 3827 1868 dubitare

519 1912 910 1997 permittitur
979 1934 1121 1975 esse
1193 1911 1410 1998 plures
1480 1915 1548 1977 in
1618 1913 1741 1976 hae
1804 1925 2031 1977 saneta
2095 1925 2158 1977 et
2219 1935 2258 1976 a
2319 1913 2466 1976 Deo
2529 1912 2981 1976 conservanda
3052 1912 3352 1988 eeclesia,
3426 1912 3536 1997 qui
3608 1924 3826 1976 tantae

518 2019 818 2081 miseriae
868 2017 1294 2083 succumbere
1345 2017 1799 2105 dedignentur,
1849 2019 2000 2083 licet
2049 2022 2141 2084 eis
2191 2043 2418 2083 manus
2468 2019 2749 2083 humana
2784 2018 3079 2095 validior,
3128 2040 3209 2081 ne
3243 2018 3329 2090 id,
3380 2018 3556 2103 quod
3588 2018 3828 2082 exinde

518 2125 753 2188 iustum
804 2147 945 2188 esse
992 2147 1122 2188 non
1170 2125 1489 2205 dubitant,
1538 2140 1904 2190 restaurare
1954 2126 2060 2190 vel
2108 2127 2419 2212 perficere
2469 2126 2748 2204 valeant,
2799 2125 3086 2189 obsistat.
3163 2124 3604 2205 Quamobrem
3653 2148 3828 2188 ama·

429 2256 481 2295 is
518 2229 734 2294 biliter
781 2230 1195 2295 ammonendi
1246 2233 1419 2311 estis,
1471 2245 1541 2296 ut
1587 2234 1737 2296 totis
1786 2232 2033 2296 viribus
2083 2234 2593 2318 omnipotentem
2643 2232 2999 2296 Dominum
3049 2254 3321 2296 exorare
3371 2231 3705 2312 studeatiS,
3757 2243 3827 2296 ut

516 2348 761 2401 tantam
823 2336 906 2400 ab
968 2337 1090 2403 hoe
1154 2362 1354 2424 regno
1416 2339 1860 2404 infelicitatem
1910 2362 2213 2404 amovere
2263 2338 2486 2403 iubeat
2547 2351 2610 2402 et
2659 2338 2855 2408 illam,
2919 2361 3113 2424 qnam
3164 2337 3440 2402 mundus
3491 2338 3646 2402 dare
3696 2363 3825 2403 non
3865 2356 4187 2407 artesiam.

517 2457 749 2529 potest,
799 2467 1028 2530 pacem
1077 2467 1195 2508 sua
1242 2444 1429 2510 vobis
1477 2448 1772 2509 inmensa
1821 2446 2165 2510 clementia
2214 2446 2551 2510 concedat.
2623 2446 2708 2508 Et
2758 2446 2911 2530 quia
2959 2456 3179 2508 tantae
3229 2447 3630 2510 auctoritatis
3666 2445 3825 2509 ordo

518 2549 620 2613 vel
668 2563 886 2614 tantae
936 2550 1348 2616 sublimitatis
1396 2554 1561 2616 ratio
1610 2552 1888 2617 necdum
1937 2551 2271 2637 poscebat,
2333 2564 2421 2631 ut,
2487 2554 2862 2638 priusquam
2911 2551 3020 2615 illa
3069 2552 3304 2631 omnia,
3369 2574 3535 2638 quae
3592 2554 3824 2616 merito

520 2657 997 2742 praemittenda
1043 2669 1248 2740 erant,
1298 2671 1876 2744 praeponerentur,
1927 2671 1995 2722 ut
2041 2659 2296 2723 facilius
2346 2660 2578 2745 quovis
2626 2660 2691 2723 in
2741 2658 2881 2722 loco
2923 2659 3280 2723 secundum
3314 2661 3413 2723 sui
3448 2660 3824 2746 qualitatem

428 2790 484 2829 ιο
520 2762 913 2828 haberentur
982 2764 1110 2840 illa,
1184 2764 1419 2851 quibus
1489 2766 1672 2829 salva
1741 2765 1897 2844 tide,
1970 2789 2085 2851 spe
2158 2766 2260 2830 vel
2332 2767 2601 2830 caritate
2673 2767 2865 2830 totius
2937 2765 3253 2829 eeclesiae
3327 2778 3529 2830 status
3602 2790 3825 2831 carere

520 2872 851 2957 potuisset,
924 2884 1190 2957 propter
1251 2873 1758 2936 satisfactionem
1830 2885 2047 2936 tamen
2120 2874 2184 2937 in
2247 2872 2369 2936 hoe
2431 2895 2628 2958 opere
2691 2871 3121 2936 laborantium
3182 2873 3562 2958 principalis
3633 2874 3824 2938 liuius

520 2976 931 3063 saepedictae
996 2977 1361 3043 discordiae
1423 2991 1700 3059 vestrae,
1765 3002 1963 3044 causa
2023 2980 2378 3065 imaginum
2444 2981 2737 3043 extitisse
2800 2978 3090 3044 traditur.
3188 2979 3501 3044 Eiusdem
3564 3004 3823 3067 qnoque

519 3106 753 3147 causae
803 3086 984 3170 origo
1033 3087 1098 3148 in
1148 3109 1225 3149 eo
1274 3088 1624 3170 contigisse
1672 3086 1895 3167 fertur,
1958 3085 2135 3171 quod
2196 3087 2546 3172 imperator
2606 3086 3025 3149 considerans
3087 3086 3400 3172 quosdam
3464 3088 3531 3150 in
3594 3088 3820 3151 eadem

520 3189 706 3276 plebe
769 3190 1120 3256 indiscreto
1182 3192 1320 3256 zelo
1384 3192 1813 3256 inflammatos
1876 3192 2061 3271 ultra,
2127 3216 2322 3278 quam
2383 3193 2773 3279 oportuisset
2833 3191 2936 3256 vel
2997 3215 3304 3279 umquam
3368 3194 3546 3279 prius
3607 3205 3823 3258 actum

429 3324 482 3363 εει
520 3309 709 3373 esset,
759 3298 823 3360 in
872 3299 1228 3379 imaginum
1279 3298 1550 3377 cultura,
1599 3300 2021 3363 veneratione
2069 3299 2175 3363 vel
2224 3299 2602 3363 adoratione
2636 3298 2804 3363 ultra
2835 3298 3251 3384 progredere,
3302 3322 3494 3385 quam
3530 3312 3597 3364 ut
3630 3313 3825 3365 antea

520 3427 824 3490 umquam
875 3406 939 3467 in
990 3406 1298 3468 universa
1346 3405 1625 3469 eeclesia
1673 3405 1914 3469 factum
1966 3416 2158 3486 esset,
2206 3405 2457 3484 volenS,
2508 3415 2575 3468 nt
2624 3418 2775 3469 tune
2826 3403 2949 3468 sibi
3000 3428 3148 3470 cum
3196 3405 3342 3480 illis,
3394 3408 3504 3491 qui
3552 3409 3611 3471 ei
3645 3407 3822 3472 fave·

521 3509 695 3587 bant,
745 3510 1019 3574 eandem
1069 3514 1614 3598 superstitionem,
1670 3512 2163 3598 qualiscumque
2214 3524 2403 3591 esset,
2454 3510 2537 3575 ab
2586 3511 2868 3575 eeclesia
2916 3512 3172 3597 penitus
3235 3525 3588 3592 amoveret,
3653 3527 3823 3600 post-

519 3619 730 3702 posita
776 3617 897 3681 hac
946 3620 1012 3680 in
1063 3641 1131 3681 re
1181 3618 1422 3683 salubri
1474 3619 1886 3699 discretione,
1937 3620 2075 3682 sine
2125 3642 2252 3705 qua
2302 3621 2509 3682 omnis
2559 3619 2879 3683 humanae
2929 3619 3203 3682 actionis
3243 3620 3447 3681 virtus
3498 3620 3559 3683 in
3595 3621 3823 3684 vitium

518 3725 809 3804 vertitur,
873 3723 1068 3809 elegit
1116 3727 1539 3811 praemissam
1589 3726 2110 3811 superstitionem
2161 3724 2350 3789 aliter
2398 3724 2731 3789 emendari
2780 3749 2909 3789 non
2959 3748 3169 3810 posse,
3221 3726 3344 3788 nisi
3396 3749 3617 3792 onmes
3667 3730 3823 3792 ima·

429 3858 483 3896 ³0
518 3831 701 3915 gines
750 3833 1006 3917 penitus
1056 3831 1443 3896 delerentur.
1516 3833 1718 3919 Atqui
1767 3834 1819 3896 si
1869 3834 1960 3896 ita
2009 3843 2167 3909 erat,
2216 3845 2285 3897 nt
2334 3832 2579 3896 dictum
2629 3844 2744 3910 est,
2796 3831 3078 3896 inlicitus
3112 3831 3322 3896 cultus
3358 3835 3421 3896 in
3457 3831 3824 3897 hominibus

519 3936 623 4000 vel
673 3936 755 4000 ab
805 3937 1174 4002 hominibus
1223 3939 1716 4025 conpescendus
1766 3950 1904 4004 erat
1949 3962 2077 4003 non
2128 3941 2193 4003 in
2242 3939 2598 4023 imaginum
2649 3937 3105 4018 destructione,
3169 3962 3337 4026 quae
3386 3938 3544 4003 nihil
3594 3961 3823 4025 pecca·

519 4055 769 4120 verunt,
820 4046 1015 4108 immo
1064 4068 1141 4109 eo
1176 4068 1388 4125 sensu,
1440 4068 1566 4131 quo
1601 4069 1795 4132 supra
1828 4047 2256 4132 praemissum
2292 4058 2408 4125 est,
2461 4044 2817 4109 scientibus
2852 4068 2967 4131 pro
3003 4046 3108 4131 pia
3143 4048 3477 4125 memoria,
3528 4048 3819 4110 nescien-

520 4148 692 4213 tibus
741 4174 895 4214 vero
946 4174 1061 4237 pro
1110 4151 1410 4216 doctrina
1473 4152 1662 4217 utiles
1726 4167 1940 4233 erant3
2006 4154 2069 4217 in
2132 4152 2493 4238 frangendo
2548 4152 2650 4215 vel
2713 4151 3091 4238 dissipando
3155 4153 3480 4216 sinistram
3531 4153 3824 4217 extendit

520 4280 635 4343 pro
684 4256 974 4321 dextera.
1069 4258 1156 4322 Et
1205 4260 1313 4345 qui
1362 4260 1452 4322 ita
1500 4259 1621 4322 hac
1671 4260 1735 4322 in
1786 4283 1853 4322 re
1905 4261 2197 4324 incautos
2247 4259 2561 4324 reducere
2610 4258 2856 4341 debuit,
2921 4261 3087 4322 sicut
3134 4259 3319 4339 forte,
3384 4262 3533 4346 quia
3598 4283 3825 4324 recens

429 4391 482 4430 ss
520 4375 658 4426 erat
706 4386 924 4440 causa,
988 4365 1291 4429 facillime
1341 4367 1570 4451 potuit,
1635 4367 2007 4451 instigante,
2073 4368 2182 4452 qui
2243 4390 2415 4430 nunc
2480 4366 2607 4429 late
2671 4377 2867 4451 patet,
2932 4366 3417 4430 ecclesiasticae
3481 4368 3658 4452 pacis
3721 4366 3825 4430 vel

521 4472 808 4534 caritatis
857 4472 1140 4550 inimico,
1205 4471 1369 4535 hane
1420 4473 1514 4535 eis
1562 4474 1700 4536 acsi
1746 4471 2320 4536 luculentissimam
2372 4472 2655 4536 ostendit
2703 4474 3018 4553 semitam,
3082 4472 3206 4536 lien
3257 4495 3449 4559 quam
3502 4472 3690 4555 longe
3740 4471 3824 4536 ab

521 4576 628 4640 illa
663 4579 939 4641 sinistris
972 4577 1374 4642 anfractibus
1411 4578 1842 4652 incedentem,
1896 4601 2062 4664 quae
2098 4577 2178 4641 de
2213 4580 2564 4665 semetipso
2599 4579 2720 4643 ait:
2773 4580 2909 4666 Eyo
2956 4605 3088 4643 sum
3137 4583 3259 4649 ria,
3315 4583 3540 4643 ree-itas
3589 4596 3643 4642 et
3678 4584 3823 4643 rita.
3868 4606 4101 4653 tornum.

523 4683 695 4763 Quid
748 4698 935 4770 putas
998 4708 1190 4771 quam
1258 4684 1473 4749 dulcia
1536 4707 1859 4772 quamque
1910 4684 2415 4769 religiosissima,
2478 4687 2672 4749 immo
2734 4687 3143 4749 sanctissima
3193 4685 3531 4771 satagebat
3578 4688 3825 4768 fingere

524 4791 778 4867 itinera,
828 4802 898 4854 ut
945 4815 1062 4877 per
1109 4791 1218 4855 illa
1267 4791 1350 4855 ad
1399 4792 1581 4866 haec,
1634 4814 1799 4878 quae
1840 4814 2011 4855 nnnc
2046 4815 2267 4855 omnes
2301 4792 2689 4878 planginms‚
2740 4791 3116 4878 pertrahere
3152 4794 3464 4879 potuisset
3498 4792 3824 4856 discidia?

429 4925 485 4964 ιο
524 4895 654 4959 Sed
704 4919 826 4960 nec
875 4897 996 4961 hoc
1046 4897 1174 4961 ullo
1223 4899 1413 4962 modo
1464 4898 1652 4962 aliter
1713 4900 2090 4962 aestimatur
2151 4922 2465 4984 peragere
2514 4900 2821 4985 potuisse,
2883 4900 3007 4961 nisi
3069 4898 3246 4962 illum
3311 4901 3484 4984 prius
3534 4923 3679 4963 cnm
3730 4923 3826 4963 se·

523 5002 842 5089 quat-ibus
904 5005 1035 5068 suis
1085 5004 1254 5069 illius
1303 5006 1541 5091 impiae
1602 5005 1967 5069 dulcedinis
2031 5004 2459 5069 demulcendo
2509 5029 2622 5069 cor
2669 5016 2983 5087 tangeret.
3048 5007 3230 5069 cuius
3295 5006 3464 5069 idem
3529 5004 3827 5069 diabolus

522 5109 832 5195 pestifero
881 5110 1009 5175 telo
1058 5111 1423 5196 perforatus
1473 5112 1551 5175 dc
1603 5111 1785 5174 caelo
1832 5113 2063 5175 merito
2113 5111 2475 5175 cecidisset.

739 5215 871 5281 Sed
919 5216 1076 5303 quid
1124 5219 1395 5302 agimuS,
1447 5218 1603 5304 quid
1653 5217 1979 5282 dicimus?
2073 5217 2179 5281 Ad
2240 5220 2767 5304 conparationem
2830 5241 3110 5305 namque
3161 5219 3473 5282 malornm
3522 5220 3827 5299 omnium,

526 5345 693 5409 quae
741 5322 846 5387 hic
896 5335 1292 5409 congruente
1343 5327 1571 5410 spatie,
1623 5325 1798 5411 quod
1846 5326 2106 5388 omnino
2155 5348 2283 5387 non
2334 5325 2536 5404 deest,
2586 5349 2712 5388 non
2764 5323 2969 5388 solum
3021 5325 3101 5388 dc
3152 5324 3432 5398 diabolo,
3483 5324 3828 5389 sedetiam

432 5457 487 5495 us
526 5428 606 5493 de
656 5431 798 5515 ipso
848 5431 1234 5516 imperatore
1285 5454 1429 5495 cum
1464 5431 1825 5496 fautoribus
1860 5433 1993 5495 suis
2029 5430 2157 5495 diei
2194 5442 2514 5517 poterant,
2565 5431 2720 5495 nihil
2757 5446 2874 5507 est,
2925 5431 3098 5518 quod
3134 5431 3430 5496 dicimus.
3505 5431 3832 5496 Universa

528 5536 807 5622 denique
848 5537 1041 5608 mala,
1092 5560 1259 5623 quae
1309 5561 1391 5601 ex
1426 5561 1502 5601 eo
1550 5561 1757 5624 usque
1800 5540 1866 5602 in
1899 5550 2307 5624 praesentem
2343 5538 2513 5602 diem
2550 5561 2668 5624 per
2699 5538 3067 5602 huiusmodi
3116 5538 3508 5602 discordiam
3543 5539 3607 5602 in
3641 5537 3829 5601 vobis

525 5655 898 5728 perpetrata
945 5656 1112 5724 sunt,
1161 5644 1311 5708 hinc
1361 5668 1693 5730 sumpsere
1753 5646 2168 5731 principium.
2266 5647 2583 5725 Quamvis
2646 5646 2816 5708 enim
2881 5657 3146 5730 propter
3207 5643 3554 5728 singultum
3620 5645 3829 5732 plora-

747 5917 799 5963 ll
846 5932 978 5965 Sana
1019 5915 1077 5965 P.
1230 5920 1292 5965 19
1331 5913 1545 5981 quoti-’²'
1585 5933 1761 5981 illlum*
1813 5917 1865 5965 Η
2013 5925 2077 5961 :lull
2121 5917 2229 5963 lulla
2257 5921 2381 5961 ἱῙιΙΙιι
2429 5917 2625 5963 multum
2668 5945 2716 5949 *-
2753 5917 3182 5981 wninplss··²··⁴‚·1··]1==⁵l⁵.tlrflt
3234 5917 3286 5965 Γ,
3438 5925 3502 5961 Eli
3542 5917 3638 5965 flul
3678 5937 3722 5965 ν]
3782 5921 3826 5961 Γ,

3302 6025 3364 6069 4.ὶῖ
3378 6025 3398 6049 *
