4884 6717
688 549 741 605 44.
778 549 995 607 CONCILIUM
1020 551 1248 609 Paarsmusu
1272 555 1308 608 A.
1330 552 1405 608 825.
1810 547 1874 610 507

219 736 261 802 ob
285 737 347 802 hoc
371 745 504 823 propter
526 735 650 801 licitum
674 738 792 801 mentis
816 737 970 802 affectum
995 739 1100 824 pictas
1116 737 1170 803 vel
1186 738 1278 804 fictas
1295 739 1524 804 similitudines
1540 752 1725 806 sanctorum
1742 739 1874 822 videris,

216 855 252 908 ut
274 843 346 908 illas
370 855 426 908 aut
450 843 597 908 destruas
621 855 677 908 aut
700 843 871 909 inridendo
895 843 1097 908 subsannare
1122 844 1254 909 debeas.

324 948 546 1031 Quamobrem
569 959 706 1037 uterque
728 950 908 1015 mouendus
925 963 984 1028 est,
1009 962 1046 1015 ut
1061 960 1176 1015 neuter
1191 964 1335 1017 vestrum
1353 953 1437 1018 sicut
1453 953 1617 1040 quondam
1633 953 1842 1019 Bardesanus
1853 959 1875 1035 ¹,

216 1080 377 1122 novarum
400 1055 668 1121 adinventionum
692 1058 938 1143 superstitiosus
964 1069 1099 1138 amator,
1130 1057 1189 1122 sed
1219 1060 1303 1123 sicut
1333 1082 1411 1123 rere
1435 1059 1614 1125 catholicus
1638 1059 1874 1125 studiosissime

181 1196 195 1236 s
218 1173 354 1228 matrem
375 1164 540 1244 virtutum,
565 1162 793 1227 discretionem
818 1165 853 1226 in
877 1162 1028 1228 omnibus
1053 1186 1189 1228 servans
1212 1164 1383 1251 zelumque
1400 1165 1464 1229 Dei
1488 1188 1553 1230 non
1577 1166 1755 1231 secuudum
1779 1167 1875 1231 fatui·

218 1281 317 1335 tatem
340 1270 572 1356 insipientium,
597 1268 656 1333 sed
680 1269 858 1334 secundum
882 1271 1035 1334 virtutem
1061 1272 1257 1357 sapientium
1274 1273 1306 1335 in
1323 1271 1466 1336 Domino
1483 1271 1617 1348 habens,
1642 1295 1703 1337 nec
1726 1272 1779 1337 ille
1803 1272 1874 1338 dili-

218 1377 325 1463 gendo
349 1399 410 1440 nec
433 1377 494 1440 iste
519 1375 789 1463 contempnendo,
821 1375 906 1440 ultra
937 1399 1034 1463 quam
1068 1388 1216 1463 oporteat
1239 1377 1356 1441 dextra
1379 1377 1517 1465 levaque
1542 1378 1763 1459 transiliendo,
1787 1381 1875 1445 viam

218 1483 421 1548 rectitudinis
441 1484 576 1548 amittat.
612 1482 678 1548 Sed
703 1483 780 1570 quia
802 1484 848 1547 ita
872 1482 1019 1570 plerique
1044 1485 1229 1570 pertinaces
1253 1495 1337 1564 sunt,
1362 1495 1397 1548 ut
1415 1486 1541 1550 ratione
1563 1484 1651 1550 flecti
1667 1508 1874 1572 nequaquam

219 1590 354 1677 possint,
379 1591 411 1654 hi
429 1592 542 1672 merito
559 1602 673 1654 sancta
689 1590 881 1654 auctoritate
899 1590 1077 1677 quassandi
1094 1599 1179 1672 sunt,
1204 1602 1239 1654 ut
1255 1590 1360 1655 saltim
1377 1591 1472 1656 fracti
1488 1591 1682 1656 medicinam
1704 1604 1873 1679 quaerant.

176 1747 201 1786 ιο
326 1714 473 1802 Epistola
491 1714 580 1780 beati
598 1714 748 1800 Gregorii
765 1737 881 1801 papae.
918 1713 1097 1799 Gregorius
1119 1714 1243 1779 Sereno
1267 1716 1422 1801 episcopo
1441 1715 1654 1780 Massiliensi:
1679 1723 1874 1783 Litterarum²

218 1841 329 1887 tuarum
352 1833 504 1903 primordia
527 1833 567 1887 ita
589 1833 797 1887 sacerdotalem
820 1832 849 1885 in
872 1840 901 1886 te
927 1850 990 1887 esse
1006 1831 1229 1887 benivolentiam
1254 1832 1497 1899 demonstrabant,
1521 1840 1553 1886 ut
1576 1835 1663 1888 maior
1685 1834 1767 1888 uobis
1789 1833 1874 1889 fieret

219 1940 255 1993 de
279 1938 459 1994 fraternitate
483 1947 533 1993 tua
556 1940 683 2004 laetitia3
714 1939 765 1993 sed
797 1945 906 1993 tantum
939 1956 1033 1993 earum
1063 1936 1127 1992 finis
1151 1956 1168 1992 a
1191 1939 1249 1992 suis
1273 1939 1409 1993 dissensit
1432 1939 1528 2006 initiis,
1560 1948 1591 1993 ut
1620 1958 1675 1994 nou
1698 1941 1791 2003 unius,
1821 1942 1873 1996 sed

219 2047 391 2102 diversarum
417 2063 479 2101 csse
503 2046 639 2101 mentium
663 2045 728 2100 talis
752 2046 919 2100 crederetur
943 2044 1072 2116 epistola.

326 2143 369 2208 Et
392 2157 464 2230 post
488 2166 594 2229 pauca
616 2143 649 2206 in
674 2142 789 2206 eadem
813 2141 966 2206 scribitur
988 2141 1141 2228 epistola:
1174 2149 1342 2208 Perlatum³
1364 2153 1504 2224 siquidem
1527 2154 1563 2208 ad
1587 2171 1638 2208 nos
1661 2154 1766 2220 luent,
1797 2154 1874 2225 qnod

176 2280 201 2320 rs
220 2260 427 2315 inconsiderato
450 2260 512 2315 zelo
536 2277 687 2314 succensus
710 2267 869 2313 sauctorum
893 2259 1029 2330 imagines
1053 2260 1106 2312 sub
1128 2259 1180 2313 hac
1201 2260 1280 2331 quasi
1298 2260 1490 2326 excusatione,
1515 2278 1551 2314 ue
1568 2261 1678 2315 adorari
1694 2261 1873 2328 debuissent,

220 2367 424 2438 confringeres.
459 2367 497 2419 Et
521 2366 645 2437 quidem,
670 2366 737 2436 quia
760 2383 808 2420 eas
832 2365 943 2420 adorari
965 2365 1116 2430 vetuisses,
1140 2366 1252 2420 omnino
1275 2366 1460 2433 laudavimus,
1485 2366 1605 2438 fregisse
1625 2385 1692 2423 vero
1715 2367 1871 2439 reprehen-

219 2475 321 2529 dimus.
367 2473 433 2540 Dic,
456 2473 556 2539 frater,
580 2491 597 2527 a
620 2491 676 2544 quo
699 2473 805 2527 factum
829 2472 978 2527 sacerdote
1002 2470 1156 2542 aliquando
1179 2473 1307 2527 auditum
1332 2481 1376 2528 est
1400 2475 1476 2544 quod
1500 2474 1616 2528 fecisti?
1662 2474 1771 2529 Sinon
1795 2474 1871 2528 aliud

219 2580 265 2635 vel
295 2581 365 2635 illud
395 2589 426 2634 te
458 2596 513 2632 non
543 2559 643 2634 debuit
673 2579 828 2634 revocare?
874 2578 1020 2649 Dispectis
1051 2578 1112 2632 aliis
1142 2578 1276 2633 fratribus
1306 2579 1393 2634 solum
1425 2588 1453 2634 te
1478 2589 1607 2634 sanetum
1638 2589 1667 2636 et
1692 2599 1755 2637 esse
1779 2582 1872 2637 credis

219 2688 399 2759 sapientem?
445 2687 533 2741 Aliud
557 2694 601 2742 est
633 2686 707 2739 enim
736 2686 875 2755 picturam
898 2686 1027 2750 adorare,
1059 2684 1136 2738 aliud
1166 2686 1295 2756 picturae
1326 2686 1442 2741 historia
1470 2687 1540 2757 quid
1563 2688 1600 2742 sit
1624 2689 1796 2744 adorandum
1819 2689 1871 2743 ad-

175 2812 202 2852 ro
220 2796 340 2850 disecre.
389 2795 459 2849 Nasu
483 2794 558 2865 quod
581 2792 744 2863 legentibus
768 2792 917 2862 scriptura,
942 2791 994 2846 hoc
1018 2792 1113 2845 idiotis
1136 2799 1265 2861 praestat
1288 2794 1400 2863 pictura
1428 2795 1623 2860 cernentibus,
1656 2797 1721 2866 quia
1752 2797 1779 2849 in
1810 2796 1872 2866 ipsa

219 2902 381 2973 ignorantes
411 2902 510 2956 rident
541 2900 616 2971 quod
639 2898 722 2969 sequi
746 2898 882 2964 debeant,
913 2899 941 2952 iu
972 2898 1034 2969 ipsa
1063 2897 1164 2969 legunt
1195 2898 1244 2969 qui
1274 2898 1385 2954 litteras
1415 2901 1558 2955 nesciunt.
1605 2901 1689 2957 Unde
1716 2903 1870 2973 praecipue

219 3009 352 3080 gentibus
375 3008 571 3079 proiectione
595 3006 707 3078 pictura
731 3014 786 3072 cst,
809 3006 885 3075 quod
909 3023 1080 3076 magnopere
1105 3023 1122 3058 a
1145 3013 1186 3071 te,
1217 3005 1266 3075 qui
1297 3006 1372 3059 iuter
1394 3016 1497 3078 gentes
1521 3007 1641 3074 habitas,
1672 3009 1791 3063 adtendi
1818 3010 1869 3063 de·

220 3125 328 3181 cuerat,
359 3133 407 3183 ne,
438 3115 503 3168 dum
526 3121 605 3169 recto
627 3113 690 3168 zelo
714 3113 827 3167 incaute
852 3113 1043 3179 succenderis,
1074 3111 1217 3167 ferocibus
1246 3114 1345 3166 animis
1368 3114 1531 3168 scandalum
1554 3132 1719 3186 generares.
1766 3115 1870 3187 Frangi

221 3239 288 3292 ergo
309 3240 365 3276 nou
389 3222 489 3276 debuit
513 3221 588 3291 quod
619 3238 674 3274 non
701 3220 738 3275 ad
761 3221 933 3274 adorandum
957 3220 985 3274 in
1010 3219 1148 3286 ecclesiis,
1179 3220 1231 3274 sed
1262 3219 1443 3274 instruendas
1472 3220 1644 3275 solummodo
1674 3230 1784 3276 mentes
1815 3222 1871 3277 fuit

173 3345 201 3384 rs
218 3328 406 3382 nescientium
425 3328 606 3396 collocutum3
631 3334 661 3382 et
685 3328 752 3398 quia
774 3326 802 3381 in
826 3326 894 3381 loeis
910 3327 1120 3382 venerabilibus
1143 3334 1304 3381 sanctorum
1320 3327 1436 3398 depingi
1453 3327 1596 3382 historiam
1612 3347 1666 3382 non
1683 3329 1744 3382 sine
1760 3329 1869 3383 ratione

218 3441 348 3489 vetustas
371 3435 493 3489 admisit.

325 3531 368 3596 Et
392 3545 463 3618 post
487 3553 593 3617 pauca
617 3532 778 3616 sequitur:
811 3537 1012 3595 convocandi*
1037 3541 1109 3595 enim
1133 3548 1199 3595 suut
1223 3541 1328 3596 diversi
1353 3541 1491 3596 ccclesiae
1515 3540 1565 3595 filii
1589 3543 1688 3612 eisquc
1712 3542 1869 3612 scripturae

218 3667 314 3705 sacrae
340 3657 383 3704 est
408 3648 575 3703 testimoniis
598 3648 816 3714 ostendendum,
841 3647 917 3717 quod
940 3664 1021 3702 omne
1038 3665 1120 3701 manu
1137 3647 1243 3702 facturn
1260 3649 1378 3702 adorare
1395 3665 1451 3702 non
1467 3647 1563 3714 liceat,
1589 3649 1717 3718 quoniam
1734 3648 1869 3719 scriptum

219 3765 278 3810 est:
311 3754 462 3811 Dorur'rruru
487 3753 579 3810 Deum
609 3760 682 3810 tuum
713 3752 849 3809 adradis
871 3761 897 3809 et
924 3751 965 3808 illi
992 3751 1045 3808 soli
1073 3753 1186 3822 sermea,
1217 3773 1250 3808 ac
1275 3755 1379 3810 deinde
1404 3755 1641 3826 subiungendum,
1673 3755 1720 3825 qui
1743 3755 1869 3826 picturas
1889 3765 2036 3817 usitato.

172 3885 200 3924 so
218 3863 378 3934 inruginum,
404 3880 476 3933 quac
496 3862 532 3916 ad
552 3860 777 3916 aedificationem
796 3861 918 3932 imperiti
938 3860 1035 3931 populi
1059 3861 1152 3916 factae
1172 3861 1297 3926 fueraut,
1322 3869 1354 3915 ut
1370 3862 1530 3916 nescientes
1546 3861 1657 3916 litteras
1676 3860 1763 3932 ipsam
1781 3861 1874 3958 histo:

217 3970 286 4024 riam
310 3971 494 4024 intendentes
518 3969 585 4039 quid
609 3977 704 4023 aetum
727 3967 763 4021 sit
787 3967 941 4022 discerent.

323 4066 366 4130 Et
389 4067 483 4131 item:
509 4071 561 4129 Si⁵
584 4076 619 4129 ad
643 4074 714 4129 hauc
733 4073 958 4140 instructionem,
982 4075 1017 4128 ad
1036 4092 1109 4144 quae
1127 4074 1262 4145 imagines
1278 4075 1434 4145 antiquitus
1450 4073 1543 4129 factae
1560 4081 1637 4140 sunt,
1660 4074 1767 4129 babere
1785 4075 1869 4130 vultis

217 4183 245 4237 iu
271 4183 408 4249 ecclesiis,
438 4201 486 4236 eas
510 4182 599 4236 modis
621 4181 749 4236 omnibus
773 4189 802 4234 et
827 4179 921 4235 offerri
946 4189 975 4234 et
999 4180 1104 4235 lrabcrc
1129 4181 1277 4252 permittas
1308 4189 1395 4251 atque
1420 4180 1523 4244 iudica,
1554 4181 1629 4250 quod
1654 4199 1708 4235 nou
1733 4182 1784 4235 tibi
1809 4183 1870 4253 ipsa

217 4289 286 4344 risio
309 4290 453 4356 historiae,
478 4308 552 4360 quae
576 4289 687 4360 pictura
710 4295 786 4342 teste
811 4288 1001 4359 pandebatur,
1025 4287 1213 4358 displicuerit,
1238 4290 1289 4341 secl
1313 4287 1361 4342 illa
1385 4287 1522 4353 adoratio,
1547 4305 1620 4358 quae
1641 4289 1758 4359 picturis
1774 4289 1869 4343 fuerat

173 4416 200 4457 ss
217 4397 437 4468 inconpetcnter
460 4397 596 4462 exhibita,
620 4404 707 4467 atque
733 4396 759 4449 iu
784 4395 826 4449 lris
850 4395 944 4449 serbis
969 4412 1064 4448 eorum
1088 4401 1199 4449 mentes
1224 4394 1387 4448 demulcens
1412 4395 1447 4448 ad
1472 4395 1647 4448 concordiam
1668 4403 1743 4449 tuam
1760 4412 1870 4450 revoca.

218 4504 300 4558 Etsi
324 4505 386 4576 quis
410 4504 546 4574 imagines
569 4503 663 4558 facere
688 4501 820 4568 voluerit,
851 4503 962 4556 minime
986 4500 1149 4571 prohibeas,
1181 4501 1298 4555 adorare
1323 4519 1388 4554 vcro
1413 4500 1549 4572 imagines
1576 4501 1739 4555 omnimodis
1762 4502 1870 4556 devita.

218 4609 276 4666 Sed
299 4611 351 4666 hoc
374 4611 494 4666 sollicite
519 4610 683 4666 fraternitas
707 4619 757 4664 tua
780 4619 948 4670 ammoneat,
980 4615 1011 4661 ut
1036 4627 1071 4662 ex
1094 4608 1199 4662 visione
1224 4608 1265 4662 rei
1288 4617 1390 4679 gestae
1414 4609 1542 4662 ardorem
1567 4609 1779 4678 conpunctionis
1803 4627 1869 4679 per·

217 4719 324 4790 cipiunt
349 4728 378 4774 et
402 4719 430 4772 iu
454 4718 647 4772 adorationem
670 4717 755 4772 solius
779 4715 980 4787 omnipotentis
1004 4725 1120 4769 sauctae
1146 4714 1281 4768 trinitatis
1305 4714 1450 4768 humiliter
1472 4722 1697 4785 prosternantur.

325 4833 407 4898 Item
432 4831 584 4918 Gregorii
608 4854 722 4918 papae.
771 4830 950 4917 Gregorius
975 4829 1162 4894 Secundino
1186 4852 1281 4892 servo
1306 4829 1370 4892 Dei
1395 4829 1558 4894 inclausa:
1590 4833 1869 4893 οἰ1ορῐίοιιίε“ῑιιαε

171 4971 200 5011 to
218 4949 329 5005 litteras
352 4950 475 5020 suscepi,
500 4966 573 5020 quae
597 4949 625 5003 in
649 4967 711 5004 meo
734 4966 821 5002 sensu
844 4948 943 5002 amoris
966 4945 1050 5000 melle
1075 4934 1215 5001 conditae
1232 4954 1398 5017 sapuerunt,
1423 4947 1455 4999 et
1478 4947 1597 4999 cetera.

325 5188 502 5260 tiquaerant]
522 5193 549 5243 iu
569 5193 594 5243 P
604 5192 655 5258 fot
669 5198 711 5243 51.
724 5187 767 5242 51'
785 5200 924 5258 sequamur
937 5190 1083 5256 fragmenta
1103 5190 1173 5240 larici
1194 5190 1334 5240 Pisoniani.
1393 5188 1596 5240 lausannensi
1621 5190 1648 5239 P.
1707 5191 1737 5240 li
1758 5184 1874 5254 factum]

219 5283 292 5333 facto
313 5282 343 5332 P.
416 5284 450 5333 22
469 5299 486 5333 a
503 5282 569 5332 deest
588 5282 619 5332 P.
693 5284 727 5332 40
745 5281 855 5331 condita
875 5279 905 5330 P.

328 5483 357 5544 1)
382 5482 428 5538 Ile
448 5481 621 5538 Bardrsano
644 5482 688 5538 vel
709 5479 882 5537 Bardesunc
905 5479 945 5549 cs.
967 5481 1000 5533 0.
1018 5477 1243 5548 Bardrnlreuur,
1268 5477 1441 5554 ‘I'atrologie
1464 5473 1619 5554 (Freiburg
1643 5479 1660 5534 i.
1681 5477 1747 5535 Br!
1770 5477 1872 5554 lsai),

217 5611 247 5665 p.
272 5593 342 5649 357.
435 5589 466 5658 2)
492 5587 649 5664 Gregorius
670 5588 723 5652 M„
750 5585 880 5661 Epistola
903 5585 945 5641 ud
968 5585 1102 5641 Serenum
1127 5583 1284 5660 episcopum
1311 5585 1532 5652 lfassilirnserm
1559 5583 1631 5642 00.
1655 5586 1731 5661 Epp.
1753 5585 1793 5654 11,
1809 5593 1872 5644 aba

172 5716 201 5757 ss
219 5690 380 5770 (λαβέ-Ε.
402 5716 430 5751 rr.
449 5689 551 5769 1800).
618 5691 979 5762 allbid.;t.r.11,270.
1015 5691 1047 5746 V.
1063 5696 1275 5766 suprapltltl
1294 5694 1311 5746 l.
1330 5695 1419 5767 lsqq.
1436 5699 1549 5767 2tlsqq.
1567 5697 1681 5767 Zisqq.
1747 5693 1777 5748 4»
1796 5691 1868 5749 (irr-

216 5801 314 5879 9orius
334 5802 387 5872 M,
410 5801 502 5877 Epist.
522 5801 619 5870 ward,
642 5802 660 5857 l.
677 5803 695 5857 l.
714 5799 753 5870 II,
770 5801 840 5858 271.
920 5798 950 5866 5)
976 5796 1092 5853 lbirlrrn.
1163 5795 1194 5866 o)
1220 5797 1378 5874 Gregorius
1399 5797 1452 5866 M,
1474 5798 1605 5873 Epistola
1625 5799 1870 5854 adscendissent

218 5907 405 5984 interpolata;
436 5911 454 5964 l.
479 5909 497 5965 l.
523 5908 563 5976 II,
588 5911 650 5967 142
672 5903 833 5982 (leffe-E.
858 5926 886 5961 u.
907 5903 1007 5978 1673).

1608 6020 1659 6075 64*
