4884 6717
530 528 593 592 726
945 531 998 588 56.
1034 530 1254 588 CONCILIUM
1277 529 1609 597 AQUISGRAIVENSE
1633 531 1670 586 Α.
1691 529 1766 586 836.

634 719 780 785 XXVII.
819 719 872 783 De
896 717 1036 782 diversis
1059 717 1213 800 donariis,
1246 740 1330 805 quae
1354 718 1516 782 Dominus
1546 716 1590 781 ad
1620 716 1873 782 construendum
1903 716 2124 781 sanctuarium
2152 725 2187 781 et

527 826 774 893 tabernaculum
797 850 893 891 suum
916 824 987 890 dari
1010 825 1181 911 praecipit.

634 933 796 998 XXVIII.
836 932 944 1013 Quam
974 931 1195 1017 expiationem
1226 932 1379 1018 princeps
1410 932 1443 995 in
1474 930 1547 1016 lege
1582 953 1641 1017 pro
1676 940 1770 995 reatu
1800 953 1858 996 suo
1889 930 2033 995 Domino
2068 929 2186 994 offerre

526 1042 756 1129 praecipiatur.

633 1146 812 1212 XXVIIII.
853 1144 1001 1226 Qualiter
1024 1145 1109 1230 ignis
1132 1145 1166 1208 in
1190 1143 1285 1208 altari
1309 1144 1444 1209 Domini
1467 1145 1583 1208 nutriri
1607 1143 1746 1209 iubetur.
2201 1173 2216 1212 s

633 1253 746 1318 XXX.
787 1251 875 1334 Quid
899 1250 942 1315 ad
964 1251 1186 1315 sanctuarium
1209 1250 1345 1314 Domini
1367 1248 1564 1337 paventibus
1587 1251 1802 1337 promittatur.

633 1359 764 1425 XXXI.
806 1357 895 1440 Quid
914 1368 1022 1422 autem
1039 1356 1082 1421 ad
1098 1358 1319 1421 sanctuarium
1336 1357 1472 1422 Domini
1487 1381 1552 1421 non
1567 1356 1764 1445 paventibus
1780 1357 1943 1423 Dominus
1959 1356 2184 1421 comminetur.

634 1466 781 1531 XXXII.
820 1465 873 1529 De
898 1463 1048 1529 domibus
1079 1474 1112 1528 et
1135 1465 1222 1548 agris
1253 1474 1286 1528 et
1308 1462 1493 1528 hominibus
1517 1464 1652 1528 Domini
1683 1463 1925 1530 sanctificandis
1957 1475 1989 1528 et
2020 1462 2106 1550 quod
2134 1483 2184 1543 ea,

527 1598 611 1663 quae
634 1574 777 1639 Domino
801 1572 1055 1653 sanctificantur,
1080 1570 1123 1635 ad
1146 1572 1196 1634 ius
1219 1572 1405 1657 pertineant
1428 1570 1644 1636 sacerdotum.

634 1679 800 1745 XXXIII.
840 1678 929 1762 Quid
952 1676 1118 1742 conclusio
1142 1675 1217 1741 libri
1240 1677 1382 1741 Levitici
1405 1679 1529 1742 innuat.
2205 1704 2231 1742 so

811 1820 983 1886 ABHINC
1006 1820 1072 1883 EX
1093 1819 1230 1884 LIBRO
1255 1818 1431 1883 NUMERI
1454 1819 1514 1883 ET
1538 1818 1902 1885 DEUTEROXOMII.

635 1962 818 2028 XXXllII.
858 1962 911 2026 De
942 1959 1092 2026 omnibus
1122 1962 1274 2047 primitiis
1298 1971 1331 2025 et
1354 1960 1395 2025 de
1418 1960 1480 2043 his,
1512 1985 1596 2048 quae
1626 1961 1669 2027 ad
1699 1962 1918 2026 sanctuarium
1942 1960 2077 2025 Domini
2108 1960 2185 2024 offe·

528 2083 651 2153 rantur,
687 2069 774 2157 quod
805 2069 848 2134 ad
878 2071 929 2133 ius
959 2069 1144 2155 pertineant
1174 2067 1391 2150 sacerdotum,
1427 2091 1556 2134 necnon
1586 2079 1619 2133 et
1649 2068 1690 2133 de
1721 2069 1885 2132 erectione
1916 2079 1948 2131 et
1978 2066 2185 2132 dedicatione

524 2177 730 2243 tabernaculi
760 2188 793 2240 et
823 2175 933 2240 altaris
965 2186 997 2238 et
1028 2174 1068 2238 de
1098 2174 1159 2253 his,
1195 2197 1279 2261 quae
1310 2176 1343 2239 in
1374 2175 1489 2239 eadem
1520 2174 1725 2239 dedicatione
1757 2197 1777 2238 a
1806 2172 2010 2261 principibus
2041 2173 2184 2238 Domino

529 2284 638 2349 oblata
661 2295 745 2348 sunt.
2204 2307 2231 2347 rs
2259 2339 2262 2346 ,

636 2390 780 2455 XXXV.
822 2387 919 2470 Quod
943 2411 1007 2451 non
1031 2389 1072 2451 sit
1095 2387 1256 2452 Dominus
1280 2389 1314 2451 in
1337 2389 1492 2452 ministris
1516 2389 1583 2452 suis
1607 2386 1837 2452 detrahendus.

635 2495 797 2561 XXXVI.
836 2494 889 2558 Dc
919 2492 1067 2581 partibus
1098 2493 1257 2581 praedae,
1294 2517 1391 2580 quam
1421 2494 1477 2558 filii
1509 2494 1633 2559 Israhel
1663 2507 1856 2581 coeperant,
1893 2494 2117 2560 sacerdotibus
2152 2503 2186 2558 et

516 2604 654 2669 ‘Letitis
679 2615 710 2668 et
733 2600 945 2667 tabernaculo
962 2601 1106 2665 Domino
1130 2599 1285 2665 exhibitis
1309 2610 1342 2665 et
1365 2601 1454 2687 quod
1469 2601 1631 2666 Dominus
1655 2602 1689 2664 in
1712 2599 1923 2666 tabernaculo
1940 2623 1998 2665 suo
2017 2602 2185 2688 proprium

528 2712 690 2776 aerarium
713 2708 835 2774 habere
859 2707 1007 2772 voluerit.

635 2814 815 2880 XXXVII.
856 2813 954 2896 Quod
984 2812 1084 2878 urbes
1107 2812 1268 2878 Dominus
1300 2822 1332 2877 et
1363 2812 1552 2879 suburbana
1581 2837 1693 2880 earum
1716 2816 1843 2880 Levitis
1874 2814 1946 2879 dari
1968 2814 2232 2902 praeceperit.»

636 2920 832 2986 XXXVHI.
872 2920 924 2985 De
948 2922 1033 2985 votis
1057 2920 1131 2983 Deo
1154 2918 1341 2984 reddendis.

936 3060 1216 3127 EXPLIOIUNT
1241 3060 1470 3127 OAPITULA
1493 3063 1615 3127 LIBRI
1638 3063 1775 3128 PRIMI.

924 3291 1158 3358 INCIPIUNT
1183 3291 1410 3359 CAPITULA
1436 3293 1556 3358 LIBRI
1582 3293 1790 3360 SECUNDI.

1085 3399 1148 3463 DE
1172 3399 1309 3465 LIBRO
1333 3399 1473 3466 HIESU
1496 3400 1631 3465 NAVE.

637 3526 718 3614 Cap.
738 3526 764 3590 l.
804 3526 857 3590 De
876 3524 1124 3588 Hiericuutinac
1148 3522 1240 3588 urbis
1263 3523 1477 3588 subversione
1501 3535 1534 3589 et
1557 3525 1667 3612 populi
1687 3525 1752 3589 Dei
1775 3535 1908 3612 propter
1930 3526 2050 3590 furtum
2069 3525 2186 3590 Achan
2204 3552 2231 3592 as

529 3635 753 3722 peremptione
778 3643 810 3696 et
832 3632 935 3717 ipsius
958 3629 1074 3694 Achan
1097 3631 1181 3693 iusto
1205 3630 1271 3694 Dei
1294 3630 1414 3695 iudicio
1438 3630 1586 3696 horribili
1609 3633 1827 3696 internitione.

637 3741 680 3804 ΙΙ.
720 3738 816 3820 Quod
854 3738 967 3823 punito
1006 3737 1090 3800 iusto
1125 3736 1190 3799 Dei
1224 3736 1345 3801 iudicio
1376 3736 1493 3802 Achan
1527 3738 1666 3825 populus
1699 3738 1921 3803 Israheliticus
1956 3741 2109 3804 continuo
2144 3739 2185 3803 de

530 3845 676 3913 hostibus
700 3848 766 3911 suis
797 3843 997 3930 triumphare
1029 3844 1183 3907 meruerit
1211 3855 1244 3908 et
1273 3867 1332 3930 pro
1365 3845 1479 3909 eodem
1509 3843 1672 3931 triumpho
1701 3845 1796 3909 Iosue
1824 3845 1925 3909 altare
1957 3845 2088 3910 domino
2112 3846 2185 3910 Deo

530 3954 655 4020 Israhel
679 3953 913 4019 aedificaverit.

635 4060 698 4124 III.
736 4060 790 4124 De
815 4056 1020 4137 Gabaonitis,
1045 4079 1126 4142 quos
1150 4056 1246 4121 Iosue
1270 4056 1480 4122 tabernaculo
1504 4058 1639 4122 Domini
1663 4059 1873 4145 mancipavit.
2203 4093 2231 4133 ω

1131 4198 1194 4262 EX
1218 4197 1354 4263 LIBRO
1379 4199 1585 4264 IUDIDUM.

637 4343 715 4408 IIII.
755 4342 851 4424 Quod
876 4353 1022 4428 tempore
1046 4340 1191 4406 iudicum
1215 4341 1320 4406 cultus
1344 4340 1474 4405 divinus
1498 4354 1630 4427 propter
1653 4353 1790 4427 peccata
1819 4342 1931 4429 populi
1960 4341 2130 4429 neglectus
2153 4353 2186 4406 et

531 4474 552 4515 a
575 4449 771 4537 quibusdam
794 4447 958 4513 iudicibus
974 4448 1049 4511 Deo
1068 4446 1276 4533 placentibus
1300 4458 1429 4513 erectus
1453 4458 1486 4512 et
1508 4446 1550 4512 ob
1574 4448 1608 4512 id
1630 4471 1789 4535 persaepe
1813 4448 1854 4513 de
1878 4448 2018 4514 bostium
2043 4449 2185 4514 dominio

532 4557 669 4644 populus
692 4557 758 4621 Dei
782 4556 824 4620 sit
846 4554 1013 4619 liberatus.

1147 4660 1211 4724 EX
1236 4660 1371 4727 LIBRO
1396 4660 1566 4726 REGUll.
2204 4697 2231 4738 η

638 4805 678 4869 V.
720 4803 809 4885 Quid
838 4802 1077 4869 benedictionis
1101 4802 1199 4867 Anna
1229 4826 1288 4889 pro
1319 4826 1367 4884 eo,
1405 4801 1492 4890 quod
1522 4803 1623 4869 filium
1654 4827 1748 4869 suum
1778 4805 1920 4869 Domino
1951 4803 2077 4890 obtulit,
2112 4827 2186 4892 pro·

532 4913 695 4978 meruerit.

638 5018 697 5081 Vl.
737 5016 908 5098 Quomodo
933 5027 1114 5102 peccatum,
1139 5038 1203 5101 quo
1228 5017 1262 5079 in
1287 5015 1393 5080 Deum
1418 5027 1583 5103 peccatur,
1608 5019 1649 5081 sit
1672 5017 1911 5104 accipiendum.

638 5123 715 5187 Vll.
755 5123 853 5205 Quod
872 5125 965 5188 ruina
981 5120 1058 5186 llcli
1079 5121 1259 5186 sacerdotis
1282 5120 1486 5209 filiorumque
1512 5124 1581 5188 eius
1605 5146 1669 5187 non
1693 5124 1796 5189 solum
1820 5124 2044 5190 sacerdotibus
2063 5124 2186 5190 cultum

533 5232 597 5295 Dei
621 5229 880 5316 neglegentibus,
913 5252 1027 5293 verum
1058 5228 1155 5292 etiam
1187 5227 1334 5313 patribus
1365 5240 1397 5293 et
1420 5228 1494 5294 filiis
1526 5228 1670 5294 debitam
1700 5229 1763 5295 sibi
1793 5233 2010 5296 reverentiam
2040 5255 2104 5296 non
2129 5254 2186 5297 ex·
2203 5266 2232 5306 ω

533 5336 719 5402 bibentibus
743 5337 784 5401 sit
807 5334 1077 5424 pertimescenda.

640 5607 895 5673 2praecopitL'1.
914 5606 946 5656 L.
1028 5605 1338 5656 bDominideestBI.
1423 5610 1455 5657 10
1473 5608 1615 5659 LevitiL.
1704 5610 1778 5659 llb'
1782 5625 1934 5661 mmmmmmm
1954 5610 2012 5676 Bi.
2100 5612 2188 5662 raud

532 5697 598 5747 deest
619 5699 646 5746 (ἶ
711 5699 742 5747 18
762 5697 884 5746 Lacritis
902 5695 942 5745 bic
960 5705 984 5746 et
1002 5695 1074 5760 itura
1093 5695 1154 5745 131.
1216 5697 1250 5744 23
1270 5690 1399 5760 Secundi]
1418 5712 1488 5762 quse
1508 5699 1642 5762 incipiunt
1659 5698 1720 5748 add.
1739 5698 1765 5747 B
1775 5703 1799 5747 1.
1819 5698 1850 5748 L.
1907 5701 1939 5750 24
1958 5695 2011 5763 De]
2032 5701 2056 5749 A
2076 5700 2135 5750 Br.
2154 5700 2188 5751 L.

535 5787 611 5836 llesu
632 5785 664 5839 L.
737 5789 771 5836 30
790 5785 952 5835 Gaboenitis
973 5784 997 5833 B
1008 5789 1032 5833 1.
1052 5784 1083 5834 L.
1156 5786 1190 5834 39
1211 5782 1255 5832 lili
1274 5782 1305 5832 L.
1379 5784 1479 5834 cultum
1495 5809 1525 5818 -
1540 5785 1751 5852 neglegentibus
1769 5787 1860 5838 durrat
1877 5787 1903 5838 B
1913 5795 1936 5837 1.
