4884 6717
734 484 786 541 69.
822 484 1040 541 CONCILIUM
1062 484 1272 542 TEA'I'INUM
1294 485 1332 540 Α.
1353 482 1428 540 840.

362 677 409 772 in
432 708 563 772 nomine
587 708 653 772 Dei
678 719 710 771 et
733 706 905 771 salvatoris
928 706 1030 771 nostri
1054 706 1128 770 Iesu
1153 705 1285 770 Christi.

362 814 512 879 Domnus
535 813 759 879 Theodericus
783 824 916 877 sanctae
940 812 1169 877 Teatinensis¹
1193 812 1353 879 ecclesiae
1376 812 1453 876 licet
1477 813 1615 900 exiguus
1639 813 1822 898 episcopus.

363 920 445 986 Cum
470 920 619 1006 synodali
643 943 733 984 more
756 922 790 984 in
814 919 962 1006 praefata
992 913 1219 1000 resideremus,
1250 917 1477 1005 praesentibus
1507 917 1677 983 nobiscum
1707 917 1908 1005 presbyteris

256 1041 288 1093 et
311 1026 502 1093 diaconibus
525 1050 652 1091 necnon
677 1039 710 1091 et
733 1041 851 1091 cuncto
875 1026 962 1091 clero
985 1027 1153 1112 praefatae
1169 1025 1266 1108 sedis,
1290 1024 1401 1112 ibique
1418 1023 1547 1090 Christo
1564 1024 1695 1090 domino
1712 1036 1907 1112 cooperante

223 1137 287 1200 sin
312 1134 493 1199 custodiam
517 1133 721 1198 rectitudinis
745 1144 877 1198 sanctae
901 1145 1032 1197 nostrae
1056 1131 1215 1197 ecclesiae
1232 1141 1457 1212 statueremus,
1481 1144 1517 1195 ut
1533 1130 1575 1195 ad
1591 1130 1757 1196 meliorem
1774 1131 1905 1219 quidem

255 1253 374 1307 statum
405 1241 663 1305 ecclesiasticum
693 1241 726 1303 in
759 1239 867 1326 aliquo
898 1262 1126 1304 exerceremus
1158 1237 1437 1320 consuetudinem,
1473 1249 1567 1324 quac'
1592 1239 1769 1324 antiquitus
1803 1238 1910 1303 fuerat

256 1346 508 1430 reconcilianda,
532 1346 578 1412 ibi
602 1348 687 1411 inter
710 1357 840 1411 caetera
864 1369 938 1410 curu
962 1368 1123 1410 consensu
1148 1346 1291 1409 omniurn
1314 1343 1555 1430 praedictorum
1580 1345 1794 1410 canonicam²
1817 1346 1908 1410 insti-

255 1468 346 1519 tuere
371 1454 578 1535 certavimus,
609 1452 766 1518 habentes
789 1475 936 1517 normam
959 1452 1131 1532 firmitatis,
1162 1474 1201 1516 eo
1231 1450 1318 1537 quod
1342 1473 1362 1515 a
1386 1450 1517 1515 domino
1540 1452 1736 1537 imperatore
1759 1451 1908 1538 Augusto

257 1584 316 1648 per
338 1561 469 1625 diversa
492 1561 660 1646 episcopia
682 1562 748 1624 iam
772 1559 829 1624 diu
852 1582 892 1623 ea
914 1558 985 1623 fieri
1008 1569 1217 1645 praeceptum
1243 1561 1323 1623 est³.
1370 1557 1414 1621 Et
1445 1559 1522 1644 quia
1551 1557 1605 1622 hic
1628 1569 1761 1644 propter
1784 1556 1908 1623 obitum

213 1693 238 1732 ro
256 1668 472 1733 antecessoris
495 1668 561 1731 mei
584 1668 749 1748 remansit,
774 1666 898 1731 idcirco
914 1678 1064 1751 prompto
1081 1666 1189 1729 animo
1206 1663 1270 1729 illis
1286 1662 1564 1730 consentientibus
1581 1665 1772 1729 canonicam
1796 1686 1909 1730 recon-

257 1774 405 1839 ciliamus
435 1775 469 1837 in
499 1773 640 1838 ecclesia
668 1772 756 1838 beati
787 1772 902 1837 Iustini
934 1795 1007 1837 cum
1038 1773 1110 1857 ipsa
1140 1771 1281 1835 ecclesia
1311 1771 1415 1836 sancti
1439 1770 1617 1836 Salvatoris
1649 1794 1722 1835 cum
1753 1771 1847 1835 terris
1878 1784 1911 1836 et

257 1883 372 1963 vineis,
404 1903 477 1945 cum
508 1878 676 1945 colonibus
707 1892 739 1944 et
769 1880 855 1944 omni
887 1879 1082 1966 pertinentia
1105 1901 1164 1941 sua
1187 1889 1220 1942 et
1243 1878 1276 1941 in
1305 1877 1445 1942 ecclesia
1475 1887 1606 1942 sancme
1630 1877 1791 1963 Agathae,
1822 1877 1910 1965 quod

257 1998 307 2052 est
330 1986 540 2074 synodocliea
563 1985 609 2051 ibi
633 1987 817 2068 constituta,
842 2009 915 2050 cum
940 1987 1043 2050 seruis
1067 1999 1100 2049 et
1122 1984 1259 2065 ancillis,
1284 2007 1357 2049 cunr
1381 1984 1475 2048 terris
1492 1994 1525 2048 et
1539 1985 1655 2066 vineis,
1679 2007 1763 2071 quae
1780 1994 1854 2050 sunt
1876 1985 1910 2048 in

258 2095 402 2159 Grenaci
416 2099 439 2175 ⁴,
469 2095 502 2157 in
533 2093 621 2157 fonte
646 2092 849 2172 Sanmasia⁵,
881 2090 941 2156 sub
971 2094 1042 2179 ipso
1074 2103 1283 2156 monumento
1315 2113 1336 2155 a
1359 2101 1472 2156 sancto
1495 2089 1630 2155 Andrea
1663 2113 1736 2155 cum
1761 2092 1854 2155 terris
1878 2102 1911 2155 et

213 2225 239 2265 n
257 2202 361 2265 vineis
385 2211 418 2265 et
440 2201 473 2264 in
496 2198 676 2264 Arizafalir
699 2211 732 2263 et
754 2201 787 2263 in
812 2197 993 2263 Ganzano⁷
1016 2201 1048 2262 in
1079 2200 1173 2262 terris
1204 2209 1237 2262 et
1266 2198 1372 2262 vineis
1403 2210 1436 2263 ct
1465 2198 1499 2261 in
1523 2198 1611 2261 omni
1633 2198 1829 2285 pertinentia
1852 2221 1912 2263 sua

258 2319 290 2372 et
313 2309 347 2372 in
370 2306 457 2372 Casa
482 2307 570 2372 Ostri
595 2329 668 2371 cum
698 2304 826 2370 duobus
856 2307 923 2369 suis
955 2303 1123 2371 colonibus
1148 2306 1237 2370 etin
1262 2303 1464 2369 Cerretello⁸
1488 2327 1561 2369 cum
1585 2315 1672 2368 terra
1695 2306 1855 2369 etvineis
1878 2315 1911 2369 et

257 2416 291 2479 in
306 2413 513 2479 Paternello⁹
535 2414 570 2477 in
593 2414 666 2505 ipsa
690 2425 779 2477 curte
804 2435 876 2477 curn
901 2411 992 2477 cellis
1016 2424 1049 2476 ct
1072 2411 1221 2477 omnibus
1246 2434 1303 2476 seu
1320 2412 1483 2476 consuetis
1499 2421 1533 2476 et
1555 2410 1756 2476 colonicibus
1780 2424 1813 2475 et
1836 2434 1910 2476 cum

258 2523 346 2586 omni
376 2519 580 2586 subiacentis
614 2518 667 2583 vel
697 2520 893 2605 pertinentia
923 2541 983 2582 sua
1012 2531 1044 2583 et
1074 2518 1162 2605 quod
1197 2528 1247 2582 est
1275 2519 1309 2582 in
1340 2518 1485 2582 Karamo
1519 2519 1642 2583 maiore
1654 2522 1680 2561 ¹⁰
1714 2542 1787 2582 cum
1823 2520 1910 2583 omni

258 2626 461 2693 subiacentis
484 2626 536 2692 vel
559 2627 755 2716 pertinentia
778 2649 837 2690 sua
860 2639 892 2689 ct
916 2648 989 2690 cum
1013 2626 1093 2711 ipsis
1115 2624 1225 2706 rebus,
1257 2647 1341 2712 quae
1372 2637 1446 2689 sunt
1468 2625 1502 2689 in
1525 2624 1670 2690 Karamo
1694 2626 1855 2689 minorell
1879 2635 1912 2690 et

214 2937 241 2976 ιο
367 2911 536 2984 9prsafata]
555 2917 607 2967 scii.
627 2915 754 2967 ecclesia.
828 2917 843 2965 6
863 2915 945 2965 suerit
962 2914 1000 2964 ed.
1074 2917 1089 2966 ’1
1110 2909 1325 2979 reconcilianda]
1344 2914 1372 2964 id
1389 2923 1425 2965 est
1443 2915 1624 2966 reformanda.
1692 2909 1741 2979 ibi]
1760 2915 1854 2980 ibique
1872 2915 1911 2966 ed.

258 3008 478 3073 praedicatorum
496 3006 535 3056 cd.
626 3005 837 3055 certificavimus
854 3004 893 3053 cd.
985 3005 1019 3054 10
1044 3006 1161 3056 remansi
1179 3004 1228 3066 ed,
1251 3003 1375 3070 intellije:
1399 3003 1538 3070 inperfecta
1561 3004 1601 3055 rel
1623 3004 1736 3054 nondum
1760 3003 1911 3055 introducta.

260 3090 478 3159 reconciliamus]
496 3095 524 3144 id
542 3102 577 3144 cst
594 3094 757 3152 instituimus,
776 3100 805 3143 at
821 3093 1002 3158 interpretatio
1015 3092 1136 3158 Draanpe
1150 3109 1170 3142 a.
1182 3109 1205 3143 a.
1217 3091 1381 3158 εψιοάοεὶἰαι
1439 3094 1471 3143 12
1490 3086 1643 3157 colonibus]
1662 3093 1699 3143 ita
1716 3092 1764 3154 ed„
1783 3093 1910 3145 colonis?

260 3180 344 3250 quod]
363 3184 487 3250 intellipe:
512 3189 656 3251 propterea
674 3182 757 3248 quod.
833 3183 864 3232 13
889 3176 1075 3247 synodociica]
1094 3182 1131 3232 ita
1149 3182 1224 3232 etiam
1243 3181 1364 3248 Ducanpe
1381 3201 1400 3232 r.
1419 3200 1451 3242 a,
1474 3180 1684 3249 intemperantem
1701 3182 1911 3248 synodochium,

259 3274 290 3323 de
308 3291 356 3340 quo
373 3272 444 3324 rerba
461 3271 522 3323 ibid.
540 3290 560 3322 s.
579 3290 602 3326 a.
620 3270 790 3322 sirrododriam
804 3271 885 3337 plara
903 3271 1028 3336 lepunmr.
1121 3272 1152 3321 Π
1179 3266 1328 3336 consuetis]
1353 3271 1391 3322 ita
1408 3271 1456 3332 ed,
1482 3270 1676 3322 mundationem
1696 3288 1837 3338 prmmncrs
1860 3289 1911 3322 non

215 3380 242 3419 ss
259 3362 347 3413 audeo.
438 3357 618 3426 colonicibus]
641 3362 678 3412 ita
702 3361 749 3422 ed,
776 3359 908 3411 colonicis
933 3357 978 3422 (=
992 3359 1105 3422 coloniis)
1121 3360 1233 3425 sertassc
1250 3360 1290 3411 bic
1312 3369 1336 3410 et
1354 3360 1426 3426 infra
1444 3359 1574 3426 dependam
1591 3369 1642 3420 est,·
1668 3379 1692 3411 r.
1711 3361 1832 3426 Ihsoanps
1850 3378 1869 3411 s.
1888 3379 1911 3411 r.

259 3452 359 3502 σοὶοιιιιε
377 3446 515 3515 (ωἱοηίω).
590 3453 623 3502 18
641 3444 822 3514 subiacentis]
840 3449 868 3499 id
885 3457 921 3499 cst
936 3449 1081 3516 appendice,
1100 3449 1250 3511 tracessiona,¹
1267 3467 1289 3500 s.
1310 3450 1430 3516 Drworwe
1447 3467 1468 3501 s.
1486 3468 1508 3500 a.

372 3705 400 3773 1)
425 3701 530 3772 Ciris&
554 3703 595 3775 cs.
613 3700 714 3772 Garris,
739 3701 833 3759 Series
856 3701 1048 3779 episcopanos
1066 3722 1100 3779 p.
1117 3706 1190 3763 875.
1261 3701 1292 3773 2)
1316 3702 1355 3760 Id
1371 3711 1412 3760 est
1429 3701 1628 3761 canonicorum
1652 3702 1803 3779 coltepinrn,
1827 3704 1912 3761 accle-

260 3812 332 3868 siam
356 3810 547 3887 collepiatam;
572 3809 612 3881 cs.
637 3809 777 3885 Dacanqe
798 3828 822 3865 s.
845 3829 871 3865 v.
946 3808 977 3878 3)
1004 3806 1052 3881 Cf.
1076 3829 1166 3885 sapra
1185 3829 1217 3886 p.
1235 3813 1298 3869 456
1309 3829 1371 3885 sqq.
1395 3808 1529 3884 epbtoiae
1551 3808 1713 3866 ffladowici
1733 3808 1913 3885 inrperatoris

261 3937 339 3975 anno
351 3911 476 3994 816s17.
490 3917 533 3974 ad
545 3915 772 3992 archiepiscopos
787 3915 921 3973 directae.
991 3917 1022 3986 4)
1034 3917 1080 3972 An
1091 3917 1236 3993 dependam
1249 3925 1290 3975 est
1300 3916 1449 3972 Gerania?
1473 3913 1630 3974 Geranion
1646 3909 1740 3990 (bodie
1751 3913 1911 3987 ‘Geriane',

217 4040 243 4078 so
261 4024 338 4101 quod
365 4022 543 4081 desideratur
571 4023 653 4098 apud
679 4021 784 4091 Araad,
815 4021 995 4080 ‘Ditionario
1024 4022 1201 4100 eoroprafico
1226 4022 1365 4080 illustrato
1388 4023 1453 4080 dcll’
1478 4021 1588 4092 Italia’‚
1619 4030 1669 4079 ant
1691 4020 1910 4092 ‘Gasacalcnda

262 4151 358 4187 carim.
388 4131 436 4187 nel
458 4128 646 4205 Napotctano,
674 4148 757 4203 pror.
782 4128 813 4184 di
836 4128 946 4196 Moliae,
978 4128 1102 4185 circond.
1127 4129 1158 4185 di
1180 4128 1324 4198 Larino';
1356 4129 1398 4201 cs.
1423 4131 1441 4186 l.
1466 4130 1485 4185 l.
1509 4128 1550 4198 II,
1573 4123 1648 4204 479)
1671 4128 1811 4186 inveniam
1834 4131 1916 4205 apud

263 4236 303 4293 Η.
323 4236 449 4313 Kiepert,
474 4237 557 4294 Atlas
578 4229 867 4310 antiquus(ed.11.,
892 4230 1140 4311 Berolini1892),
1164 4255 1234 4310 app-
1255 4254 1286 4309 ρ.
1305 4238 1352 4294 11.
1428 4235 1458 4305 5)
1483 4234 1554 4292 Loci
1575 4235 1656 4292 baius
1678 4234 1911 4312 rclipnonmrqae,

262 4342 360 4418 quibua
381 4344 460 4399 nulla
483 4350 523 4398 est
544 4341 645 4399 addita
668 4341 872 4416 interpretatio,
897 4341 977 4398 sitarrn
995 4341 1181 4417 soraranrqnc
1203 4341 1324 4398 nominis
1345 4342 1509 4400 modernam
1532 4340 1703 4417 inrestiparc
1723 4341 1912 4417 nequiciarum

263 4451 347 4526 calpa
363 4457 403 4507 eat
422 4448 537 4508 editioni
552 4447 691 4524 principi,
715 4447 822 4506 ἀιιαὸιιε
844 4447 947 4505 viridas
970 4447 1112 4523 repetitae,
1136 4467 1193 4505 non
1217 4456 1361 4504 correctae
1383 4447 1572 4506 attribuenda.
1642 4447 1673 4516 6)
1697 4448 1743 4504 An
1759 4447 1911 4519 ίΑνίεσοΙιὶα,

218 4572 245 4612 st
263 4574 405 4613 wmrnane
427 4557 475 4611 nel
494 4554 684 4630 Napotctano,
706 4554 856 4630 provincia
879 4553 1038 4612 d’dbrnrzo
1066 4553 1204 4611 Ulteriora
1227 4554 1267 4622 II,
1292 4553 1472 4612 circondario
1494 4554 1638 4631 anana,
1662 4554 1861 4612 mandamento
1884 4555 1914 4612 di

264 4661 383 4719 Pizzot?
392 4662 422 4730 3,-
446 4661 487 4733 cs.
504 4660 608 4730 Arrcti,
633 4663 651 4716 l.
668 4663 686 4717 l.
704 4661 728 4730 Ι,
746 4665 816 4720 415.
886 4661 916 4729 7)
940 4661 986 4716 Aa
1011 4659 1170 4730 ‘Gcnrana
1195 4680 1291 4717 comni.
1315 4661 1363 4716 nel
1383 4658 1574 4735 Napoletano,
1593 4680 1678 4736 pror.
1698 4660 1729 4716 di
1743 4660 1911 4731 Basilicam,

263 4769 387 4826 circond.
412 4768 442 4826 di
464 4767 599 4836 Potenza,
624 4768 720 4824 rnand.
745 4767 775 4825 di
798 4765 989 4835 Geasaao'?;
1025 4767 1065 4838 cf.
1090 4767 1186 4824 Amati
1208 4767 1262 4837 IV,
1288 4770 1356 4826 130.
1471 4766 1502 4835 8)
1526 4766 1683 4825 ‘Frazs'one
1705 4767 1752 4823 del
1772 4786 1914 4825 comnenae

263 4875 293 4932 di
316 4874 422 4934 Oliveto
444 4873 474 4931 in
494 4873 613 4942 Sabina,
633 4893 717 4950 prosi.
743 4875 807 4931 ‹tett’
829 4873 954 4943 I'rnbria,
979 4873 1103 4930 circond.
1129 4872 1160 4929 ds'
1173 4872 1258 4943 Ricti,
1283 4875 1378 4931 mand.
1397 4872 1427 4930 di
1440 4874 1538 4931 Rosea
1554 4873 1707 4931 Sinibaidi'
1716 4895 1726 4943 ,-
1749 4873 1791 4945 cs.
1808 4874 1911 4944 Arrcti,

263 4983 281 5038 t.
306 4983 324 5038 l.
349 4981 389 5052 II,
407 4984 475 5042 919.
567 4981 599 5048 9)
624 4981 703 5038 Inter
726 4982 797 5050 loca,
821 4999 894 5057 patae
917 4979 1021 5050 rimati,
1047 4982 1065 5035 I.
1083 4982 1101 5036 t.
1124 4981 1157 5048 V,
1175 4983 1233 5040 991
1245 5000 1287 5056 sq.
1311 5001 1334 5038 s.
1358 4999 1385 5036 v.
1410 4979 1562 5037 ‘Paterno’
1586 4980 1683 5053 affert,
1707 4981 1749 5038 ad
1768 4999 1853 5037 anam
1877 4999 1913 5038 er

217 5107 245 5145 so
263 5088 306 5146 dis
328 5097 430 5166 septem
446 5088 650 5164 respiciendam
666 5087 784 5156 addetur,
808 5086 912 5144 scilicet
933 5084 965 5162 a)
990 5087 1091 5144 ‘Fran
1109 5087 1156 5143 del
1170 5105 1267 5144 comm.
1285 5087 1316 5142 di
1329 5086 1501 5156 Amandala,
1519 5105 1605 5161 prov.
1623 5086 1653 5143 di
1668 5086 1762 5143 Ascoli
1776 5086 1895 5144 Piceno’
1902 5107 1913 5157 ,⁰

263 5190 290 5270 b)
322 5195 424 5253 ‘Fran
450 5196 496 5252 del
517 5214 612 5252 comta.
637 5194 668 5250 di
690 5193 763 5262 Arri,
782 5213 867 5269 pror.
892 5195 923 5251 di
945 5193 1072 5250 Abrtszzo
1101 5192 1240 5251 &terrore
1262 5193 1310 5262 12·
1340 5189 1366 5266 c)
1397 5191 1499 5249 ‘Fran
1530 5193 1577 5249 del
1605 5211 1700 5250 comm.
1732 5192 1762 5248 di
1791 5191 1911 5269 Canrpli,

259 5321 343 5377 prou.
368 5301 398 5358 di
420 5301 548 5358 Adrano
577 5300 718 5358 Ulteriorc
742 5300 789 5366 1²,·
825 5296 855 5377 d)
887 5300 989 5357 ‘Fran
1014 5301 1061 5356 del
1082 5319 1177 5356 cornnr.
1203 5299 1235 5356 di
1258 5299 1352 5358 Castel
1374 5299 1457 5358 Sant’
1481 5301 1598 5377 Anqelo,
1623 5318 1709 5377 prov.
1734 5299 1764 5356 di
1786 5298 1913 5358 Abrnzto

269 5408 407 5465 Ulteriora
429 5407 474 5464 11²
483 5429 493 5476 ,⁰
516 5402 542 5482 e)
567 5407 668 5464 ‘Fraz⁴
694 5408 740 5464 del
754 5427 850 5464 comm.
868 5406 898 5463 di
914 5405 1028 5475 Cetaria,
1050 5426 1133 5481 prov.
1151 5406 1181 5463 di
1195 5405 1324 5463 Adrasto
1345 5404 1484 5464 Ulteriora
1499 5406 1543 5462 [Ρ
1551 5427 1561 5474 ;
1578 5402 1613 5482 f)
1637 5406 1738 5463 ‘Fran
1755 5406 1802 5462 del
1815 5425 1911 5463 comm.

263 5514 294 5571 di
317 5513 474 5583 Fadrr'ano,
500 5533 586 5590 prou
611 5514 641 5571 di
663 5515 814 5582 Ancona⁷;
847 5509 878 5590 q)
904 5512 1005 5570 ‘Fran
1034 5513 1081 5569 dcl
1103 5532 1198 5569 carim.
1230 5511 1261 5569 di
1291 5512 1396 5590 Pappia
1421 5511 1542 5582 Cottiae,
1569 5531 1653 5587 prov.
1678 5513 1742 5570 dclt’
1771 5511 1911 5570 Unsbria’.

217 5639 245 5679 ss
265 5621 317 5690 10)
342 5620 478 5678 Fortasse
501 5619 714 5688 ‘Caramanica
739 5639 835 5678 eornm.
860 5639 874 5677 e
897 5619 994 5676 mand.
1017 5621 1065 5676 net
1087 5619 1276 5695 dispoletano,
1295 5638 1379 5695 prov.
1406 5618 1436 5675 di
1457 5617 1585 5675 Abrwzo
1610 5617 1755 5690 citeriore,
1787 5619 1911 5677 circrmd.

263 5727 293 5784 di
317 5725 438 5797 Ctiea’;
462 5727 502 5798 cf.
527 5726 631 5796 rimati,
655 5728 674 5783 ἱ.
691 5729 709 5784 l.
734 5726 774 5797 H,
792 5729 863 5786 396.
957 5726 1009 5795 11)
1034 5725 1170 5783 Fortasse
1193 5725 1498 5795 ‘Boccacararnanica
1523 5745 1618 5782 consor.
1642 5727 1698 5782 nel.
1721 5724 1911 5802 Napoletano,

258 5853 343 5910 pron
375 5834 405 5890 di
434 5833 562 5890 Adrano
591 5831 737 5902 Cdcrime,
769 5832 892 5889 circond.
924 5831 954 5889 di
985 5829 1082 5902 Odisti,
1114 5832 1209 5889 mand.
1242 5833 1272 5888 di
1302 5831 1525 5902 Caramanico’,·
1560 5832 1601 5903 cs.
1626 5832 1723 5890 Amati
1751 5832 1798 5902 VI,
1823 5835 1911 5892 1041.
