<?xml version="1.0" encoding="UTF-8"?>
<!DOCTYPE html PUBLIC "-//W3C//DTD XHTML 1.0 Transitional//EN"
    "http://www.w3.org/TR/xhtml1/DTD/xhtml1-transitional.dtd">
<html xmlns="http://www.w3.org/1999/xhtml" xml:lang="en" lang="en">
 <head>
  <title>
</title>
<meta http-equiv="Content-Type" content="text/html;charset=utf-8" />
  <meta name='ocr-system' content='tesseract 3.04.00' />
  <meta name='ocr-capabilities' content='ocr_page ocr_carea ocr_par ocr_line ocrx_word'/>
</head>
<body>
  <div class='ocr_page' id='page_1' title='image "./monumentagerman02gescgoog_0060.png"; bbox 0 0 4884 6717; ppageno 0'>
   <div class='ocr_carea' id='block_1_1' title="bbox 628 469 1811 573">
    <p class='ocr_par' dir='ltr' id='par_1_1' title="bbox 628 469 1811 573">
     <span class='ocr_line' id='line_1_1' title="bbox 628 469 1811 573; baseline -0.001 0"><span class='ocrx_word' id='word_1_1' title='bbox 628 509 693 573; x_wconf 80' lang='lat'>508</span> <span class='ocrx_word' id='word_1_2' title='bbox 1039 469 1048 488; x_wconf 39' lang='grc' dir='ltr'><strong><em>ο</em></strong></span> <span class='ocrx_word' id='word_1_3' title='bbox 1097 513 1149 569; x_wconf 79' lang='grc'>44.</span> <span class='ocrx_word' id='word_1_4' title='bbox 1185 513 1404 572; x_wconf 81' lang='lat' dir='ltr'>CONCILIUM</span> <span class='ocrx_word' id='word_1_5' title='bbox 1428 514 1656 572; x_wconf 75' lang='lat' dir='ltr'>Pamslansu</span> <span class='ocrx_word' id='word_1_6' title='bbox 1680 517 1716 571; x_wconf 82' lang='grc' dir='ltr'>Α.</span> <span class='ocrx_word' id='word_1_7' title='bbox 1737 515 1811 572; x_wconf 85' lang='grc'>825.</span> 
     </span>
    </p>
   </div>
   <div class='ocr_carea' id='block_1_2' title="bbox 625 700 2328 2385">
    <p class='ocr_par' dir='ltr' id='par_1_2' title="bbox 625 700 2328 2385">
     <span class='ocr_line' id='line_1_2' title="bbox 733 700 2283 788; baseline -0.001 -22"><span class='ocrx_word' id='word_1_8' title='bbox 733 701 777 766; x_wconf 89' lang='lat' dir='ltr'>Et</span> <span class='ocrx_word' id='word_1_9' title='bbox 800 710 873 787; x_wconf 91' lang='lat' dir='ltr'>post</span> <span class='ocrx_word' id='word_1_10' title='bbox 896 700 1060 787; x_wconf 78' lang='lat' dir='ltr'>quaedam</span> <span class='ocrx_word' id='word_1_11' title='bbox 1083 701 1275 787; x_wconf 88' lang='lat' dir='ltr'>interposita</span> <span class='ocrx_word' id='word_1_12' title='bbox 1298 703 1419 788; x_wconf 88' lang='lat' dir='ltr'>inquit:</span> <span class='ocrx_word' id='word_1_13' title='bbox 1449 708 1612 784; x_wconf 80' lang='lat' dir='ltr'>Imaginesl</span> <span class='ocrx_word' id='word_1_14' title='bbox 1636 714 1722 780; x_wconf 81' lang='lat' dir='ltr'>enirn,</span> <span class='ocrx_word' id='word_1_15' title='bbox 1753 731 1824 784; x_wconf 82' lang='lat' dir='ltr'>quas</span> <span class='ocrx_word' id='word_1_16' title='bbox 1852 712 1935 768; x_wconf 83' lang='lat' dir='ltr'>nobis</span> <span class='ocrx_word' id='word_1_17' title='bbox 1965 712 2018 766; x_wconf 89' lang='lat' dir='ltr'>tibi</span> <span class='ocrx_word' id='word_1_18' title='bbox 2041 712 2205 783; x_wconf 84' lang='lat' dir='ltr'>dirigendas</span> <span class='ocrx_word' id='word_1_19' title='bbox 2228 729 2283 782; x_wconf 85' lang='lat' dir='ltr'>per</span> 
     </span>
     <span class='ocr_line' id='line_1_3' title="bbox 628 818 2282 891; baseline 0 -18"><span class='ocrx_word' id='word_1_20' title='bbox 628 819 783 874; x_wconf 88' lang='lat' dir='ltr'>Dulcitium</span> <span class='ocrx_word' id='word_1_21' title='bbox 806 818 954 873; x_wconf 83' lang='lat' dir='ltr'>diaconem</span> <span class='ocrx_word' id='word_1_22' title='bbox 977 825 1057 872; x_wconf 91' lang='lat' dir='ltr'>tuum</span> <span class='ocrx_word' id='word_1_23' title='bbox 1079 818 1195 889; x_wconf 87' lang='lat' dir='ltr'>rogasti,</span> <span class='ocrx_word' id='word_1_24' title='bbox 1227 818 1310 873; x_wconf 89' lang='lat' dir='ltr'>valde</span> <span class='ocrx_word' id='word_1_25' title='bbox 1341 818 1422 872; x_wconf 93' lang='lat' dir='ltr'>nobis</span> <span class='ocrx_word' id='word_1_26' title='bbox 1452 827 1503 873; x_wconf 91' lang='lat' dir='ltr'>tua</span> <span class='ocrx_word' id='word_1_27' title='bbox 1525 818 1680 889; x_wconf 89' lang='lat' dir='ltr'>postulatio</span> <span class='ocrx_word' id='word_1_28' title='bbox 1703 819 1822 891; x_wconf 80' lang='lat' dir='ltr'>placuit,</span> <span class='ocrx_word' id='word_1_29' title='bbox 1854 820 1920 890; x_wconf 89' lang='lat' dir='ltr'>quia</span> <span class='ocrx_word' id='word_1_30' title='bbox 1949 818 2026 872; x_wconf 88' lang='lat' dir='ltr'>illum</span> <span class='ocrx_word' id='word_1_31' title='bbox 2057 818 2086 871; x_wconf 92' lang='lat' dir='ltr'>in</span> <span class='ocrx_word' id='word_1_32' title='bbox 2109 819 2195 873; x_wconf 90' lang='lat' dir='ltr'>eorde</span> <span class='ocrx_word' id='word_1_33' title='bbox 2219 825 2282 873; x_wconf 86' lang='lat' dir='ltr'>tota</span> 
     </span>
     <span class='ocr_line' id='line_1_4' title="bbox 627 923 2282 996; baseline -0.001 -16"><span class='ocrx_word' id='word_1_34' title='bbox 627 926 785 980; x_wconf 88' lang='lat' dir='ltr'>intentione</span> <span class='ocrx_word' id='word_1_35' title='bbox 816 926 940 996; x_wconf 89' lang='lat' dir='ltr'>quaeris,</span> <span class='ocrx_word' id='word_1_36' title='bbox 969 925 1048 979; x_wconf 90' lang='lat' dir='ltr'>cuius</span> <span class='ocrx_word' id='word_1_37' title='bbox 1077 924 1228 996; x_wconf 79' lang='lat' dir='ltr'>imaginem</span> <span class='ocrx_word' id='word_1_38' title='bbox 1258 942 1327 995; x_wconf 91' lang='lat' dir='ltr'>prae</span> <span class='ocrx_word' id='word_1_39' title='bbox 1357 923 1445 979; x_wconf 88' lang='lat' dir='ltr'>oculis</span> <span class='ocrx_word' id='word_1_40' title='bbox 1473 925 1579 980; x_wconf 89' lang='lat' dir='ltr'>habere</span> <span class='ocrx_word' id='word_1_41' title='bbox 1611 927 1770 988; x_wconf 76' lang='lat' dir='ltr'>desideras,</span> <span class='ocrx_word' id='word_1_42' title='bbox 1799 935 1832 980; x_wconf 91' lang='lat' dir='ltr'>ut</span> <span class='ocrx_word' id='word_1_43' title='bbox 1861 926 1929 980; x_wconf 86' lang='lat' dir='ltr'>visio</span> <span class='ocrx_word' id='word_1_44' title='bbox 1957 925 2107 995; x_wconf 85' lang='lat' dir='ltr'>corporalis</span> <span class='ocrx_word' id='word_1_45' title='bbox 2136 925 2282 979; x_wconf 84' lang='lat' dir='ltr'>cotidiana</span> 
     </span>
     <span class='ocr_line' id='line_1_5' title="bbox 626 1031 2280 1104; baseline -0.001 -18"><span class='ocrx_word' id='word_1_46' title='bbox 626 1049 741 1104; x_wconf 88' lang='lat' dir='ltr'>semper</span> <span class='ocrx_word' id='word_1_47' title='bbox 762 1032 865 1087; x_wconf 88' lang='lat' dir='ltr'>reddat</span> <span class='ocrx_word' id='word_1_48' title='bbox 889 1039 1027 1099; x_wconf 86' lang='lat' dir='ltr'>exortum,</span> <span class='ocrx_word' id='word_1_49' title='bbox 1050 1039 1094 1099; x_wconf 93' lang='lat' dir='ltr'>ut,</span> <span class='ocrx_word' id='word_1_50' title='bbox 1122 1032 1188 1085; x_wconf 90' lang='lat' dir='ltr'>dum</span> <span class='ocrx_word' id='word_1_51' title='bbox 1211 1032 1351 1102; x_wconf 81' lang='lat' dir='ltr'><strong>picturam</strong></span> <span class='ocrx_word' id='word_1_52' title='bbox 1374 1032 1464 1099; x_wconf 90' lang='lat' dir='ltr'>vides,</span> <span class='ocrx_word' id='word_1_53' title='bbox 1495 1033 1531 1086; x_wconf 90' lang='lat' dir='ltr'>ad</span> <span class='ocrx_word' id='word_1_54' title='bbox 1554 1031 1632 1086; x_wconf 89' lang='lat' dir='ltr'>illum</span> <span class='ocrx_word' id='word_1_55' title='bbox 1655 1035 1747 1088; x_wconf 88' lang='lat' dir='ltr'>animo</span> <span class='ocrx_word' id='word_1_56' title='bbox 1771 1033 1942 1099; x_wconf 78' lang='lat' dir='ltr'>inardescas,</span> <span class='ocrx_word' id='word_1_57' title='bbox 1974 1032 2052 1086; x_wconf 89' lang='lat' dir='ltr'>cuius</span> <span class='ocrx_word' id='word_1_58' title='bbox 2075 1041 2106 1085; x_wconf 88' lang='lat' dir='ltr'>tc</span> <span class='ocrx_word' id='word_1_59' title='bbox 2130 1032 2280 1102; x_wconf 76' lang='lat' dir='ltr'>imaginem</span> 
     </span>
     <span class='ocr_line' id='line_1_6' title="bbox 625 1137 2313 1210; baseline 0 -16"><span class='ocrx_word' id='word_1_60' title='bbox 625 1140 723 1195; x_wconf 87' lang='lat' dir='ltr'>videre</span> <span class='ocrx_word' id='word_1_61' title='bbox 748 1138 919 1194; x_wconf 85' lang='lat' dir='ltr'>consideras.</span> <span class='ocrx_word' id='word_1_62' title='bbox 966 1138 1013 1192; x_wconf 77' lang='lat' dir='ltr'>ab</span> <span class='ocrx_word' id='word_1_63' title='bbox 1035 1156 1067 1193; x_wconf 90' lang='lat' dir='ltr'>re</span> <span class='ocrx_word' id='word_1_64' title='bbox 1091 1156 1147 1193; x_wconf 92' lang='lat' dir='ltr'>non</span> <span class='ocrx_word' id='word_1_65' title='bbox 1170 1138 1298 1205; x_wconf 84' lang='lat' dir='ltr'>facimus,</span> <span class='ocrx_word' id='word_1_66' title='bbox 1329 1140 1353 1192; x_wconf 88' lang='lat' dir='ltr'>si</span> <span class='ocrx_word' id='word_1_67' title='bbox 1375 1157 1428 1210; x_wconf 89' lang='lat' dir='ltr'>per</span> <span class='ocrx_word' id='word_1_68' title='bbox 1451 1138 1573 1193; x_wconf 81' lang='lat' dir='ltr'>visibilia</span> <span class='ocrx_word' id='word_1_69' title='bbox 1594 1139 1752 1193; x_wconf 79' lang='lat' dir='ltr'>visibilibus</span> <span class='ocrx_word' id='word_1_70' title='bbox 1774 1138 1925 1194; x_wconf 85' lang='lat' dir='ltr'>invisibilia</span> <span class='ocrx_word' id='word_1_71' title='bbox 1955 1139 2186 1193; x_wconf 83' lang='lat' dir='ltr'>demonstramus.</span> <span class='ocrx_word' id='word_1_72' title='bbox 2232 1137 2313 1195; x_wconf 85' lang='lat' dir='ltr'>Sics</span> 
     </span>
     <span class='ocr_line' id='line_1_7' title="bbox 627 1245 2279 1316; baseline -0.001 -16"><span class='ocrx_word' id='word_1_73' title='bbox 627 1246 718 1314; x_wconf 91' lang='lat' dir='ltr'>homo,</span> <span class='ocrx_word' id='word_1_74' title='bbox 744 1246 791 1316; x_wconf 89' lang='lat' dir='ltr'>qui</span> <span class='ocrx_word' id='word_1_75' title='bbox 815 1245 900 1300; x_wconf 90' lang='lat' dir='ltr'>alium</span> <span class='ocrx_word' id='word_1_76' title='bbox 924 1247 1059 1300; x_wconf 81' lang='lat' dir='ltr'>ardenter</span> <span class='ocrx_word' id='word_1_77' title='bbox 1081 1245 1179 1301; x_wconf 87' lang='lat' dir='ltr'>videre</span> <span class='ocrx_word' id='word_1_78' title='bbox 1204 1246 1350 1301; x_wconf 85' lang='lat' dir='ltr'>desiderat</span> <span class='ocrx_word' id='word_1_79' title='bbox 1374 1252 1423 1300; x_wconf 88' lang='lat' dir='ltr'>aut</span> <span class='ocrx_word' id='word_1_80' title='bbox 1447 1263 1577 1316; x_wconf 88' lang='lat' dir='ltr'>sponsam</span> <span class='ocrx_word' id='word_1_81' title='bbox 1601 1246 1719 1300; x_wconf 86' lang='lat' dir='ltr'>amando</span> <span class='ocrx_word' id='word_1_82' title='bbox 1743 1246 1898 1310; x_wconf 81' lang='lat' dir='ltr'>desiderat,</span> <span class='ocrx_word' id='word_1_83' title='bbox 1923 1263 2006 1315; x_wconf 89' lang='lat' dir='ltr'>quam</span> <span class='ocrx_word' id='word_1_84' title='bbox 2028 1246 2127 1299; x_wconf 90' lang='lat' dir='ltr'>videre</span> <span class='ocrx_word' id='word_1_85' title='bbox 2151 1251 2279 1312; x_wconf 89' lang='lat' dir='ltr'>conatur,</span> 
     </span>
     <span class='ocr_line' id='line_1_8' title="bbox 626 1351 2278 1424; baseline -0.001 -18"><span class='ocrx_word' id='word_1_86' title='bbox 626 1353 650 1407; x_wconf 89' lang='lat' dir='ltr'>si</span> <span class='ocrx_word' id='word_1_87' title='bbox 673 1353 824 1424; x_wconf 88' lang='lat' dir='ltr'>contingit,</span> <span class='ocrx_word' id='word_1_88' title='bbox 847 1359 879 1405; x_wconf 92' lang='lat' dir='ltr'>ut</span> <span class='ocrx_word' id='word_1_89' title='bbox 902 1353 938 1407; x_wconf 90' lang='lat' dir='ltr'>ad</span> <span class='ocrx_word' id='word_1_90' title='bbox 962 1351 1096 1407; x_wconf 90' lang='lat' dir='ltr'>balneum</span> <span class='ocrx_word' id='word_1_91' title='bbox 1119 1353 1160 1407; x_wconf 92' lang='lat' dir='ltr'>ire</span> <span class='ocrx_word' id='word_1_92' title='bbox 1184 1359 1234 1407; x_wconf 90' lang='lat' dir='ltr'>aut</span> <span class='ocrx_word' id='word_1_93' title='bbox 1257 1353 1293 1406; x_wconf 90' lang='lat' dir='ltr'>ad</span> <span class='ocrx_word' id='word_1_94' title='bbox 1319 1352 1468 1407; x_wconf 88' lang='lat' dir='ltr'>ecclesiam</span> <span class='ocrx_word' id='word_1_95' title='bbox 1490 1353 1648 1423; x_wconf 89' lang='lat' dir='ltr'>procedere</span> <span class='ocrx_word' id='word_1_96' title='bbox 1673 1352 1826 1418; x_wconf 82' lang='lat' dir='ltr'>existimet,</span> <span class='ocrx_word' id='word_1_97' title='bbox 1849 1352 1922 1405; x_wconf 83' lang='lat' dir='ltr'>viam</span> <span class='ocrx_word' id='word_1_98' title='bbox 1945 1352 2133 1406; x_wconf 85' lang='lat' dir='ltr'>tendentibus</span> <span class='ocrx_word' id='word_1_99' title='bbox 2147 1370 2178 1406; x_wconf 84' lang='lat' dir='ltr'>se</span> <span class='ocrx_word' id='word_1_100' title='bbox 2194 1368 2278 1421; x_wconf 87' lang='lat' dir='ltr'>prae-</span> 
     </span>
     <span class='ocr_line' id='line_1_9' title="bbox 626 1457 2279 1531; baseline -0.001 -17"><span class='ocrx_word' id='word_1_101' title='bbox 626 1467 720 1531; x_wconf 86' lang='lat' dir='ltr'>paret,</span> <span class='ocrx_word' id='word_1_102' title='bbox 745 1467 776 1513; x_wconf 93' lang='lat' dir='ltr'>ut</span> <span class='ocrx_word' id='word_1_103' title='bbox 801 1460 837 1514; x_wconf 90' lang='lat' dir='ltr'>dc</span> <span class='ocrx_word' id='word_1_104' title='bbox 861 1460 968 1514; x_wconf 86' lang='lat' dir='ltr'>visione</span> <span class='ocrx_word' id='word_1_105' title='bbox 991 1459 1087 1513; x_wconf 85' lang='lat' dir='ltr'>hilaris</span> <span class='ocrx_word' id='word_1_106' title='bbox 1109 1459 1238 1514; x_wconf 82' lang='lat' dir='ltr'>recedat.</span> <span class='ocrx_word' id='word_1_107' title='bbox 1286 1458 1394 1520; x_wconf 82' lang='lat' dir='ltr'>Scimus</span> <span class='ocrx_word' id='word_1_108' title='bbox 1423 1477 1556 1529; x_wconf 89' lang='lat' dir='ltr'>namque,</span> <span class='ocrx_word' id='word_1_109' title='bbox 1591 1458 1658 1529; x_wconf 89' lang='lat' dir='ltr'>quia</span> <span class='ocrx_word' id='word_1_110' title='bbox 1687 1464 1718 1511; x_wconf 89' lang='lat' dir='ltr'>tu</span> <span class='ocrx_word' id='word_1_111' title='bbox 1749 1458 1898 1528; x_wconf 80' lang='lat' dir='ltr'>imaginem</span> <span class='ocrx_word' id='word_1_112' title='bbox 1928 1457 2075 1511; x_wconf 87' lang='lat' dir='ltr'>salvatoris</span> <span class='ocrx_word' id='word_1_113' title='bbox 2103 1458 2190 1512; x_wconf 86' lang='lat' dir='ltr'>nostri</span> <span class='ocrx_word' id='word_1_114' title='bbox 2212 1458 2279 1512; x_wconf 90' lang='lat' dir='ltr'>ideo</span> 
     </span>
     <span class='ocr_line' id='line_1_10' title="bbox 626 1565 2280 1638; baseline -0.002 -17"><span class='ocrx_word' id='word_1_115' title='bbox 626 1584 682 1621; x_wconf 91' lang='lat' dir='ltr'>non</span> <span class='ocrx_word' id='word_1_116' title='bbox 706 1567 792 1638; x_wconf 87' lang='lat' dir='ltr'>petis,</span> <span class='ocrx_word' id='word_1_117' title='bbox 817 1575 849 1619; x_wconf 90' lang='lat' dir='ltr'>ut</span> <span class='ocrx_word' id='word_1_118' title='bbox 873 1567 954 1637; x_wconf 89' lang='lat' dir='ltr'>qnasi</span> <span class='ocrx_word' id='word_1_119' title='bbox 977 1566 1071 1620; x_wconf 91' lang='lat' dir='ltr'>Deum</span> <span class='ocrx_word' id='word_1_120' title='bbox 1095 1565 1181 1632; x_wconf 90' lang='lat' dir='ltr'>colas,</span> <span class='ocrx_word' id='word_1_121' title='bbox 1210 1567 1262 1620; x_wconf 90' lang='lat' dir='ltr'>scd</span> <span class='ocrx_word' id='word_1_122' title='bbox 1286 1566 1322 1620; x_wconf 95' lang='lat' dir='ltr'>ob</span> <span class='ocrx_word' id='word_1_123' title='bbox 1345 1566 1572 1620; x_wconf 82' lang='lat' dir='ltr'>recordationem</span> <span class='ocrx_word' id='word_1_124' title='bbox 1595 1565 1645 1618; x_wconf 87' lang='lat' dir='ltr'>filii</span> <span class='ocrx_word' id='word_1_125' title='bbox 1668 1565 1725 1619; x_wconf 89' lang='lat' dir='ltr'>Dei</span> <span class='ocrx_word' id='word_1_126' title='bbox 1748 1565 1775 1618; x_wconf 90' lang='lat' dir='ltr'>in</span> <span class='ocrx_word' id='word_1_127' title='bbox 1801 1565 1861 1618; x_wconf 89' lang='lat' dir='ltr'>cius</span> <span class='ocrx_word' id='word_1_128' title='bbox 1884 1581 1977 1618; x_wconf 89' lang='lat' dir='ltr'>amore</span> <span class='ocrx_word' id='word_1_129' title='bbox 2001 1569 2169 1630; x_wconf 86' lang='lat' dir='ltr'>recalescas,</span> <span class='ocrx_word' id='word_1_130' title='bbox 2199 1566 2280 1618; x_wconf 89' lang='lat' dir='ltr'>cuius</span> 
     </span>
     <span class='ocr_line' id='line_1_11' title="bbox 626 1666 2328 1745; baseline -0.001 -16"><span class='ocrx_word' id='word_1_131' title='bbox 626 1683 657 1729; x_wconf 90' lang='lat' dir='ltr'>te</span> <span class='ocrx_word' id='word_1_132' title='bbox 681 1674 830 1745; x_wconf 81' lang='lat' dir='ltr'>imaginem</span> <span class='ocrx_word' id='word_1_133' title='bbox 855 1673 953 1727; x_wconf 89' lang='lat' dir='ltr'>videre</span> <span class='ocrx_word' id='word_1_134' title='bbox 978 1673 1149 1728; x_wconf 88' lang='lat' dir='ltr'>consideras.</span> <span class='ocrx_word' id='word_1_135' title='bbox 1191 1674 1231 1727; x_wconf 85' lang='lat' dir='ltr'>Et</span> <span class='ocrx_word' id='word_1_136' title='bbox 1253 1691 1305 1727; x_wconf 89' lang='lat' dir='ltr'>nos</span> <span class='ocrx_word' id='word_1_137' title='bbox 1328 1674 1441 1744; x_wconf 87' lang='lat' dir='ltr'>quidem</span> <span class='ocrx_word' id='word_1_138' title='bbox 1465 1666 1544 1727; x_wconf 86' lang='lat' dir='ltr'>non*</span> <span class='ocrx_word' id='word_1_139' title='bbox 1569 1673 1648 1742; x_wconf 89' lang='lat' dir='ltr'>quasi</span> <span class='ocrx_word' id='word_1_140' title='bbox 1671 1679 1739 1725; x_wconf 88' lang='lat' dir='ltr'>ante</span> <span class='ocrx_word' id='word_1_141' title='bbox 1763 1671 1940 1726; x_wconf 88' lang='lat' dir='ltr'>divinitatem</span> <span class='ocrx_word' id='word_1_142' title='bbox 1964 1679 2031 1725; x_wconf 87' lang='lat' dir='ltr'>ante</span> <span class='ocrx_word' id='word_1_143' title='bbox 2054 1671 2130 1742; x_wconf 89' lang='lat' dir='ltr'>ipsas</span> <span class='ocrx_word' id='word_1_144' title='bbox 2152 1678 2278 1741; x_wconf 89' lang='lat' dir='ltr'>proster-</span> <span class='ocrx_word' id='word_1_145' title='bbox 2305 1692 2328 1727; x_wconf 87' lang='lat' dir='ltr'>ro</span> 
     </span>
     <span class='ocr_line' id='line_1_12' title="bbox 626 1778 2279 1850; baseline -0.002 -15"><span class='ocrx_word' id='word_1_146' title='bbox 626 1782 728 1848; x_wconf 90' lang='lat' dir='ltr'>nimur,</span> <span class='ocrx_word' id='word_1_147' title='bbox 751 1781 803 1834; x_wconf 88' lang='lat' dir='ltr'>sed</span> <span class='ocrx_word' id='word_1_148' title='bbox 826 1780 905 1834; x_wconf 88' lang='lat' dir='ltr'>illum</span> <span class='ocrx_word' id='word_1_149' title='bbox 928 1780 1086 1846; x_wconf 86' lang='lat' dir='ltr'>adoramus,</span> <span class='ocrx_word' id='word_1_150' title='bbox 1118 1798 1202 1850; x_wconf 88' lang='lat' dir='ltr'>quem</span> <span class='ocrx_word' id='word_1_151' title='bbox 1232 1799 1285 1850; x_wconf 91' lang='lat' dir='ltr'>per</span> <span class='ocrx_word' id='word_1_152' title='bbox 1307 1779 1456 1850; x_wconf 75' lang='lat' dir='ltr'>imaginem</span> <span class='ocrx_word' id='word_1_153' title='bbox 1479 1788 1529 1833; x_wconf 88' lang='lat' dir='ltr'>aut</span> <span class='ocrx_word' id='word_1_154' title='bbox 1552 1784 1649 1833; x_wconf 88' lang='lat' dir='ltr'>natum</span> <span class='ocrx_word' id='word_1_155' title='bbox 1673 1786 1722 1832; x_wconf 88' lang='lat' dir='ltr'>aut</span> <span class='ocrx_word' id='word_1_156' title='bbox 1744 1796 1856 1849; x_wconf 89' lang='lat' dir='ltr'>passum</span> <span class='ocrx_word' id='word_1_157' title='bbox 1880 1778 1926 1832; x_wconf 91' lang='lat' dir='ltr'>vel</span> <span class='ocrx_word' id='word_1_158' title='bbox 1957 1778 1985 1831; x_wconf 90' lang='lat' dir='ltr'>in</span> <span class='ocrx_word' id='word_1_159' title='bbox 2008 1778 2106 1832; x_wconf 88' lang='lat' dir='ltr'>throno</span> <span class='ocrx_word' id='word_1_160' title='bbox 2130 1779 2279 1832; x_wconf 86' lang='lat' dir='ltr'>sedentem</span> 
     </span>
     <span class='ocr_line' id='line_1_13' title="bbox 627 1882 2279 1957; baseline -0.002 -15"><span class='ocrx_word' id='word_1_161' title='bbox 627 1888 809 1942; x_wconf 87' lang='lat' dir='ltr'>recordamur</span> <span class='ocrx_word' id='word_1_162' title='bbox 833 1893 872 1954; x_wconf 90' lang='lat' dir='ltr'>et,</span> <span class='ocrx_word' id='word_1_163' title='bbox 904 1886 970 1939; x_wconf 90' lang='lat' dir='ltr'>dum</span> <span class='ocrx_word' id='word_1_164' title='bbox 993 1903 1044 1940; x_wconf 89' lang='lat' dir='ltr'>uos</span> <span class='ocrx_word' id='word_1_165' title='bbox 1067 1886 1130 1957; x_wconf 91' lang='lat' dir='ltr'>ipsa</span> <span class='ocrx_word' id='word_1_166' title='bbox 1151 1887 1263 1956; x_wconf 87' lang='lat' dir='ltr'>pictura</span> <span class='ocrx_word' id='word_1_167' title='bbox 1286 1887 1365 1957; x_wconf 88' lang='lat' dir='ltr'>quasi</span> <span class='ocrx_word' id='word_1_168' title='bbox 1389 1887 1531 1956; x_wconf 86' lang='lat' dir='ltr'>scriptura</span> <span class='ocrx_word' id='word_1_169' title='bbox 1553 1886 1589 1939; x_wconf 92' lang='lat' dir='ltr'>ad</span> <span class='ocrx_word' id='word_1_170' title='bbox 1613 1886 1773 1940; x_wconf 89' lang='lat' dir='ltr'>memoriam</span> <span class='ocrx_word' id='word_1_171' title='bbox 1788 1882 1876 1938; x_wconf 86' lang='lat' dir='ltr'>filiurn</span> <span class='ocrx_word' id='word_1_172' title='bbox 1893 1885 1948 1939; x_wconf 91' lang='lat' dir='ltr'>Dei</span> <span class='ocrx_word' id='word_1_173' title='bbox 1964 1885 2135 1951; x_wconf 88' lang='lat' dir='ltr'>reducimus,</span> <span class='ocrx_word' id='word_1_174' title='bbox 2158 1886 2279 1939; x_wconf 89' lang='lat' dir='ltr'>animum</span> 
     </span>
     <span class='ocr_line' id='line_1_14' title="bbox 626 1992 2281 2063; baseline 0 -17"><span class='ocrx_word' id='word_1_175' title='bbox 626 2001 753 2048; x_wconf 90' lang='lat' dir='ltr'>nostrum</span> <span class='ocrx_word' id='word_1_176' title='bbox 776 2002 826 2047; x_wconf 89' lang='lat' dir='ltr'>aut</span> <span class='ocrx_word' id='word_1_177' title='bbox 850 1994 886 2049; x_wconf 88' lang='lat' dir='ltr'>de</span> <span class='ocrx_word' id='word_1_178' title='bbox 910 1994 1116 2047; x_wconf 88' lang='lat' dir='ltr'>resurrectione</span> <span class='ocrx_word' id='word_1_179' title='bbox 1140 1992 1279 2047; x_wconf 86' lang='lat' dir='ltr'>laetificat</span> <span class='ocrx_word' id='word_1_180' title='bbox 1301 2000 1350 2047; x_wconf 81' lang='lat' dir='ltr'>arrt</span> <span class='ocrx_word' id='word_1_181' title='bbox 1374 1994 1410 2047; x_wconf 90' lang='lat' dir='ltr'>dc</span> <span class='ocrx_word' id='word_1_182' title='bbox 1434 1994 1565 2063; x_wconf 87' lang='lat' dir='ltr'>passione</span> <span class='ocrx_word' id='word_1_183' title='bbox 1591 1993 1724 2048; x_wconf 87' lang='lat' dir='ltr'>emulcet.</span> <span class='ocrx_word' id='word_1_184' title='bbox 1759 1992 1887 2062; x_wconf 88' lang='lat' dir='ltr'>Ideoque</span> <span class='ocrx_word' id='word_1_185' title='bbox 1911 1992 2061 2046; x_wconf 81' lang='lat' dir='ltr'>direximus</span> <span class='ocrx_word' id='word_1_186' title='bbox 2085 1992 2136 2046; x_wconf 94' lang='lat' dir='ltr'>tibi</span> <span class='ocrx_word' id='word_1_187' title='bbox 2160 1992 2281 2063; x_wconf 80' lang='lat' dir='ltr'>syrtaria</span> 
     </span>
     <span class='ocr_line' id='line_1_15' title="bbox 628 2097 2279 2171; baseline -0.002 -16"><span class='ocrx_word' id='word_1_188' title='bbox 628 2102 695 2167; x_wconf 89' lang='lat' dir='ltr'>duo,</span> <span class='ocrx_word' id='word_1_189' title='bbox 719 2100 868 2171; x_wconf 86' lang='lat' dir='ltr'>imaginem</span> <span class='ocrx_word' id='word_1_190' title='bbox 891 2100 1049 2168; x_wconf 85' lang='lat' dir='ltr'>salvatoris,</span> <span class='ocrx_word' id='word_1_191' title='bbox 1073 2107 1189 2154; x_wconf 87' lang='lat' dir='ltr'>sanctae</span> <span class='ocrx_word' id='word_1_192' title='bbox 1213 2100 1268 2153; x_wconf 88' lang='lat' dir='ltr'>Dei</span> <span class='ocrx_word' id='word_1_193' title='bbox 1293 2100 1447 2170; x_wconf 85' lang='lat' dir='ltr'>genetricis</span> <span class='ocrx_word' id='word_1_194' title='bbox 1471 2100 1579 2153; x_wconf 88' lang='lat' dir='ltr'>Mariae</span> <span class='ocrx_word' id='word_1_195' title='bbox 1604 2107 1634 2154; x_wconf 89' lang='lat' dir='ltr'>et</span> <span class='ocrx_word' id='word_1_196' title='bbox 1657 2100 1805 2154; x_wconf 86' lang='lat' dir='ltr'>beatorum</span> <span class='ocrx_word' id='word_1_197' title='bbox 1829 2097 2018 2167; x_wconf 88' lang='lat' dir='ltr'>apostolorum</span> <span class='ocrx_word' id='word_1_198' title='bbox 2041 2098 2121 2153; x_wconf 90' lang='lat' dir='ltr'>Petri</span> <span class='ocrx_word' id='word_1_199' title='bbox 2145 2106 2176 2154; x_wconf 92' lang='lat' dir='ltr'>et</span> <span class='ocrx_word' id='word_1_200' title='bbox 2198 2098 2279 2152; x_wconf 89' lang='lat' dir='ltr'>Pauli</span> 
     </span>
     <span class='ocr_line' id='line_1_16' title="bbox 627 2205 2325 2279; baseline -0.001 -18"><span class='ocrx_word' id='word_1_201' title='bbox 627 2225 681 2279; x_wconf 91' lang='lat' dir='ltr'>per</span> <span class='ocrx_word' id='word_1_202' title='bbox 710 2208 901 2278; x_wconf 89' lang='lat' dir='ltr'>supradictum</span> <span class='ocrx_word' id='word_1_203' title='bbox 932 2206 1020 2261; x_wconf 88' lang='lat' dir='ltr'>filium</span> <span class='ocrx_word' id='word_1_204' title='bbox 1047 2215 1173 2261; x_wconf 88' lang='lat' dir='ltr'>nostrum</span> <span class='ocrx_word' id='word_1_205' title='bbox 1197 2208 1342 2261; x_wconf 90' lang='lat' dir='ltr'>diaconem</span> <span class='ocrx_word' id='word_1_206' title='bbox 1374 2215 1404 2260; x_wconf 90' lang='lat' dir='ltr'>et</span> <span class='ocrx_word' id='word_1_207' title='bbox 1433 2224 1517 2260; x_wconf 90' lang='lat' dir='ltr'>unam</span> <span class='ocrx_word' id='word_1_208' title='bbox 1541 2225 1653 2260; x_wconf 90' lang='lat' dir='ltr'>erucem</span> <span class='ocrx_word' id='word_1_209' title='bbox 1683 2224 1745 2260; x_wconf 90' lang='lat' dir='ltr'>cum</span> <span class='ocrx_word' id='word_1_210' title='bbox 1776 2205 1847 2260; x_wconf 90' lang='lat' dir='ltr'>clavi</span> <span class='ocrx_word' id='word_1_211' title='bbox 1870 2222 1922 2276; x_wconf 91' lang='lat' dir='ltr'>pro</span> <span class='ocrx_word' id='word_1_212' title='bbox 1945 2206 2157 2270; x_wconf 86' lang='lat' dir='ltr'>benedictione,</span> <span class='ocrx_word' id='word_1_213' title='bbox 2189 2213 2220 2258; x_wconf 92' lang='lat' dir='ltr'>ut</span> <span class='ocrx_word' id='word_1_214' title='bbox 2242 2206 2280 2259; x_wconf 87' lang='lat' dir='ltr'>ab</span> <span class='ocrx_word' id='word_1_215' title='bbox 2303 2222 2325 2260; x_wconf 76' lang='lat' dir='ltr'>rs</span> 
     </span>
     <span class='ocr_line' id='line_1_17' title="bbox 628 2313 2058 2385; baseline -0.003 -18"><span class='ocrx_word' id='word_1_216' title='bbox 628 2314 690 2385; x_wconf 84' lang='lat' dir='ltr'>ipso</span> <span class='ocrx_word' id='word_1_217' title='bbox 713 2331 731 2367; x_wconf 92' lang='lat' dir='ltr'>a</span> <span class='ocrx_word' id='word_1_218' title='bbox 753 2314 875 2385; x_wconf 83' lang='lat' dir='ltr'>maligno</span> <span class='ocrx_word' id='word_1_219' title='bbox 899 2314 1034 2369; x_wconf 87' lang='lat' dir='ltr'>defensus</span> <span class='ocrx_word' id='word_1_220' title='bbox 1058 2314 1106 2381; x_wconf 89' lang='lat' dir='ltr'>sis,</span> <span class='ocrx_word' id='word_1_221' title='bbox 1130 2314 1209 2368; x_wconf 82' lang='lat' dir='ltr'>errius</span> <span class='ocrx_word' id='word_1_222' title='bbox 1232 2323 1328 2369; x_wconf 89' lang='lat' dir='ltr'>sancto</span> <span class='ocrx_word' id='word_1_223' title='bbox 1352 2313 1427 2384; x_wconf 88' lang='lat' dir='ltr'>ligno</span> <span class='ocrx_word' id='word_1_224' title='bbox 1450 2314 1588 2384; x_wconf 80' lang='lat' dir='ltr'>munitum</span> <span class='ocrx_word' id='word_1_225' title='bbox 1613 2331 1676 2366; x_wconf 86' lang='lat' dir='ltr'>esse</span> <span class='ocrx_word' id='word_1_226' title='bbox 1700 2321 1730 2366; x_wconf 89' lang='lat' dir='ltr'>te</span> <span class='ocrx_word' id='word_1_227' title='bbox 1755 2313 1857 2380; x_wconf 87' lang='lat' dir='ltr'>eredis,</span> <span class='ocrx_word' id='word_1_228' title='bbox 1884 2313 1916 2365; x_wconf 84' lang='lat' dir='ltr'>et</span> <span class='ocrx_word' id='word_1_229' title='bbox 1939 2313 2058 2366; x_wconf 79' lang='lat' dir='ltr'>celera.</span> 
     </span>
    </p>
   </div>
   <div class='ocr_carea' id='block_1_3' title="bbox 626 2426 2327 3256">
    <p class='ocr_par' dir='ltr' id='par_1_3' title="bbox 627 2426 2327 3044">
     <span class='ocr_line' id='line_1_18' title="bbox 736 2426 2280 2515; baseline -0.001 -23"><span class='ocrx_word' id='word_1_230' title='bbox 736 2428 818 2492; x_wconf 88' lang='lat' dir='ltr'>Item</span> <span class='ocrx_word' id='word_1_231' title='bbox 844 2426 995 2513; x_wconf 87' lang='lat' dir='ltr'>Gregorii</span> <span class='ocrx_word' id='word_1_232' title='bbox 1019 2451 1136 2515; x_wconf 88' lang='lat' dir='ltr'>papae.</span> <span class='ocrx_word' id='word_1_233' title='bbox 1179 2427 1358 2513; x_wconf 86' lang='lat' dir='ltr'>Gregorius</span> <span class='ocrx_word' id='word_1_234' title='bbox 1383 2428 1535 2491; x_wconf 86' lang='lat' dir='ltr'>Ianuario</span> <span class='ocrx_word' id='word_1_235' title='bbox 1560 2429 1730 2513; x_wconf 89' lang='lat' dir='ltr'>episeopo:</span> <span class='ocrx_word' id='word_1_236' title='bbox 1761 2433 1884 2491; x_wconf 66' lang='lat' dir='ltr'>Iudaei2</span> <span class='ocrx_word' id='word_1_237' title='bbox 1907 2438 1943 2491; x_wconf 87' lang='lat' dir='ltr'>de</span> <span class='ocrx_word' id='word_1_238' title='bbox 1968 2437 2083 2491; x_wconf 81' lang='lat' dir='ltr'>civitate</span> <span class='ocrx_word' id='word_1_239' title='bbox 2108 2443 2205 2490; x_wconf 80' lang='lat' dir='ltr'>vestra</span> <span class='ocrx_word' id='word_1_240' title='bbox 2226 2437 2280 2491; x_wconf 84' lang='lat' dir='ltr'>hue</span> 
     </span>
     <span class='ocr_line' id='line_1_19' title="bbox 627 2527 2281 2616; baseline -0.001 -18"><span class='ocrx_word' id='word_1_241' title='bbox 627 2546 779 2601; x_wconf 90' lang='lat' dir='ltr'>venientes</span> <span class='ocrx_word' id='word_1_242' title='bbox 803 2544 897 2616; x_wconf 89' lang='lat' dir='ltr'>questi</span> <span class='ocrx_word' id='word_1_243' title='bbox 920 2546 1001 2600; x_wconf 91' lang='lat' dir='ltr'>nobis</span> <span class='ocrx_word' id='word_1_244' title='bbox 1024 2552 1100 2612; x_wconf 90' lang='lat' dir='ltr'>sunt,</span> <span class='ocrx_word' id='word_1_245' title='bbox 1125 2547 1200 2616; x_wconf 89' lang='lat' dir='ltr'>quod</span> <span class='ocrx_word' id='word_1_246' title='bbox 1224 2563 1396 2616; x_wconf 73' lang='lat' dir='ltr'>synagogam</span> <span class='ocrx_word' id='word_1_247' title='bbox 1422 2563 1527 2610; x_wconf 89' lang='lat' dir='ltr'>corum,</span> <span class='ocrx_word' id='word_1_248' title='bbox 1553 2562 1626 2615; x_wconf 88' lang='lat' dir='ltr'>quae</span> <span class='ocrx_word' id='word_1_249' title='bbox 1651 2542 1744 2598; x_wconf 87' lang='lat' dir='ltr'>Carali</span> <span class='ocrx_word' id='word_1_250' title='bbox 1768 2544 1822 2597; x_wconf 91' lang='lat' dir='ltr'>sita</span> <span class='ocrx_word' id='word_1_251' title='bbox 1846 2527 1909 2608; x_wconf 80' lang='lat' dir='ltr'>est,</span> <span class='ocrx_word' id='word_1_252' title='bbox 1925 2544 2039 2610; x_wconf 87' lang='lat' dir='ltr'>Petrus,</span> <span class='ocrx_word' id='word_1_253' title='bbox 2063 2544 2113 2613; x_wconf 90' lang='lat' dir='ltr'>qui</span> <span class='ocrx_word' id='word_1_254' title='bbox 2134 2560 2168 2598; x_wconf 82' lang='lat' dir='ltr'>er</span> <span class='ocrx_word' id='word_1_255' title='bbox 2186 2561 2281 2598; x_wconf 91' lang='lat' dir='ltr'>eorum</span> 
     </span>
     <span class='ocr_line' id='line_1_20' title="bbox 627 2649 2281 2722; baseline -0.001 -17"><span class='ocrx_word' id='word_1_256' title='bbox 627 2651 829 2722; x_wconf 87' lang='lat' dir='ltr'>superstitione</span> <span class='ocrx_word' id='word_1_257' title='bbox 853 2653 889 2706; x_wconf 84' lang='lat' dir='ltr'>ad</span> <span class='ocrx_word' id='word_1_258' title='bbox 914 2650 1091 2706; x_wconf 87' lang='lat' dir='ltr'>Christianae</span> <span class='ocrx_word' id='word_1_259' title='bbox 1115 2651 1183 2706; x_wconf 88' lang='lat' dir='ltr'>fidei</span> <span class='ocrx_word' id='word_1_260' title='bbox 1207 2652 1314 2706; x_wconf 88' lang='lat' dir='ltr'>cultum</span> <span class='ocrx_word' id='word_1_261' title='bbox 1339 2652 1457 2706; x_wconf 87' lang='lat' dir='ltr'>Domino</span> <span class='ocrx_word' id='word_1_262' title='bbox 1481 2657 1596 2706; x_wconf 86' lang='lat' dir='ltr'>volente</span> <span class='ocrx_word' id='word_1_263' title='bbox 1620 2652 1776 2722; x_wconf 86' lang='lat' dir='ltr'>perductus</span> <span class='ocrx_word' id='word_1_264' title='bbox 1801 2658 1855 2717; x_wconf 89' lang='lat' dir='ltr'>est,</span> <span class='ocrx_word' id='word_1_265' title='bbox 1880 2649 2013 2704; x_wconf 87' lang='lat' dir='ltr'>adhibitis</span> <span class='ocrx_word' id='word_1_266' title='bbox 2037 2650 2090 2703; x_wconf 89' lang='lat' dir='ltr'>sibi</span> <span class='ocrx_word' id='word_1_267' title='bbox 2113 2650 2281 2720; x_wconf 89' lang='lat' dir='ltr'>quibusdam</span> 
     </span>
     <span class='ocr_line' id='line_1_21' title="bbox 627 2756 2327 2830; baseline -0.001 -18"><span class='ocrx_word' id='word_1_268' title='bbox 627 2759 844 2829; x_wconf 89' lang='lat' dir='ltr'>indisciplinatis</span> <span class='ocrx_word' id='word_1_269' title='bbox 867 2759 1002 2829; x_wconf 89' lang='lat' dir='ltr'>sequenti</span> <span class='ocrx_word' id='word_1_270' title='bbox 1026 2759 1072 2813; x_wconf 93' lang='lat' dir='ltr'>die</span> <span class='ocrx_word' id='word_1_271' title='bbox 1097 2760 1228 2830; x_wconf 87' lang='lat' dir='ltr'>baptismi</span> <span class='ocrx_word' id='word_1_272' title='bbox 1259 2760 1312 2825; x_wconf 91' lang='lat' dir='ltr'>sui,</span> <span class='ocrx_word' id='word_1_273' title='bbox 1344 2759 1396 2813; x_wconf 91' lang='lat' dir='ltr'>hoc</span> <span class='ocrx_word' id='word_1_274' title='bbox 1428 2768 1472 2813; x_wconf 89' lang='lat' dir='ltr'>est</span> <span class='ocrx_word' id='word_1_275' title='bbox 1495 2759 1635 2813; x_wconf 84' lang='lat' dir='ltr'>dominica</span> <span class='ocrx_word' id='word_1_276' title='bbox 1664 2759 1727 2829; x_wconf 87' lang='lat' dir='ltr'>ipsa</span> <span class='ocrx_word' id='word_1_277' title='bbox 1754 2758 1912 2812; x_wconf 84' lang='lat' dir='ltr'>festivitate</span> <span class='ocrx_word' id='word_1_278' title='bbox 1943 2756 2079 2827; x_wconf 84' lang='lat' dir='ltr'>paschali,</span> <span class='ocrx_word' id='word_1_279' title='bbox 2110 2775 2173 2810; x_wconf 92' lang='lat' dir='ltr'>cum</span> <span class='ocrx_word' id='word_1_280' title='bbox 2203 2756 2281 2826; x_wconf 87' lang='lat' dir='ltr'>gravi</span> <span class='ocrx_word' id='word_1_281' title='bbox 2301 2773 2327 2811; x_wconf 78' lang='lat' dir='ltr'>so</span> 
     </span>
     <span class='ocr_line' id='line_1_22' title="bbox 628 2863 2283 2937; baseline -0.002 -18"><span class='ocrx_word' id='word_1_282' title='bbox 628 2866 762 2920; x_wconf 87' lang='lat' dir='ltr'>scandalo</span> <span class='ocrx_word' id='word_1_283' title='bbox 785 2865 845 2919; x_wconf 90' lang='lat' dir='ltr'>sine</span> <span class='ocrx_word' id='word_1_284' title='bbox 870 2873 967 2921; x_wconf 89' lang='lat' dir='ltr'>vestra</span> <span class='ocrx_word' id='word_1_285' title='bbox 988 2867 1172 2937; x_wconf 87' lang='lat' dir='ltr'>occupaverit</span> <span class='ocrx_word' id='word_1_286' title='bbox 1194 2866 1342 2920; x_wconf 89' lang='lat' dir='ltr'>voluntate</span> <span class='ocrx_word' id='word_1_287' title='bbox 1367 2876 1453 2937; x_wconf 88' lang='lat' dir='ltr'>atque</span> <span class='ocrx_word' id='word_1_288' title='bbox 1478 2867 1627 2937; x_wconf 89' lang='lat' dir='ltr'>imaginem</span> <span class='ocrx_word' id='word_1_289' title='bbox 1655 2865 1712 2919; x_wconf 91' lang='lat' dir='ltr'>illic</span> <span class='ocrx_word' id='word_1_290' title='bbox 1742 2865 1895 2935; x_wconf 85' lang='lat' dir='ltr'>genetricis</span> <span class='ocrx_word' id='word_1_291' title='bbox 1918 2864 1973 2919; x_wconf 88' lang='lat' dir='ltr'>Dei</span> <span class='ocrx_word' id='word_1_292' title='bbox 1998 2864 2168 2933; x_wconf 89' lang='lat' dir='ltr'>Dominique</span> <span class='ocrx_word' id='word_1_293' title='bbox 2192 2863 2283 2917; x_wconf 88' lang='lat' dir='ltr'>nostri</span> 
     </span>
     <span class='ocr_line' id='line_1_23' title="bbox 629 2971 2282 3044; baseline -0.003 -17"><span class='ocrx_word' id='word_1_294' title='bbox 629 2979 658 3027; x_wconf 90' lang='lat' dir='ltr'>et</span> <span class='ocrx_word' id='word_1_295' title='bbox 677 2973 869 3028; x_wconf 87' lang='lat' dir='ltr'>venerandam</span> <span class='ocrx_word' id='word_1_296' title='bbox 889 2991 1000 3028; x_wconf 89' lang='lat' dir='ltr'>crucem</span> <span class='ocrx_word' id='word_1_297' title='bbox 1019 2973 1066 3028; x_wconf 90' lang='lat' dir='ltr'>vel</span> <span class='ocrx_word' id='word_1_298' title='bbox 1084 2973 1198 3044; x_wconf 81' lang='lat' dir='ltr'>byrrum</span> <span class='ocrx_word' id='word_1_299' title='bbox 1217 2973 1324 3040; x_wconf 87' lang='lat' dir='ltr'>album,</span> <span class='ocrx_word' id='word_1_300' title='bbox 1349 2991 1405 3043; x_wconf 90' lang='lat' dir='ltr'>quo</span> <span class='ocrx_word' id='word_1_301' title='bbox 1428 2974 1507 3028; x_wconf 90' lang='lat' dir='ltr'>fonte</span> <span class='ocrx_word' id='word_1_302' title='bbox 1527 2990 1646 3043; x_wconf 89' lang='lat' dir='ltr'>surgens</span> <span class='ocrx_word' id='word_1_303' title='bbox 1670 2972 1784 3025; x_wconf 89' lang='lat' dir='ltr'>indutus</span> <span class='ocrx_word' id='word_1_304' title='bbox 1807 2971 1912 3036; x_wconf 86' lang='lat' dir='ltr'>fuerat,</span> <span class='ocrx_word' id='word_1_305' title='bbox 1935 2971 2088 3042; x_wconf 86' lang='lat' dir='ltr'>posuisset,</span> <span class='ocrx_word' id='word_1_306' title='bbox 2113 2971 2145 3023; x_wconf 87' lang='lat' dir='ltr'>et</span> <span class='ocrx_word' id='word_1_307' title='bbox 2161 2971 2282 3024; x_wconf 80' lang='lat' dir='ltr'>cetera.</span> 
     </span>
    </p>

    <p class='ocr_par' dir='ltr' id='par_1_4' title="bbox 626 3070 2283 3256">
     <span class='ocr_line' id='line_1_24' title="bbox 733 3070 2283 3156; baseline -0.003 -23"><span class='ocrx_word' id='word_1_308' title='bbox 733 3070 778 3133; x_wconf 82' lang='lat' dir='ltr'>Et</span> <span class='ocrx_word' id='word_1_309' title='bbox 801 3081 1005 3155; x_wconf 79' lang='lat' dir='ltr'>postpauca</span> <span class='ocrx_word' id='word_1_310' title='bbox 1028 3072 1148 3156; x_wconf 84' lang='lat' dir='ltr'>inquit:</span> <span class='ocrx_word' id='word_1_311' title='bbox 1181 3077 1427 3134; x_wconf 81' lang='lat' dir='ltr'>Considerantes3</span> <span class='ocrx_word' id='word_1_312' title='bbox 1456 3080 1509 3134; x_wconf 88' lang='lat' dir='ltr'>hac</span> <span class='ocrx_word' id='word_1_313' title='bbox 1541 3081 1578 3134; x_wconf 88' lang='lat' dir='ltr'>de</span> <span class='ocrx_word' id='word_1_314' title='bbox 1601 3097 1633 3132; x_wconf 91' lang='lat' dir='ltr'>re</span> <span class='ocrx_word' id='word_1_315' title='bbox 1657 3087 1769 3132; x_wconf 86' lang='lat' dir='ltr'>vestrae</span> <span class='ocrx_word' id='word_1_316' title='bbox 1794 3077 1949 3132; x_wconf 88' lang='lat' dir='ltr'>voluntatis</span> <span class='ocrx_word' id='word_1_317' title='bbox 1972 3078 2112 3131; x_wconf 85' lang='lat' dir='ltr'>intentum</span> <span class='ocrx_word' id='word_1_318' title='bbox 2137 3095 2170 3131; x_wconf 89' lang='lat' dir='ltr'>ac</span> <span class='ocrx_word' id='word_1_319' title='bbox 2193 3077 2283 3147; x_wconf 83' lang='lat' dir='ltr'>magis</span> 
     </span>
     <span class='ocr_line' id='line_1_25' title="bbox 626 3184 2283 3256; baseline -0.002 -16"><span class='ocrx_word' id='word_1_320' title='bbox 626 3187 761 3240; x_wconf 89' lang='lat' dir='ltr'>iudicium</span> <span class='ocrx_word' id='word_1_321' title='bbox 783 3186 826 3240; x_wconf 85' lang='lat' dir='ltr'>his</span> <span class='ocrx_word' id='word_1_322' title='bbox 849 3186 994 3240; x_wconf 89' lang='lat' dir='ltr'>hortamur</span> <span class='ocrx_word' id='word_1_323' title='bbox 1016 3185 1159 3244; x_wconf 86' lang='lat' dir='ltr'>affatibus,</span> <span class='ocrx_word' id='word_1_324' title='bbox 1183 3195 1214 3239; x_wconf 92' lang='lat' dir='ltr'>ut</span> <span class='ocrx_word' id='word_1_325' title='bbox 1239 3186 1352 3241; x_wconf 87' lang='lat' dir='ltr'>sublata</span> <span class='ocrx_word' id='word_1_326' title='bbox 1376 3187 1477 3240; x_wconf 85' lang='lat' dir='ltr'>exinde</span> <span class='ocrx_word' id='word_1_327' title='bbox 1502 3205 1567 3240; x_wconf 88' lang='lat' dir='ltr'>cum</span> <span class='ocrx_word' id='word_1_328' title='bbox 1591 3204 1635 3252; x_wconf 87' lang='lat' dir='ltr'>ea,</span> <span class='ocrx_word' id='word_1_329' title='bbox 1661 3203 1718 3256; x_wconf 88' lang='lat' dir='ltr'>qua</span> <span class='ocrx_word' id='word_1_330' title='bbox 1741 3185 1855 3256; x_wconf 87' lang='lat' dir='ltr'>dignum</span> <span class='ocrx_word' id='word_1_331' title='bbox 1880 3192 1935 3250; x_wconf 87' lang='lat' dir='ltr'>cst,</span> <span class='ocrx_word' id='word_1_332' title='bbox 1959 3185 2142 3239; x_wconf 89' lang='lat' dir='ltr'>veneratione</span> <span class='ocrx_word' id='word_1_333' title='bbox 2159 3184 2283 3254; x_wconf 86' lang='lat' dir='ltr'>imagine</span> 
     </span>
    </p>
   </div>
   <div class='ocr_carea' id='block_1_4' title="bbox 627 3293 2333 3364">
    <p class='ocr_par' dir='ltr' id='par_1_5' title="bbox 627 3293 2333 3364">
     <span class='ocr_line' id='line_1_26' title="bbox 627 3293 2333 3364; baseline -0.001 -18"><span class='ocrx_word' id='word_1_334' title='bbox 627 3300 715 3364; x_wconf 88' lang='lat' dir='ltr'>atque</span> <span class='ocrx_word' id='word_1_335' title='bbox 740 3310 823 3346; x_wconf 83' lang='lat' dir='ltr'>emec</span> <span class='ocrx_word' id='word_1_336' title='bbox 848 3293 979 3347; x_wconf 87' lang='lat' dir='ltr'>debeatis</span> <span class='ocrx_word' id='word_1_337' title='bbox 1003 3294 1078 3363; x_wconf 89' lang='lat' dir='ltr'>quod</span> <span class='ocrx_word' id='word_1_338' title='bbox 1101 3293 1242 3347; x_wconf 88' lang='lat' dir='ltr'>violenter</span> <span class='ocrx_word' id='word_1_339' title='bbox 1265 3294 1390 3347; x_wconf 85' lang='lat' dir='ltr'>ablatum</span> <span class='ocrx_word' id='word_1_340' title='bbox 1415 3302 1460 3347; x_wconf 84' lang='lat' dir='ltr'>est</span> <span class='ocrx_word' id='word_1_341' title='bbox 1482 3294 1646 3360; x_wconf 87' lang='lat' dir='ltr'>reformare,</span> <span class='ocrx_word' id='word_1_342' title='bbox 1672 3293 1704 3345; x_wconf 84' lang='lat' dir='ltr'>et</span> <span class='ocrx_word' id='word_1_343' title='bbox 1727 3293 1847 3345; x_wconf 84' lang='lat' dir='ltr'>cetera.</span> <span class='ocrx_word' id='word_1_344' title='bbox 2303 3305 2333 3344; x_wconf 74' lang='lat' dir='ltr'>ao</span> 
     </span>
    </p>
   </div>
   <div class='ocr_carea' id='block_1_5' title="bbox 627 3404 2337 4023">
    <p class='ocr_par' dir='ltr' id='par_1_6' title="bbox 627 3404 2285 3702">
     <span class='ocr_line' id='line_1_27' title="bbox 734 3404 2282 3494; baseline -0.002 -23"><span class='ocrx_word' id='word_1_345' title='bbox 734 3407 841 3471; x_wconf 55' lang='lat' dir='ltr'>Item4</span> <span class='ocrx_word' id='word_1_346' title='bbox 865 3407 1004 3493; x_wconf 87' lang='lat' dir='ltr'>epistola</span> <span class='ocrx_word' id='word_1_347' title='bbox 1028 3406 1179 3493; x_wconf 83' lang='lat' dir='ltr'>Gregorii</span> <span class='ocrx_word' id='word_1_348' title='bbox 1204 3430 1309 3494; x_wconf 91' lang='lat' dir='ltr'>papae</span> <span class='ocrx_word' id='word_1_349' title='bbox 1335 3408 1376 3472; x_wconf 90' lang='lat' dir='ltr'>ad</span> <span class='ocrx_word' id='word_1_350' title='bbox 1402 3406 1602 3471; x_wconf 86' lang='lat' dir='ltr'>Germanum</span> <span class='ocrx_word' id='word_1_351' title='bbox 1625 3407 1843 3493; x_wconf 86' lang='lat' dir='ltr'>patriarcham</span> <span class='ocrx_word' id='word_1_352' title='bbox 1870 3404 2282 3490; x_wconf 85' lang='lat' dir='ltr'>Constantinopolitanum:</span> 
     </span>
     <span class='ocr_line' id='line_1_28' title="bbox 629 3518 2285 3595; baseline -0.002 -18"><span class='ocrx_word' id='word_1_353' title='bbox 629 3518 750 3587; x_wconf 78' lang='lat' dir='ltr'>Qualis⁵</span> <span class='ocrx_word' id='word_1_354' title='bbox 775 3531 804 3577; x_wconf 91' lang='lat' dir='ltr'>et</span> <span class='ocrx_word' id='word_1_355' title='bbox 829 3541 902 3595; x_wconf 86' lang='lat' dir='ltr'>quae</span> <span class='ocrx_word' id='word_1_356' title='bbox 926 3523 1025 3578; x_wconf 90' lang='lat' dir='ltr'>libatio</span> <span class='ocrx_word' id='word_1_357' title='bbox 1048 3542 1141 3578; x_wconf 90' lang='lat' dir='ltr'>meum</span> <span class='ocrx_word' id='word_1_358' title='bbox 1164 3525 1203 3578; x_wconf 89' lang='lat' dir='ltr'>sic</span> <span class='ocrx_word' id='word_1_359' title='bbox 1228 3525 1281 3577; x_wconf 90' lang='lat' dir='ltr'>scit</span> <span class='ocrx_word' id='word_1_360' title='bbox 1304 3523 1459 3579; x_wconf 88' lang='lat' dir='ltr'>laetificare</span> <span class='ocrx_word' id='word_1_361' title='bbox 1484 3525 1605 3578; x_wconf 91' lang='lat' dir='ltr'>animum</span> <span class='ocrx_word' id='word_1_362' title='bbox 1629 3525 1701 3578; x_wconf 88' lang='lat' dir='ltr'>sicut</span> <span class='ocrx_word' id='word_1_363' title='bbox 1725 3524 1761 3576; x_wconf 90' lang='lat' dir='ltr'>de</span> <span class='ocrx_word' id='word_1_364' title='bbox 1786 3531 1816 3578; x_wconf 92' lang='lat' dir='ltr'>te</span> <span class='ocrx_word' id='word_1_365' title='bbox 1840 3522 1997 3577; x_wconf 87' lang='lat' dir='ltr'>venerabili</span> <span class='ocrx_word' id='word_1_366' title='bbox 2027 3540 2130 3592; x_wconf 90' lang='lat' dir='ltr'>nempe</span> <span class='ocrx_word' id='word_1_367' title='bbox 2160 3521 2226 3575; x_wconf 91' lang='lat' dir='ltr'>mihi</span> <span class='ocrx_word' id='word_1_368' title='bbox 2250 3530 2285 3576; x_wconf 89' lang='lat' dir='ltr'>ct</span> 
     </span>
     <span class='ocr_line' id='line_1_29' title="bbox 627 3629 2117 3702; baseline -0.001 -18"><span class='ocrx_word' id='word_1_369' title='bbox 627 3649 715 3701; x_wconf 91' lang='lat' dir='ltr'>super</span> <span class='ocrx_word' id='word_1_370' title='bbox 737 3629 883 3685; x_wconf 87' lang='lat' dir='ltr'>laudabile</span> <span class='ocrx_word' id='word_1_371' title='bbox 907 3647 1010 3684; x_wconf 89' lang='lat' dir='ltr'>nomen</span> <span class='ocrx_word' id='word_1_372' title='bbox 1033 3631 1208 3685; x_wconf 87' lang='lat' dir='ltr'>sanctissime</span> <span class='ocrx_word' id='word_1_373' title='bbox 1234 3639 1264 3684; x_wconf 89' lang='lat' dir='ltr'>et</span> <span class='ocrx_word' id='word_1_374' title='bbox 1287 3631 1351 3685; x_wconf 87' lang='lat' dir='ltr'>Deo</span> <span class='ocrx_word' id='word_1_375' title='bbox 1375 3631 1499 3686; x_wconf 87' lang='lat' dir='ltr'>dilectae</span> <span class='ocrx_word' id='word_1_376' title='bbox 1524 3630 1700 3702; x_wconf 84' lang='lat' dir='ltr'>gratificatae</span> <span class='ocrx_word' id='word_1_377' title='bbox 1725 3629 1919 3697; x_wconf 86' lang='lat' dir='ltr'>nuntiationis,</span> <span class='ocrx_word' id='word_1_378' title='bbox 1944 3632 1976 3683; x_wconf 84' lang='lat' dir='ltr'>et</span> <span class='ocrx_word' id='word_1_379' title='bbox 1999 3630 2117 3683; x_wconf 79' lang='lat' dir='ltr'>cetera.</span> 
     </span>
    </p>

    <p class='ocr_par' dir='ltr' id='par_1_7' title="bbox 627 3726 2337 4023">
     <span class='ocr_line' id='line_1_30' title="bbox 735 3726 2285 3813; baseline -0.001 -23"><span class='ocrx_word' id='word_1_380' title='bbox 735 3726 865 3790; x_wconf 88' lang='lat' dir='ltr'>Deinde</span> <span class='ocrx_word' id='word_1_381' title='bbox 887 3737 964 3813; x_wconf 88' lang='lat' dir='ltr'>post</span> <span class='ocrx_word' id='word_1_382' title='bbox 987 3726 1149 3812; x_wconf 88' lang='lat' dir='ltr'>quaedam</span> <span class='ocrx_word' id='word_1_383' title='bbox 1173 3728 1364 3813; x_wconf 86' lang='lat' dir='ltr'>interposita</span> <span class='ocrx_word' id='word_1_384' title='bbox 1387 3728 1553 3792; x_wconf 84' lang='lat' dir='ltr'>adiunxit:</span> <span class='ocrx_word' id='word_1_385' title='bbox 1578 3733 1641 3791; x_wconf 68' lang='lat' dir='ltr'>At6</span> <span class='ocrx_word' id='word_1_386' title='bbox 1663 3738 1712 3791; x_wconf 85' lang='lat' dir='ltr'>ubi</span> <span class='ocrx_word' id='word_1_387' title='bbox 1737 3737 1776 3790; x_wconf 87' lang='lat' dir='ltr'>sic</span> <span class='ocrx_word' id='word_1_388' title='bbox 1800 3737 1921 3807; x_wconf 87' lang='lat' dir='ltr'>coepisti</span> <span class='ocrx_word' id='word_1_389' title='bbox 1936 3735 2095 3790; x_wconf 84' lang='lat' dir='ltr'>conflictum</span> <span class='ocrx_word' id='word_1_390' title='bbox 2111 3736 2185 3788; x_wconf 88' lang='lat' dir='ltr'>sicut</span> <span class='ocrx_word' id='word_1_391' title='bbox 2200 3735 2285 3788; x_wconf 82' lang='lat' dir='ltr'>Deus</span> 
     </span>
     <span class='ocr_line' id='line_1_31' title="bbox 627 3843 2337 3915; baseline -0.002 -17"><span class='ocrx_word' id='word_1_392' title='bbox 627 3846 688 3915; x_wconf 85' lang='lat' dir='ltr'>ipse</span> <span class='ocrx_word' id='word_1_393' title='bbox 712 3844 763 3898; x_wconf 91' lang='lat' dir='ltr'>tibi</span> <span class='ocrx_word' id='word_1_394' title='bbox 787 3845 973 3898; x_wconf 83' lang='lat' dir='ltr'>monstravit?</span> <span class='ocrx_word' id='word_1_395' title='bbox 1018 3844 1157 3898; x_wconf 89' lang='lat' dir='ltr'>Praeesse</span> <span class='ocrx_word' id='word_1_396' title='bbox 1181 3845 1360 3915; x_wconf 81' lang='lat' dir='ltr'>praecipiens</span> <span class='ocrx_word' id='word_1_397' title='bbox 1384 3845 1411 3898; x_wconf 92' lang='lat' dir='ltr'>in</span> <span class='ocrx_word' id='word_1_398' title='bbox 1436 3853 1530 3898; x_wconf 88' lang='lat' dir='ltr'>eastra</span> <span class='ocrx_word' id='word_1_399' title='bbox 1553 3843 1657 3898; x_wconf 87' lang='lat' dir='ltr'>Christi</span> <span class='ocrx_word' id='word_1_400' title='bbox 1683 3853 1712 3898; x_wconf 92' lang='lat' dir='ltr'>ct</span> <span class='ocrx_word' id='word_1_401' title='bbox 1743 3845 1822 3915; x_wconf 87' lang='lat' dir='ltr'>regni</span> <span class='ocrx_word' id='word_1_402' title='bbox 1846 3844 1995 3914; x_wconf 86' lang='lat' dir='ltr'>gloriosum</span> <span class='ocrx_word' id='word_1_403' title='bbox 2026 3854 2105 3896; x_wconf 87' lang='lat' dir='ltr'>certe</span> <span class='ocrx_word' id='word_1_404' title='bbox 2130 3850 2161 3896; x_wconf 88' lang='lat' dir='ltr'>ct</span> <span class='ocrx_word' id='word_1_405' title='bbox 2184 3850 2285 3895; x_wconf 90' lang='lat' dir='ltr'>notum</span> <span class='ocrx_word' id='word_1_406' title='bbox 2306 3855 2337 3894; x_wconf 72' lang='lat' dir='ltr'>so</span> 
     </span>
     <span class='ocr_line' id='line_1_32' title="bbox 627 3950 2285 4023; baseline -0.001 -18"><span class='ocrx_word' id='word_1_407' title='bbox 627 3953 746 4023; x_wconf 89' lang='lat' dir='ltr'>signum,</span> <span class='ocrx_word' id='word_1_408' title='bbox 772 3950 909 4006; x_wconf 88' lang='lat' dir='ltr'>vivificam</span> <span class='ocrx_word' id='word_1_409' title='bbox 928 3952 991 4005; x_wconf 93' lang='lat' dir='ltr'>dico</span> <span class='ocrx_word' id='word_1_410' title='bbox 1011 3969 1133 4018; x_wconf 87' lang='lat' dir='ltr'>erucem,</span> <span class='ocrx_word' id='word_1_411' title='bbox 1156 3969 1288 4022; x_wconf 77' lang='lat' dir='ltr'>inagnum</span> <span class='ocrx_word' id='word_1_412' title='bbox 1312 3953 1447 4005; x_wconf 86' lang='lat' dir='ltr'>adversus</span> <span class='ocrx_word' id='word_1_413' title='bbox 1470 3961 1588 4005; x_wconf 86' lang='lat' dir='ltr'>rnortcm</span> <span class='ocrx_word' id='word_1_414' title='bbox 1612 3951 1673 4006; x_wconf 90' lang='lat' dir='ltr'>cius</span> <span class='ocrx_word' id='word_1_415' title='bbox 1695 3951 1896 4022; x_wconf 86' lang='lat' dir='ltr'>magnitudinis</span> <span class='ocrx_word' id='word_1_416' title='bbox 1915 3950 2095 4021; x_wconf 88' lang='lat' dir='ltr'>triumphum,</span> <span class='ocrx_word' id='word_1_417' title='bbox 2119 3950 2168 4002; x_wconf 92' lang='lat' dir='ltr'>uhi</span> <span class='ocrx_word' id='word_1_418' title='bbox 2184 3950 2285 4003; x_wconf 90' lang='lat' dir='ltr'>mundi</span> 
     </span>
    </p>
   </div>
   <div class='ocr_carea' id='block_1_6' title="bbox 739 4174 2287 4464">
    <p class='ocr_par' dir='ltr' id='par_1_8' title="bbox 739 4174 2287 4464">
     <span class='ocr_line' id='line_1_33' title="bbox 739 4174 2286 4253; baseline -0.001 -16"><span class='ocrx_word' id='word_1_419' title='bbox 739 4174 764 4251; x_wconf 86' lang='lat'>*)</span> <span class='ocrx_word' id='word_1_420' title='bbox 788 4188 821 4237; x_wconf 85' lang='lat' dir='ltr'>In</span> <span class='ocrx_word' id='word_1_421' title='bbox 839 4187 920 4238; x_wconf 82' lang='lat' dir='ltr'>codice</span> <span class='ocrx_word' id='word_1_422' title='bbox 937 4196 1075 4253; x_wconf 78' lang='lat' dir='ltr'>sequuntur</span> <span class='ocrx_word' id='word_1_423' title='bbox 1092 4186 1152 4236; x_wconf 82' lang='lat' dir='ltr'>hoec</span> <span class='ocrx_word' id='word_1_424' title='bbox 1169 4186 1252 4236; x_wconf 68' lang='lat' dir='ltr'>coelem</span> <span class='ocrx_word' id='word_1_425' title='bbox 1269 4195 1408 4237; x_wconf 71' lang='lat' dir='ltr'>obcaecato</span> <span class='ocrx_word' id='word_1_426' title='bbox 1426 4188 1506 4238; x_wconf 73' lang='lat' dir='ltr'>deleta</span> <span class='ocrx_word' id='word_1_427' title='bbox 1524 4187 1611 4238; x_wconf 76' lang='lat' dir='ltr'>verbo:</span> <span class='ocrx_word' id='word_1_428' title='bbox 1634 4189 1767 4252; x_wconf 86' lang='lat' dir='ltr'>suscepta</span> <span class='ocrx_word' id='word_1_429' title='bbox 1790 4189 1856 4235; x_wconf 87' lang='lat' dir='ltr'>sunt</span> <span class='ocrx_word' id='word_1_430' title='bbox 1873 4189 1902 4236; x_wconf 90' lang='lat' dir='ltr'>ct</span> <span class='ocrx_word' id='word_1_431' title='bbox 1917 4182 1972 4236; x_wconf 87' lang='lat' dir='ltr'>hae</span> <span class='ocrx_word' id='word_1_432' title='bbox 1989 4182 2125 4251; x_wconf 87' lang='lat' dir='ltr'>imagines</span> <span class='ocrx_word' id='word_1_433' title='bbox 2140 4189 2286 4251; x_wconf 90' lang='lat' dir='ltr'>oportune</span> 
     </span>
     <span class='ocr_line' id='line_1_34' title="bbox 789 4288 2287 4361; baseline -0.002 -18"><span class='ocrx_word' id='word_1_434' title='bbox 789 4290 988 4361; x_wconf 82' lang='lat' dir='ltr'>suscipiuntur,</span> <span class='ocrx_word' id='word_1_435' title='bbox 1014 4289 1145 4360; x_wconf 85' lang='lat' dir='ltr'>quoniam</span> <span class='ocrx_word' id='word_1_436' title='bbox 1167 4291 1323 4344; x_wconf 88' lang='lat' dir='ltr'>secundum</span> <span class='ocrx_word' id='word_1_437' title='bbox 1340 4291 1432 4344; x_wconf 89' lang='lat' dir='ltr'>Deum</span> <span class='ocrx_word' id='word_1_438' title='bbox 1447 4289 1519 4344; x_wconf 88' lang='lat' dir='ltr'>fiunt</span> <span class='ocrx_word' id='word_1_439' title='bbox 1541 4291 1617 4343; x_wconf 90' lang='lat' dir='ltr'>unde</span> <span class='ocrx_word' id='word_1_440' title='bbox 1643 4297 1673 4344; x_wconf 90' lang='lat' dir='ltr'>et</span> <span class='ocrx_word' id='word_1_441' title='bbox 1696 4298 1860 4360; x_wconf 86' lang='lat' dir='ltr'>operantur,</span> <span class='ocrx_word' id='word_1_442' title='bbox 1885 4289 1967 4342; x_wconf 88' lang='lat' dir='ltr'>sicuti</span> <span class='ocrx_word' id='word_1_443' title='bbox 1993 4296 2021 4342; x_wconf 90' lang='lat' dir='ltr'>et</span> <span class='ocrx_word' id='word_1_444' title='bbox 2046 4305 2111 4341; x_wconf 87' lang='lat' dir='ltr'>arca</span> <span class='ocrx_word' id='word_1_445' title='bbox 2133 4288 2162 4340; x_wconf 91' lang='lat' dir='ltr'>in</span> <span class='ocrx_word' id='word_1_446' title='bbox 2186 4288 2287 4340; x_wconf 86' lang='lat' dir='ltr'>multis</span> 
     </span>
     <span class='ocr_line' id='line_1_35' title="bbox 788 4394 2286 4464; baseline -0.001 -14"><span class='ocrx_word' id='word_1_447' title='bbox 788 4397 938 4450; x_wconf 89' lang='lat' dir='ltr'>miraculis.</span> <span class='ocrx_word' id='word_1_448' title='bbox 977 4396 1049 4451; x_wconf 85' lang='lat' dir='ltr'>Nam</span> <span class='ocrx_word' id='word_1_449' title='bbox 1073 4404 1102 4450; x_wconf 89' lang='lat' dir='ltr'>et</span> <span class='ocrx_word' id='word_1_450' title='bbox 1125 4414 1213 4451; x_wconf 86' lang='lat' dir='ltr'>aurea</span> <span class='ocrx_word' id='word_1_451' title='bbox 1236 4394 1388 4450; x_wconf 85' lang='lat' dir='ltr'>Cherubim</span> <span class='ocrx_word' id='word_1_452' title='bbox 1413 4404 1443 4450; x_wconf 87' lang='lat' dir='ltr'>et</span> <span class='ocrx_word' id='word_1_453' title='bbox 1465 4398 1536 4452; x_wconf 88' lang='lat' dir='ltr'>hace</span> <span class='ocrx_word' id='word_1_454' title='bbox 1559 4396 1620 4450; x_wconf 88' lang='lat' dir='ltr'>siue</span> <span class='ocrx_word' id='word_1_455' title='bbox 1645 4395 1737 4450; x_wconf 88' lang='lat' dir='ltr'>anima</span> <span class='ocrx_word' id='word_1_456' title='bbox 1760 4403 1841 4449; x_wconf 86' lang='lat' dir='ltr'>erant</span> <span class='ocrx_word' id='word_1_457' title='bbox 1866 4403 1895 4449; x_wconf 91' lang='lat' dir='ltr'>et</span> <span class='ocrx_word' id='word_1_458' title='bbox 1918 4394 2081 4448; x_wconf 87' lang='lat' dir='ltr'>manufacta</span> <span class='ocrx_word' id='word_1_459' title='bbox 2104 4400 2133 4448; x_wconf 89' lang='lat' dir='ltr'>et</span> <span class='ocrx_word' id='word_1_460' title='bbox 2157 4396 2286 4464; x_wconf 85' lang='lat' dir='ltr'>sculpta,</span> 
     </span>
    </p>
   </div>
   <div class='ocr_carea' id='block_1_7' title="bbox 788 4501 2339 4671">
    <p class='ocr_par' dir='ltr' id='par_1_9' title="bbox 788 4501 2339 4671">
     <span class='ocr_line' id='line_1_36' title="bbox 788 4501 2339 4574; baseline -0.002 -17"><span class='ocrx_word' id='word_1_461' title='bbox 788 4505 839 4557; x_wconf 88' lang='lat' dir='ltr'>sed</span> <span class='ocrx_word' id='word_1_462' title='bbox 863 4504 938 4557; x_wconf 85' lang='lat' dir='ltr'>sieut</span> <span class='ocrx_word' id='word_1_463' title='bbox 961 4503 1018 4557; x_wconf 90' lang='lat' dir='ltr'>illic</span> <span class='ocrx_word' id='word_1_464' title='bbox 1042 4521 1095 4574; x_wconf 87' lang='lat' dir='ltr'>per</span> <span class='ocrx_word' id='word_1_465' title='bbox 1117 4504 1167 4557; x_wconf 90' lang='lat' dir='ltr'>illa</span> <span class='ocrx_word' id='word_1_466' title='bbox 1189 4504 1373 4573; x_wconf 88' lang='lat' dir='ltr'>operabatur,</span> <span class='ocrx_word' id='word_1_467' title='bbox 1398 4504 1477 4558; x_wconf 90' lang='lat' dir='ltr'>Deus</span> <span class='ocrx_word' id='word_1_468' title='bbox 1502 4512 1531 4558; x_wconf 94' lang='lat' dir='ltr'>et</span> <span class='ocrx_word' id='word_1_469' title='bbox 1555 4502 1776 4574; x_wconf 84' lang='lat' dir='ltr'>glorificabatur,</span> <span class='ocrx_word' id='word_1_470' title='bbox 1801 4503 1840 4556; x_wconf 90' lang='lat' dir='ltr'>ita</span> <span class='ocrx_word' id='word_1_471' title='bbox 1858 4510 1887 4556; x_wconf 88' lang='lat' dir='ltr'>ct</span> <span class='ocrx_word' id='word_1_472' title='bbox 1903 4502 2021 4554; x_wconf 86' lang='lat' dir='ltr'>nuncin</span> <span class='ocrx_word' id='word_1_473' title='bbox 2041 4501 2112 4567; x_wconf 90' lang='lat' dir='ltr'>istis,</span> <span class='ocrx_word' id='word_1_474' title='bbox 2136 4501 2285 4571; x_wconf 86' lang='lat' dir='ltr'>quoniam.</span> <span class='ocrx_word' id='word_1_475' title='bbox 2306 4522 2339 4561; x_wconf 70' lang='lat' dir='ltr'>an</span> 
     </span>
     <span class='ocr_line' id='line_1_37' title="bbox 794 4605 1397 4671; baseline -0.002 -15"><span class='ocrx_word' id='word_1_476' title='bbox 794 4606 863 4656; x_wconf 60' lang='lat' dir='ltr'>Ibide</span> <span class='ocrx_word' id='word_1_477' title='bbox 882 4605 1030 4671; x_wconf 81' lang='lat' dir='ltr'>deprompta</span> <span class='ocrx_word' id='word_1_478' title='bbox 1047 4606 1106 4667; x_wconf 82' lang='lat' dir='ltr'>aiat,</span> <span class='ocrx_word' id='word_1_479' title='bbox 1125 4613 1233 4655; x_wconf 81' lang='lat' dir='ltr'>smtuere</span> <span class='ocrx_word' id='word_1_480' title='bbox 1251 4623 1301 4655; x_wconf 81' lang='lat' dir='ltr'>uon</span> <span class='ocrx_word' id='word_1_481' title='bbox 1317 4606 1397 4670; x_wconf 79' lang='lat' dir='ltr'>potui.</span> 
     </span>
    </p>
   </div>
   <div class='ocr_carea' id='block_1_8' title="bbox 627 4814 2285 4960">
    <p class='ocr_par' dir='ltr' id='par_1_10' title="bbox 627 4814 2285 4960">
     <span class='ocr_line' id='line_1_38' title="bbox 737 4814 2285 4884; baseline -0.002 -15"><span class='ocrx_word' id='word_1_482' title='bbox 737 4822 768 4869; x_wconf 79' lang='lat' dir='ltr'>lb</span> <span class='ocrx_word' id='word_1_483' title='bbox 788 4819 868 4869; x_wconf 87' lang='lat' dir='ltr'>clavo</span> <span class='ocrx_word' id='word_1_484' title='bbox 888 4818 919 4869; x_wconf 84' lang='lat' dir='ltr'>P.</span> <span class='ocrx_word' id='word_1_485' title='bbox 995 4820 1027 4868; x_wconf 78' lang='lat'>16</span> <span class='ocrx_word' id='word_1_486' title='bbox 1046 4820 1083 4868; x_wconf 89' lang='lat' dir='ltr'>sis</span> <span class='ocrx_word' id='word_1_487' title='bbox 1101 4818 1167 4868; x_wconf 78' lang='lat' dir='ltr'>clccst</span> <span class='ocrx_word' id='word_1_488' title='bbox 1186 4818 1216 4868; x_wconf 89' lang='lat' dir='ltr'>P.</span> <span class='ocrx_word' id='word_1_489' title='bbox 1290 4827 1414 4869; x_wconf 87' lang='lat' dir='ltr'>sanetum</span> <span class='ocrx_word' id='word_1_490' title='bbox 1432 4817 1533 4884; x_wconf 91' lang='lat' dir='ltr'>lignum</span> <span class='ocrx_word' id='word_1_491' title='bbox 1553 4819 1584 4869; x_wconf 88' lang='lat' dir='ltr'>P.</span> <span class='ocrx_word' id='word_1_492' title='bbox 1658 4820 1692 4869; x_wconf 93' lang='grc'>22</span> <span class='ocrx_word' id='word_1_493' title='bbox 1717 4820 1841 4883; x_wconf 87' lang='lat' dir='ltr'>posuisse</span> <span class='ocrx_word' id='word_1_494' title='bbox 1861 4817 1892 4867; x_wconf 87' lang='lat' dir='ltr'>P.</span> <span class='ocrx_word' id='word_1_495' title='bbox 1965 4818 1999 4867; x_wconf 76' lang='lat'>24</span> <span class='ocrx_word' id='word_1_496' title='bbox 2025 4817 2144 4880; x_wconf 88' lang='lat' dir='ltr'>imagine</span> <span class='ocrx_word' id='word_1_497' title='bbox 2163 4816 2229 4866; x_wconf 74' lang='lat' dir='ltr'>deas</span> <span class='ocrx_word' id='word_1_498' title='bbox 2249 4814 2285 4866; x_wconf 79' lang='lat' dir='ltr'>P.</span> 
     </span>
     <span class='ocr_line' id='line_1_39' title="bbox 627 4906 1473 4960; baseline -0.001 0"><span class='ocrx_word' id='word_1_499' title='bbox 627 4912 788 4960; x_wconf 69' lang='lat' dir='ltr'>ascensem</span> <span class='ocrx_word' id='word_1_500' title='bbox 809 4907 839 4959; x_wconf 87' lang='lat' dir='ltr'>P.</span> <span class='ocrx_word' id='word_1_501' title='bbox 912 4911 945 4959; x_wconf 81' lang='lat'>27</span> <span class='ocrx_word' id='word_1_502' title='bbox 967 4906 1108 4959; x_wconf 86' lang='lat' dir='ltr'>laetificari</span> <span class='ocrx_word' id='word_1_503' title='bbox 1128 4909 1159 4958; x_wconf 85' lang='lat' dir='ltr'>I&#39;.</span> <span class='ocrx_word' id='word_1_504' title='bbox 1233 4911 1266 4958; x_wconf 87' lang='grc'>29</span> <span class='ocrx_word' id='word_1_505' title='bbox 1286 4910 1422 4958; x_wconf 84' lang='lat' dir='ltr'>conflictui</span> <span class='ocrx_word' id='word_1_506' title='bbox 1442 4908 1473 4959; x_wconf 90' lang='lat' dir='ltr'>P.</span> 
     </span>
    </p>
   </div>
   <div class='ocr_carea' id='block_1_9' title="bbox 625 5105 2343 5924">
    <p class='ocr_par' dir='ltr' id='par_1_11' title="bbox 625 5105 2343 5924">
     <span class='ocr_line' id='line_1_40' title="bbox 737 5105 2286 5182; baseline 0 -19"><span class='ocrx_word' id='word_1_507' title='bbox 737 5108 766 5176; x_wconf 89' lang='lat'>1)</span> <span class='ocrx_word' id='word_1_508' title='bbox 791 5108 822 5164; x_wconf 85' lang='lat' dir='ltr'>V.</span> <span class='ocrx_word' id='word_1_509' title='bbox 845 5127 936 5182; x_wconf 77' lang='lat' dir='ltr'>supra</span> <span class='ocrx_word' id='word_1_510' title='bbox 954 5127 988 5182; x_wconf 79' lang='lat' dir='ltr'>p.</span> <span class='ocrx_word' id='word_1_511' title='bbox 1005 5110 1068 5165; x_wconf 82' lang='grc'>489</span> <span class='ocrx_word' id='word_1_512' title='bbox 1091 5108 1109 5163; x_wconf 87' lang='lat' dir='ltr'>l.</span> <span class='ocrx_word' id='word_1_513' title='bbox 1129 5111 1144 5165; x_wconf 89' lang='lat'><em>1</em></span> <span class='ocrx_word' id='word_1_514' title='bbox 1157 5127 1218 5181; x_wconf 82' lang='lat' dir='ltr'>sqq.</span> <span class='ocrx_word' id='word_1_515' title='bbox 1330 5107 1360 5176; x_wconf 89' lang='grc'>2)</span> <span class='ocrx_word' id='word_1_516' title='bbox 1384 5107 1415 5163; x_wconf 78' lang='lat' dir='ltr'>V.</span> <span class='ocrx_word' id='word_1_517' title='bbox 1439 5127 1529 5182; x_wconf 80' lang='lat' dir='ltr'>supra</span> <span class='ocrx_word' id='word_1_518' title='bbox 1547 5128 1580 5182; x_wconf 83' lang='lat' dir='ltr'>p.</span> <span class='ocrx_word' id='word_1_519' title='bbox 1600 5110 1665 5166; x_wconf 64' lang='grc'>488</span> <span class='ocrx_word' id='word_1_520' title='bbox 1688 5109 1706 5162; x_wconf 87' lang='lat' dir='ltr'>l.</span> <span class='ocrx_word' id='word_1_521' title='bbox 1724 5111 1835 5181; x_wconf 57' lang='lat' dir='ltr'>disqq.</span> <span class='ocrx_word' id='word_1_522' title='bbox 1947 5105 1977 5172; x_wconf 75' lang='lat'>3)</span> <span class='ocrx_word' id='word_1_523' title='bbox 2001 5106 2033 5161; x_wconf 89' lang='lat' dir='ltr'>V.</span> <span class='ocrx_word' id='word_1_524' title='bbox 2056 5123 2147 5179; x_wconf 70' lang='lat' dir='ltr'>scurra</span> <span class='ocrx_word' id='word_1_525' title='bbox 2165 5124 2199 5178; x_wconf 79' lang='lat' dir='ltr'>p.</span> <span class='ocrx_word' id='word_1_526' title='bbox 2216 5107 2286 5163; x_wconf 70' lang='lat'>488</span> 
     </span>
     <span class='ocr_line' id='line_1_41' title="bbox 627 5208 2339 5290; baseline 0 -20"><span class='ocrx_word' id='word_1_527' title='bbox 627 5216 645 5270; x_wconf 84' lang='lat' dir='ltr'>l.</span> <span class='ocrx_word' id='word_1_528' title='bbox 664 5220 775 5290; x_wconf 66' lang='lat' dir='ltr'>dilsqp</span> <span class='ocrx_word' id='word_1_529' title='bbox 845 5215 876 5284; x_wconf 82' lang='lat'>4)</span> <span class='ocrx_word' id='word_1_530' title='bbox 902 5213 1038 5290; x_wconf 72' lang='lat' dir='ltr'>Gregorii</span> <span class='ocrx_word' id='word_1_531' title='bbox 1053 5213 1091 5269; x_wconf 89' lang='lat' dir='ltr'>II.</span> <span class='ocrx_word' id='word_1_532' title='bbox 1116 5208 1261 5287; x_wconf 70' lang='lat' dir='ltr'>(mss—7</span> <span class='ocrx_word' id='word_1_533' title='bbox 1263 5209 1312 5288; x_wconf 73' lang='lat'>31)</span> <span class='ocrx_word' id='word_1_534' title='bbox 1337 5214 1453 5288; x_wconf 78' lang='lat' dir='ltr'>epistole</span> <span class='ocrx_word' id='word_1_535' title='bbox 1476 5234 1553 5270; x_wconf 78' lang='lat' dir='ltr'>arirm</span> <span class='ocrx_word' id='word_1_536' title='bbox 1577 5233 1599 5269; x_wconf 85' lang='lat' dir='ltr'>c.</span> <span class='ocrx_word' id='word_1_537' title='bbox 1619 5217 1689 5272; x_wconf 78' lang='lat'><em>729.</em></span> <span class='ocrx_word' id='word_1_538' title='bbox 1714 5215 1755 5269; x_wconf 84' lang='lat' dir='ltr'>ad</span> <span class='ocrx_word' id='word_1_539' title='bbox 1775 5211 1950 5270; x_wconf 81' lang='lat' dir='ltr'>Germanum</span> <span class='ocrx_word' id='word_1_540' title='bbox 1968 5211 2171 5287; x_wconf 74' lang='lat' dir='ltr'>patriarcham</span> <span class='ocrx_word' id='word_1_541' title='bbox 2195 5210 2285 5267; x_wconf 57' lang='lat' dir='ltr'>nucea</span> <span class='ocrx_word' id='word_1_542' title='bbox 2302 5233 2339 5271; x_wconf 72' lang='lat' dir='ltr'>eo</span> 
     </span>
     <span class='ocr_line' id='line_1_42' title="bbox 625 5315 2283 5396; baseline -0.002 -20"><span class='ocrx_word' id='word_1_543' title='bbox 625 5329 756 5377; x_wconf 76' lang='lat' dir='ltr'>armatur</span> <span class='ocrx_word' id='word_1_544' title='bbox 773 5319 889 5379; x_wconf 80' lang='lat' dir='ltr'>Graeca</span> <span class='ocrx_word' id='word_1_545' title='bbox 909 5320 1005 5396; x_wconf 76' lang='lat' dir='ltr'>lingua</span> <span class='ocrx_word' id='word_1_546' title='bbox 1025 5328 1159 5395; x_wconf 81' lang='lat' dir='ltr'>eertcepto</span> <span class='ocrx_word' id='word_1_547' title='bbox 1177 5319 1251 5375; x_wconf 77' lang='lat' dir='ltr'>inter</span> <span class='ocrx_word' id='word_1_548' title='bbox 1270 5329 1335 5376; x_wconf 78' lang='lat' dir='ltr'>acra</span> <span class='ocrx_word' id='word_1_549' title='bbox 1354 5319 1464 5376; x_wconf 82' lang='lat' dir='ltr'>concilii</span> <span class='ocrx_word' id='word_1_550' title='bbox 1478 5318 1601 5376; x_wconf 82' lang='lat' dir='ltr'>Nicueru&#39;</span> <span class='ocrx_word' id='word_1_551' title='bbox 1616 5315 1656 5394; x_wconf 82' lang='lat' dir='ltr'>(a.</span> <span class='ocrx_word' id='word_1_552' title='bbox 1676 5323 1738 5378; x_wconf 82' lang='grc'>787</span> <span class='ocrx_word' id='word_1_553' title='bbox 1740 5315 1760 5394; x_wconf 88' lang='lat'><em>)</em></span> <span class='ocrx_word' id='word_1_554' title='bbox 1777 5328 1831 5376; x_wconf 86' lang='lat' dir='ltr'>aet.</span> <span class='ocrx_word' id='word_1_555' title='bbox 1850 5319 1922 5389; x_wconf 85' lang='lat' dir='ltr'>IV.,·</span> <span class='ocrx_word' id='word_1_556' title='bbox 1948 5318 2047 5374; x_wconf 68' lang='lat' dir='ltr'>rlIonei</span> <span class='ocrx_word' id='word_1_557' title='bbox 2061 5317 2148 5387; x_wconf 82' lang='lat' dir='ltr'><em>XIII,</em></span> <span class='ocrx_word' id='word_1_558' title='bbox 2166 5321 2207 5376; x_wconf 77' lang='lat'>92</span> <span class='ocrx_word' id='word_1_559' title='bbox 2217 5337 2283 5393; x_wconf 80' lang='lat' dir='ltr'>sqq.</span> 
     </span>
     <span class='ocr_line' id='line_1_43' title="bbox 627 5421 2285 5502; baseline -0.001 -19"><span class='ocrx_word' id='word_1_560' title='bbox 627 5421 726 5500; x_wconf 80' lang='lat' dir='ltr'>(Jaffe&#39;</span> <span class='ocrx_word' id='word_1_561' title='bbox 731 5427 788 5482; x_wconf 88' lang='lat' dir='ltr'><em>L</em></span> <span class='ocrx_word' id='word_1_562' title='bbox 813 5447 842 5484; x_wconf 82' lang='lat' dir='ltr'>n.</span> <span class='ocrx_word' id='word_1_563' title='bbox 859 5423 963 5502; x_wconf 73' lang='lat' dir='ltr'>erat).</span> <span class='ocrx_word' id='word_1_564' title='bbox 1011 5427 1079 5482; x_wconf 74' lang='lat' dir='ltr'>b&#39;inc</span> <span class='ocrx_word' id='word_1_565' title='bbox 1102 5426 1183 5482; x_wconf 81' lang='lat' dir='ltr'>dubio</span> <span class='ocrx_word' id='word_1_566' title='bbox 1206 5426 1394 5482; x_wconf 77' lang='lat' dir='ltr'>arlhibuerunt</span> <span class='ocrx_word' id='word_1_567' title='bbox 1414 5427 1564 5498; x_wconf 70' lang='lat' dir='ltr'>synodales</span> <span class='ocrx_word' id='word_1_568' title='bbox 1581 5426 1757 5484; x_wconf 77' lang='lat' dir='ltr'>Porisiermea</span> <span class='ocrx_word' id='word_1_569' title='bbox 1781 5425 1933 5482; x_wconf 79' lang='lat' dir='ltr'>versionem</span> <span class='ocrx_word' id='word_1_570' title='bbox 1956 5425 2033 5481; x_wconf 83' lang='lat' dir='ltr'>illam</span> <span class='ocrx_word' id='word_1_571' title='bbox 2052 5431 2178 5481; x_wconf 64' lang='lat' dir='ltr'>aetermam</span> <span class='ocrx_word' id='word_1_572' title='bbox 2196 5443 2285 5498; x_wconf 76' lang='lat' dir='ltr'>syno-</span> 
     </span>
     <span class='ocr_line' id='line_1_44' title="bbox 627 5531 2286 5608; baseline -0.001 -20"><span class='ocrx_word' id='word_1_573' title='bbox 627 5531 732 5588; x_wconf 83' lang='lat' dir='ltr'>dalium</span> <span class='ocrx_word' id='word_1_574' title='bbox 752 5532 858 5590; x_wconf 69' lang='lat' dir='ltr'>terendis</span> <span class='ocrx_word' id='word_1_575' title='bbox 877 5534 1102 5604; x_wconf 75' lang='lat' dir='ltr'>refertissimam,</span> <span class='ocrx_word' id='word_1_576' title='bbox 1127 5534 1162 5588; x_wconf 86' lang='lat' dir='ltr'>de</span> <span class='ocrx_word' id='word_1_577' title='bbox 1180 5553 1237 5608; x_wconf 83' lang='lat' dir='ltr'>qua</span> <span class='ocrx_word' id='word_1_578' title='bbox 1258 5534 1298 5604; x_wconf 83' lang='lat' dir='ltr'>cf.</span> <span class='ocrx_word' id='word_1_579' title='bbox 1317 5533 1354 5588; x_wconf 79' lang='lat' dir='ltr'>Ir&#39;.</span> <span class='ocrx_word' id='word_1_580' title='bbox 1372 5533 1494 5607; x_wconf 82' lang='lat' dir='ltr'>IIempe,</span> <span class='ocrx_word' id='word_1_581' title='bbox 1520 5532 1623 5590; x_wconf 80' lang='lat' dir='ltr'>‘Neues</span> <span class='ocrx_word' id='word_1_582' title='bbox 1642 5534 1756 5590; x_wconf 79' lang='lat' dir='ltr'>Archio’</span> <span class='ocrx_word' id='word_1_583' title='bbox 1774 5532 1858 5602; x_wconf 81' lang='lat' dir='ltr'>XXI,</span> <span class='ocrx_word' id='word_1_584' title='bbox 1876 5537 1917 5590; x_wconf 83' lang='grc'>88</span> <span class='ocrx_word' id='word_1_585' title='bbox 1928 5551 2009 5607; x_wconf 80' lang='lat' dir='ltr'>sqq.,·</span> <span class='ocrx_word' id='word_1_586' title='bbox 2032 5551 2123 5607; x_wconf 77' lang='lat' dir='ltr'>quare</span> <span class='ocrx_word' id='word_1_587' title='bbox 2145 5549 2182 5588; x_wconf 76' lang='lat' dir='ltr'>cx</span> <span class='ocrx_word' id='word_1_588' title='bbox 2204 5538 2286 5588; x_wconf 67' lang='lat' dir='ltr'>tatu</span> 
     </span>
     <span class='ocr_line' id='line_1_45' title="bbox 629 5636 2285 5715; baseline 0 -21"><span class='ocrx_word' id='word_1_589' title='bbox 629 5637 743 5694; x_wconf 83' lang='lat' dir='ltr'>Gracco</span> <span class='ocrx_word' id='word_1_590' title='bbox 763 5639 885 5714; x_wconf 72' lang='lat' dir='ltr'>genetiuo</span> <span class='ocrx_word' id='word_1_591' title='bbox 909 5659 1030 5710; x_wconf 72' lang='lat' dir='ltr'>er&#39;rores,</span> <span class='ocrx_word' id='word_1_592' title='bbox 1058 5639 1155 5714; x_wconf 80' lang='lat' dir='ltr'>quibus</span> <span class='ocrx_word' id='word_1_593' title='bbox 1177 5659 1275 5696; x_wconf 74' lang='lat' dir='ltr'>senum</span> <span class='ocrx_word' id='word_1_594' title='bbox 1298 5658 1469 5715; x_wconf 70' lang='lat' dir='ltr'>rrraqrropere</span> <span class='ocrx_word' id='word_1_595' title='bbox 1492 5639 1611 5710; x_wconf 82' lang='lat' dir='ltr'>loborat,</span> <span class='ocrx_word' id='word_1_596' title='bbox 1644 5640 1786 5715; x_wconf 74' lang='lat' dir='ltr'>corripere</span> <span class='ocrx_word' id='word_1_597' title='bbox 1808 5658 1919 5696; x_wconf 78' lang='lat' dir='ltr'>rreceese</span> <span class='ocrx_word' id='word_1_598' title='bbox 1942 5647 1989 5695; x_wconf 83' lang='lat' dir='ltr'>cst.</span> <span class='ocrx_word' id='word_1_599' title='bbox 2036 5638 2136 5694; x_wconf 81' lang='lat' dir='ltr'>Altera</span> <span class='ocrx_word' id='word_1_600' title='bbox 2160 5636 2285 5694; x_wconf 64' lang='lat' dir='ltr'>dardan</span> 
     </span>
     <span class='ocr_line' id='line_1_46' title="bbox 626 5739 2343 5822; baseline 0.002 -22"><span class='ocrx_word' id='word_1_601' title='bbox 626 5744 759 5819; x_wconf 82' lang='lat' dir='ltr'>epistolae</span> <span class='ocrx_word' id='word_1_602' title='bbox 778 5746 876 5816; x_wconf 78' lang='lat' dir='ltr'>versio,</span> <span class='ocrx_word' id='word_1_603' title='bbox 896 5747 932 5802; x_wconf 82' lang='lat' dir='ltr'>ab</span> <span class='ocrx_word' id='word_1_604' title='bbox 949 5746 1102 5803; x_wconf 74' lang='lat' dir='ltr'>Anaetemio</span> <span class='ocrx_word' id='word_1_605' title='bbox 1120 5745 1326 5802; x_wconf 76' lang='lat' dir='ltr'>bibliothecario</span> <span class='ocrx_word' id='word_1_606' title='bbox 1344 5765 1418 5802; x_wconf 82' lang='lat' dir='ltr'>sace.</span> <span class='ocrx_word' id='word_1_607' title='bbox 1439 5745 1493 5802; x_wconf 84' lang='lat' dir='ltr'>IX.</span> <span class='ocrx_word' id='word_1_608' title='bbox 1514 5767 1558 5803; x_wconf 78' lang='lat' dir='ltr'>ee.</span> <span class='ocrx_word' id='word_1_609' title='bbox 1579 5747 1710 5819; x_wconf 79' lang='lat' dir='ltr'>confecta</span> <span class='ocrx_word' id='word_1_610' title='bbox 1730 5739 1846 5822; x_wconf 63' lang='lat' dir='ltr'>(alana</span> <span class='ocrx_word' id='word_1_611' title='bbox 1861 5745 1947 5815; x_wconf 84' lang='lat' dir='ltr'><em>XIII,</em></span> <span class='ocrx_word' id='word_1_612' title='bbox 1965 5749 2001 5804; x_wconf 82' lang='lat'>91</span> <span class='ocrx_word' id='word_1_613' title='bbox 2014 5765 2086 5821; x_wconf 71' lang='lat' dir='ltr'>sqq,</span> <span class='ocrx_word' id='word_1_614' title='bbox 2106 5744 2147 5815; x_wconf 86' lang='lat' dir='ltr'>cf.</span> <span class='ocrx_word' id='word_1_615' title='bbox 2166 5744 2287 5816; x_wconf 81' lang='lat' dir='ltr'>Hefele,</span> <span class='ocrx_word' id='word_1_616' title='bbox 2308 5767 2343 5806; x_wconf 75' lang='lat' dir='ltr'>as</span> 
     </span>
     <span class='ocr_line' id='line_1_47' title="bbox 625 5849 2229 5924; baseline 0.002 -18"><span class='ocrx_word' id='word_1_617' title='bbox 625 5851 643 5906; x_wconf 88' lang='lat' dir='ltr'>l.</span> <span class='ocrx_word' id='word_1_618' title='bbox 669 5854 686 5908; x_wconf 83' lang='lat' dir='ltr'>l.</span> <span class='ocrx_word' id='word_1_619' title='bbox 712 5851 768 5922; x_wconf 93' lang='lat' dir='ltr'>III,</span> <span class='ocrx_word' id='word_1_620' title='bbox 792 5849 878 5924; x_wconf 62' lang='lat'>1186),</span> <span class='ocrx_word' id='word_1_621' title='bbox 903 5854 954 5908; x_wconf 81' lang='lat' dir='ltr'>hoe</span> <span class='ocrx_word' id='word_1_622' title='bbox 976 5855 1035 5908; x_wconf 84' lang='lat' dir='ltr'>Ioco</span> <span class='ocrx_word' id='word_1_623' title='bbox 1058 5853 1160 5908; x_wconf 79' lang='lat' dir='ltr'>nullius</span> <span class='ocrx_word' id='word_1_624' title='bbox 1184 5861 1224 5908; x_wconf 76' lang='lat' dir='ltr'>eet</span> <span class='ocrx_word' id='word_1_625' title='bbox 1247 5853 1383 5909; x_wconf 75' lang='lat' dir='ltr'>revenienti.</span> <span class='ocrx_word' id='word_1_626' title='bbox 1477 5853 1507 5922; x_wconf 82' lang='lat'>5)</span> <span class='ocrx_word' id='word_1_627' title='bbox 1535 5853 1633 5911; x_wconf 60' lang='lat' dir='ltr'>illane</span> <span class='ocrx_word' id='word_1_628' title='bbox 1655 5853 1741 5923; x_wconf 84' lang='lat' dir='ltr'><em>XIII,</em></span> <span class='ocrx_word' id='word_1_629' title='bbox 1767 5857 1815 5911; x_wconf 78' lang='lat'>92.</span> <span class='ocrx_word' id='word_1_630' title='bbox 1909 5853 1939 5921; x_wconf 77' lang='lat'>6)</span> <span class='ocrx_word' id='word_1_631' title='bbox 1964 5851 2039 5908; x_wconf 82' lang='lat' dir='ltr'>Ibid.</span> <span class='ocrx_word' id='word_1_632' title='bbox 2064 5850 2150 5921; x_wconf 79' lang='lat' dir='ltr'><em>XIII,</em></span> <span class='ocrx_word' id='word_1_633' title='bbox 2177 5855 2229 5910; x_wconf 81' lang='lat'>93.</span> 
     </span>
    </p>
   </div>
   <div class='ocr_carea' id='block_1_10' title="bbox 0 0 2446 6709">
    <p class='ocr_par' dir='ltr' id='par_1_12' title="bbox 0 0 2446 6709">
     <span class='ocr_line' id='line_1_48' title="bbox 0 0 2446 6709; baseline 0 0"><span class='ocrx_word' id='word_1_634' title='bbox 0 0 2446 6709; x_wconf 95' lang='lat' dir='ltr'> </span> 
     </span>
    </p>
   </div>
  </div>
 </body>
</html>
