4884 6717
761 553 812 610 50.
849 554 1066 614 CONCILIUM
1089 556 1312 612 PARISIENSE
1336 558 1373 612 Α.
1394 555 1469 612 829.
1875 550 1938 613 677

290 741 407 805 rationi
431 741 596 828 competit,
621 751 653 806 et
675 764 734 806 vos
758 742 885 807 faciatis
909 756 942 807 et
964 755 1089 807 vestros
1114 766 1205 807 sacro
1229 753 1339 807 vestro
1364 741 1515 829 exemplo
1539 751 1571 807 et
1603 741 1747 807 doceatis
1778 754 1811 807 et
1841 765 1940 830 agere

289 846 492 933 compellatis
502 855 523 912 ¹.

396 975 472 1058 (87).
512 971 605 1059 Cap.
629 973 709 1037 XX.
747 974 823 1038 De‘·’
845 976 1054 1061 perceptione
1078 997 1155 1038 vero
1180 975 1265 1038 sacri
1288 975 1432 1061 eorporis
1456 984 1489 1038 et
1511 973 1678 1059 sanguinis
1694 973 1817 1038 domini
1839 976 1940 1040 nostri

289 1078 365 1143 Iesu
381 1077 501 1143 Christi
524 1079 754 1144 nihilhominus
778 1103 955 1162 monemus,
979 1091 1015 1144 ut
1038 1078 1126 1167 quod
1142 1080 1348 1146 Christianae
1371 1079 1519 1166 religioni
1539 1080 1673 1167 expedit
1688 1091 1730 1162 et,
1747 1082 1831 1146 sicut
1846 1080 1940 1146 vobis

258 1208 311 1253 aa
325 1184 472 1271 patribus
488 1187 606 1250 nostris
623 1186 824 1251 admonitum
849 1188 953 1250 estin
978 1186 1050 1251 aliis
1074 1186 1288 1251 conventibus
1298 1192 1320 1268 ³,
1345 1186 1474 1272 quando
1499 1186 1652 1273 possibile
1675 1186 1783 1268 hierit,
1811 1188 1939 1253 faciatis

289 1302 323 1356 et
345 1303 454 1357 vestro
478 1292 628 1379 exemplo
651 1292 745 1358 vobis
769 1293 973 1372 famulantes,
999 1304 1033 1357 ut
1056 1293 1117 1357 hoe
1140 1294 1273 1373 faciant,
1298 1293 1475 1357 instruatis.

396 1418 472 1502 (88).
509 1416 602 1503 Cap.
619 1417 713 1481 XXI.
752 1418 827 1482 De⁴
850 1417 992 1503 capitulo
1016 1417 1187 1504 siquidem,
1204 1417 1292 1504 quod
1310 1430 1443 1504 propter
1457 1417 1613 1482 honorem
1629 1417 1887 1484 ecclesiasticum
1905 1420 1940 1483 in

289 1524 435 1609 generali
460 1535 622 1588 conventu
644 1537 752 1588 vestra
777 1523 935 1589 celsitudo
959 1546 994 1587 se
1019 1526 1213 1588 constituere
1237 1523 1321 1588 velle
1346 1523 1523 1606 decrevit-l,
1554 1524 1776 1589 tantummodo
1797 1536 1940 1590 vestram

290 1631 445 1717 pietatem
469 1630 685 1716 deposcimus,
711 1641 745 1695 ut
769 1630 947 1695 secundum
971 1631 1037 1694 Dei
1060 1630 1270 1712 voluntatem,
1295 1629 1382 1717 quod
1413 1629 1528 1694 melius
1559 1631 1678 1696 exinde
1708 1630 1803 1696 vobis
1833 1634 1940 1695 visum

246 1764 273 1802 ro
290 1737 398 1818 fuerit,
423 1735 465 1800 ad
489 1737 640 1801 effectum
663 1738 889 1824 incunctanter
911 1737 1108 1824 perdonatio.

397 1861 473 1947 (89).
498 1859 591 1947 Cap.
610 1860 720 1925 XXII.
756 1861 901 1925 Iterum⁶
917 1860 1077 1925 monendo
1094 1861 1309 1946 magnitudini
1325 1871 1453 1925 vestrae
1470 1861 1660 1947 suppliciter
1675 1863 1889 1948 suggerimus,
1905 1873 1941 1926 ut

290 1967 445 2054 deinceps
480 1969 513 2030 in
543 1966 636 2031 bonis
671 1966 856 2053 pastoribus
892 1967 1136 2053 rectoribusque
1172 1969 1205 2031 in
1240 1967 1388 2032 ecelesiis
1419 1968 1482 2032 Dei
1518 1967 1752 2033 constituendis
1786 1991 1940 2055 magnum

290 2074 432 2139 studium
457 2085 554 2161 atque
578 2073 833 2139 sollertissimam
858 2072 1042 2138 adhibeatis
1066 2097 1187 2154 curam,
1212 2075 1299 2161 quia,
1331 2075 1359 2137 si
1383 2073 1477 2138 aliter
1507 2074 1628 2138 factum
1659 2074 1767 2154 fuerit,
1799 2086 1831 2139 et
1861 2075 1940 2140 ordo

290 2180 530 2246 ecclesiasticus
554 2204 646 2245 suam
669 2205 734 2246 non
758 2179 893 2246 habebit
917 2180 1108 2265 dignitatem
1133 2192 1165 2244 et
1188 2179 1302 2264 religio
1320 2178 1506 2244 Christiana
1530 2181 1563 2244 in
1586 2180 1693 2245 multis
1710 2179 1940 2246 labefactando

245 2314 271 2354 u
290 2286 473 2352 detrimenti
505 2289 553 2351 sui
586 2289 745 2353 iacturam
776 2290 917 2375 patietur
951 2298 984 2351 et
1018 2288 1124 2351 anime
1155 2299 1301 2368 vestrae,
1337 2285 1425 2373 qnod
1458 2309 1524 2350 non
1559 2296 1724 2373 optamus,
1760 2287 1940 2374 periculum

289 2393 499 2481 generabitur
509 2398 529 2458 ⁷.

397 2520 471 2603 (99).
504 2517 595 2605 Cap.
615 2519 743 2583 XXIII.
784 2518 1200 2605 Similiterrdeposcimua
1225 2528 1260 2582 ut
1283 2518 1317 2580 in
1341 2515 1515 2581 abbatissis
1539 2517 1773 2583 constituendis
1796 2529 1940 2583 vestrum

289 2626 474 2712 specialiter
496 2628 641 2690 caveatis
665 2625 854 2713 periculum,
880 2627 963 2690 sicut
987 2624 1080 2689 vobis
1104 2647 1202 2710 saepe
1227 2634 1276 2687 est
1299 2622 1500 2688 admonitum
1518 2635 1550 2688 et
1565 2646 1625 2711 per
1641 2624 1784 2689 divinam
1801 2626 1939 2690 auctori·

287 2741 387 2795 tatem
412 2732 557 2797 crebrius
581 2733 822 2796 manifestatum
832 2737 854 2798 ⁹.
902 2731 969 2796 Sed
979 2736 1005 2775 ¹⁰
1028 2743 1061 2796 et
1082 2731 1143 2795 hoe
1168 2728 1388 2812 obsecramus,
1420 2740 1455 2794 ut
1484 2731 1517 2794 in
1550 2729 1708 2816 eligendis
1737 2729 1939 2796 adiutoribus

241 2872 269 2912 ,ο
287 2838 403 2902 vestris
434 2849 466 2902 et
500 2837 701 2925 reipublicae
731 2839 896 2918 ministris,
933 2838 987 2924 qui
1018 2838 1091 2901 vice
1121 2849 1231 2901 vestra
1259 2835 1415 2923 populum
1442 2837 1507 2901 Dei
1538 2859 1652 2922 regere
1689 2849 1721 2902 et
1754 2836 1938 2923 gubernare

288 2955 384 3031 atque
408 2944 554 3009 iudicare
579 2943 709 3022 debent,
734 2944 992 3008 sollertissimam
1016 2944 1253 3030 providentiam
1278 2942 1436 3023 habeatis,
1461 2966 1590 3029 semper
1612 2943 1691 3008 illud
1715 2942 1938 3025 adtendentes,

287 3050 375 3136 quod
399 3052 432 3114 in
456 3049 539 3115 libro
561 3050 670 3115 Exodi
694 3050 736 3115 ad
752 3051 890 3137 Moysen
914 3050 1048 3115 dicitur:
1073 3050 1222 3131 Provide,
1246 3050 1361 3137 inquit,
1387 3050 1425 3114 ele
1448 3053 1536 3115 omni
1550 3053 1673 3137 populo
1697 3053 1783 3116 uiros
1800 3065 1940 3138 potentes
1957 3068 2075 3120 tzod-1⁸,

287 3171 316 3222 et
344 3160 481 3222 timentes
506 3158 618 3238 Deum,
651 3162 683 3222 iu
714 3160 827 3245 quibua
856 3161 899 3223 sit
928 3162 1043 3222 ueritas
1073 3172 1102 3222 et
1131 3160 1189 3242 qui
1217 3158 1342 3222 oderint
1367 3159 1548 3221 auaritiam.
1598 3157 1641 3221 Et
1663 3160 1810 3222 constitue
1833 3182 1873 3222 ex
1894 3160 1940 3223 et's
1975 3125 2063 3165 Ml

287 3265 428 3329 tribunos
451 3279 479 3329 et
501 3267 695 3329 centuriones
718 3281 746 3329 et
768 3268 1066 3352 quiuquaqeuarios,
1097 3267 1157 3351 qui
1185 3264 1325 3328 iudicent
1346 3265 1505 3351 populum
1536 3267 1625 3329 omni
1652 3278 1795 3351 teuepore.
1845 3263 1939 3342 Quic-

241 3404 268 3445 20
287 3370 368 3456 quid
389 3385 490 3436 auoeta
515 3374 618 3435 maius
633 3373 742 3459 fuerit
766 3373 904 3459 referent
926 3371 972 3435 ael
993 3386 1019 3435 te
1044 3385 1074 3436 et
1103 3374 1171 3457 ipsi
1197 3373 1323 3436 minora
1353 3371 1565 3436 tantummodo
1593 3371 1751 3450 iudicent;
1780 3371 1940 3457 leviusque

286 3479 348 3542 tibi
367 3481 410 3542 sit
428 3481 548 3564 partito
574 3480 606 3542 ia
630 3479 712 3542 alios
736 3503 835 3543 oum.
885 3477 925 3541 Si
945 3478 1002 3541 hoc
1018 3479 1153 3565 feceris,
1184 3478 1331 3563 implebis
1362 3478 1530 3563 imperium
1555 3477 1692 3542 Domini
1718 3492 1746 3540 et
1769 3492 1940 3564 praecepta

286 3587 354 3650 eiua
378 3588 500 3671 poteriis
527 3599 706 3648 sustentare.
755 3583 850 3648 Unde
881 3595 913 3648 et
943 3584 976 3647 in
1006 3581 1089 3648 libro
1112 3583 1378 3647 Deuteronomii:
1409 3582 1546 3664 Iudr'ces,
1574 3584 1687 3669 inquit,
1717 3598 1745 3648 et
1774 3586 1941 3671 maqietros
1957 3602 2068 3654 nesure,

285 3694 450 3756 constitues
475 3694 506 3755 in
531 3693 674 3756 erunibus
690 3694 797 3778 porte'e
820 3694 892 3771 tues,
916 3716 995 3777 quas
1019 3691 1165 3755 dominus
1181 3690 1268 3754 Deus
1291 3704 1361 3754 tuus
1385 3690 1509 3755 dederit
1526 3692 1587 3754 tibi
1600 3715 1664 3777 per
1681 3691 1824 3778 sinqulas
1840 3691 1941 3755 trabas
1979 3657 2051 3700 lm

285 3812 365 3876 tuas,
397 3813 429 3862 ut
460 3798 598 3862 s'ruliceut
621 3799 774 3884 populum
809 3801 888 3862 iusto
921 3799 1040 3862 iudicio
1071 3822 1125 3862 uec
1154 3801 1188 3862 iu
1218 3798 1363 3882 aliquam
1387 3810 1513 3883 partem
1545 3796 1708 3861 declinent.
1761 3796 1845 3860 Item
1875 3793 1938 3860 ibi:

241 3937 267 3977 ω
286 3904 428 3990 Ιὶιὶτί9ιιρ
454 3907 539 3970 colus
564 3908 596 3968 iu
620 3906 677 3968 illo
702 3919 854 3990 tempore:
885 3904 957 3968 Nou
980 3929 1111 3990 possum
1134 3905 1220 3968 solus
1242 3906 1395 3968 sustinere
1423 3927 1485 3983 uos,
1509 3905 1658 3988 quoniam
1683 3904 1828 3968 domiuus
1851 3902 1940 3968 Deus
1957 3929 2101 3982 tuno-n.

288 4026 386 4076 vater
411 4012 636 4098 multiplicavit
660 4037 722 4088 sou
747 4025 775 4075 et
797 4014 870 4075 estes
894 4011 986 4075 boelis
1008 4013 1090 4074 sicut
1110 4010 1218 4074 stellae
1242 4011 1327 4074 caeli
1340 4010 1493 4096 plurime.
1534 4009 1691 4074 Dominus
1707 4009 1795 4074 Deus
1807 4025 1938 4097 patrum

287 4133 456 4182 uestrorum
481 4118 582 4182 addat
603 4118 649 4182 ael
670 4119 751 4182 herne
776 4142 935 4181 uremerum
961 4118 1056 4180 metita
1080 4117 1173 4180 milia
1197 4130 1226 4181 et
1246 4117 1355 4204 faciet
1385 4118 1482 4196 vobis,
1506 4118 1587 4181 sicut
1617 4118 1736 4181 locutus
1766 4131 1817 4182 eet.
1864 4116 1939 4181 Non

392 4353 450 4403 XX.
479 4353 700 4404 tnihilhominis
720 4353 751 4403 P.
825 4350 1052 4404 bsamulantihus
1072 4351 1098 4401 V.
1120 4350 1151 4401 P.

392 4443 465 4492 xxi
495 4445 694 4492 Seonventum
716 4442 746 4492 P.
819 4442 947 4492 constitui
968 4440 995 4490 V.
1015 4439 1045 4489 P.
1120 4439 1305 4509 {saecundum
1325 4439 1352 4489 V.

240 4541 267 4583 tt
393 4531 483 4580 xxm.
514 4534 545 4581 12
565 4533 707 4597 pateribus
727 4531 758 4581 P.
833 4533 865 4581 13
884 4529 1089 4581 solertissimam
1109 4528 1136 4579 V.
1157 4528 1188 4578 P.

392 4621 499 4670 xx111.
528 4621 562 4671 26
580 4619 641 4670 aliis
661 4621 688 4672 Γ.
762 4622 796 4671 30
815 4621 945 4685 Dixitque
964 4619 995 4670 P.
1068 4621 1099 4669 31
1121 4618 1220 4669 hodiae
1240 4618 1269 4666 1⁷.
1288 4617 1320 4669 Ρ.

396 4837 425 4906 ll
448 4837 481 4892 V.
505 4857 595 4912 supra
618 4836 665 4893 lib.
682 4836 703 4892 Ι
721 4856 743 4893 c.
764 4840 805 4894 50
829 4833 869 4910 (p.
888 4840 948 4895 643
959 4830 1015 4912 sq.)
1040 4845 1160 4911 atquae
1182 4834 1220 4890 ibi
1242 4842 1381 4892 annotata
1403 4842 1477 4892 utut.
1581 4833 1611 4904 2)
1637 4833 1686 4905 Cf.
1711 4833 1811 4890 relatio
1834 4832 1938 4908 ephro-

280 4964 384 5020 porum
409 4965 432 5001 c.
451 4948 507 5013 33‚·
531 4946 549 5001 l.
566 4945 585 5000 l.
603 4943 642 5012 II,
660 4947 708 5002 39.
745 4942 831 5000 Ionas
855 4943 962 5012 Aurei,
986 4942 1032 4998 De
1054 4941 1224 4999 institutione
1246 4940 1328 5018 reqia
1351 4961 1375 4998 c.
1393 4945 1432 5000 16
1447 4941 1518 4997 med.
1589 4941 1619 5010 3)
1645 4939 1693 5012 Cf.
1716 4959 1808 5016 supra
1825 4959 1859 5015 p.
1876 4943 1938 4999 594

285 5071 309 5108 a.
327 5054 355 5110 3.
433 5052 463 5116 4)
489 5049 537 5122 Os.
562 5049 662 5106 relatio
686 5049 877 5124 manoperam
901 5069 924 5105 o.
942 5052 981 5107 34
988 5069 999 5116 ;
1022 5050 1041 5104 ἱ.
1058 5050 1076 5105 l.
1101 5047 1141 5117 II,
1160 5051 1208 5106 39.
1287 5047 1317 5116 5)
1342 5045 1429 5111 Quod
1449 5046 1638 5105 Hludouiceu
1659 5050 1723 5106 829
1734 5045 1774 5103 iu.
1797 5044 1850 5103 sibi
1866 5065 1937 5121 pro·

238 5183 267 5222 40
280 5157 377 5232 posuit
399 5152 580 5232 (capiauare
602 5156 747 5212 missorum
771 5175 794 5211 c.
814 5159 840 5224 1,
866 5152 940 5212 ΜΘ.
959 5153 1052 5229 Capit.
1069 5153 1108 5224 Π,
1126 5157 1145 5212 9
1152 5175 1162 5222 ;
1188 5151 1396 5211 dliiblbacber²
1417 5173 1448 5211 a.
1464 5148 1539 5227 863)
1563 5151 1800 5211 autumnum
1817 5151 1936 5209 airaduu

284 5263 356 5320 anui
378 5283 471 5320 masse
494 5264 618 5340 Aequato
641 5256 821 5337 (Capitulare
845 5260 1046 5317 ll'ermatietue
1069 5280 1091 5318 c.
1110 5265 1139 5328 8,
1164 5261 1183 5316 l.
1200 5262 1219 5316 l.
1245 5259 1360 5330 11,13,·
1385 5257 1592 5317 lluulbacler²
1615 5279 1644 5316 u.
1662 5253 1747 5333 866).
1830 5257 1861 5326 6)
1886 5255 1935 5329 Cf.

284 5369 384 5426 relatio
408 5370 599 5445 episcoporum
624 5389 647 5424 c.
668 5372 723 5436 57,·
747 5370 765 5424 l.
785 5369 803 5425 l.
828 5365 869 5435 ΙΙ,
886 5370 937 5426 48.
978 5365 1083 5424 tunel.
1101 5368 1333 5443 Aqua’sqraaeruc
1348 5369 1411 5425 836
1427 5367 1502 5423 decr.
1523 5385 1587 5442 cap.
1604 5365 1656 5422 ΙΙΙ
1669 5386 1692 5422 c.
1711 5369 1730 5424 9
1746 5359 1829 5440 (49),·
1852 5363 1936 5435 iufra

278 5496 314 5552 p·
332 5479 399 5536 719.
485 5477 515 5545 l)
538 5476 569 5532 V.
593 5495 683 5550 stupra
706 5475 751 5531 ut.
769 5474 790 5530 Ι
803 5495 826 5531 c.
843 5477 879 5533 11
888 5495 897 5542 ‚·
916 5493 949 5549 p.
967 5477 1077 5550 amq.
1163 5475 1193 5543 8)
1219 5471 1268 5545 Os.
1292 5472 1393 5530 relatio
1416 5473 1650 5548 epucopornmc.
1671 5469 1934 5540 5s;t.1.11,48.
2013 5475 2018 5498 '

286 5583 391 5641 Concil.
408 5583 639 5659 Aquisqrauense
654 5586 717 5641 836
733 5583 808 5638 decr.
833 5601 897 5656 cap.
915 5579 968 5636 ΙΙΙ
980 5599 1004 5638 c.
1021 5583 1060 5639 10
1076 5573 1144 5656 (50)
1152 5602 1163 5650 ;
1182 5600 1215 5655 p.
1234 5582 1301 5638 719.
1376 5579 1406 5649 9)
1430 5579 1461 5636 V.
1485 5599 1575 5654 supra
1598 5577 1643 5636 lib.
1661 5578 1682 5634 Ι
1695 5598 1718 5635 c.
1737 5581 1793 5648 39,·
1811 5597 1844 5654 p.
1863 5578 1934 5636 637.

238 5716 265 5755 a
286 5689 334 5763 Cf.
360 5691 441 5747 etiam
467 5690 563 5747 eoitril.
588 5688 819 5764 Aquisqraneuse
841 5692 903 5747 816
926 5687 989 5743 inst.
1013 5694 1103 5744 sanct.
1128 5707 1151 5742 c.
1172 5689 1200 5745 7.
1249 5684 1355 5744 Cenat.
1380 5684 1597 5763 quellreiueense
1620 5689 1684 5745 826
1710 5705 1734 5744 c.
1760 5688 1816 5754 12;
1845 5700 1936 5759 supra

278 5816 313 5872 p.
330 5800 393 5856 442
408 5817 468 5873 sqq.
494 5800 557 5853 552
576 5789 634 5866 (ubi
649 5795 796 5850 remittitur
811 5795 853 5850 art
870 5793 966 5850 conat.
986 5791 1179 5851 &adoneus
1194 5795 1255 5853 813
1274 5812 1297 5848 c.
1314 5797 1371 5862 525
1388 5811 1479 5868 supra
1492 5811 1525 5868 p.
1542 5787 1628 5868 284).
1701 5792 1751 5862 10)
1770 5791 1818 5863 Cf.
1836 5787 1937 5846 ralatio

284 5904 477 5980 cpuceporum
494 5923 517 5958 c.
535 5905 576 5960 59
582 5923 592 5969 ;
616 5903 633 5956 l.
654 5903 672 5957 l.
690 5901 730 5970 ΙΙ,
747 5905 789 5960 48
800 5921 842 5976 sq.
880 5899 985 5958 Charil.
1003 5899 1233 5976 Aquisqraaease
1247 5902 1310 5958 836
1326 5899 1401 5955 decr.
1420 5918 1483 5974 cap.
1501 5897 1553 5954 ΙΙΙ
1571 5918 1594 5955 c.
1612 5901 1649 5957 11
1667 5890 1752 5976 (51);
1770 5920 1803 5975 p.
1822 5899 1881 5957 719
1891 5913 1935 5969 tq.
