4884 6717
675 520 727 576 44.
763 520 982 578 CONOILIUM
1004 520 1233 576 PARISIENSE
1256 521 1294 577 A.
1314 520 1390 578 825.
1794 517 1858 580 497

308 706 402 772 Haec
426 719 540 773 contra
563 730 629 789 eos,
654 709 710 795 qni
733 730 893 773 annornm
915 731 1050 773 numero
1074 708 1336 795 superstitionem
1359 709 1538 794 imaginum
1555 709 1723 775 vindicare
1747 710 1860 776 volunt

202 827 235 881 et
258 813 526 880 consuetudinem
550 815 643 902 sequi
668 816 804 901 cupiunt
826 816 934 902 potius
958 839 1057 903 quam
1080 817 1228 880 veritatis
1251 816 1488 882 anctoritatem.

308 940 365 1030 LI.
404 939 609 1025 Augustinus
638 939 672 1003 in
702 938 785 1004 libro
813 942 1042 1026 quaestionum
1070 941 1190 1005 veteris
1218 951 1252 1005 et
1281 942 1358 1005 novi
1388 943 1591 1007 testamenti:
1623 951 1825 1008 inrationabile
1838 947 1859 1018 ¹,

202 1048 318 1134 inquit,
348 1057 449 1128 vulgus
480 1063 530 1111 aut
559 1063 732 1128 apparentes
761 1057 875 1111 umbras
905 1064 956 1112 aut
986 1058 1135 1113 daemonia
1163 1064 1214 1112 sut
1244 1056 1393 1113 simulacra
1422 1066 1593 1114 mortuorum
1616 1067 1648 1114 ut
1671 1061 1741 1115 deos
1764 1064 1858 1115 colere

170 1173 370 1235 acceperunt.
417 1161 498 1227 Quae
522 1182 568 1218 res
592 1165 620 1219 in
644 1163 849 1219 consuetudine
873 1164 1026 1219 vetustatis
1049 1164 1175 1219 deducta
1197 1164 1353 1219 arbitratur
1376 1165 1490 1219 rationis
1514 1165 1566 1220 sibi
1593 1167 1745 1222 veritatem
1775 1183 1858 1237 posse

204 1271 334 1337 defendi,
358 1289 420 1325 curn
444 1271 572 1327 veritatis
595 1271 667 1326 ratio
691 1289 747 1326 non
771 1288 806 1326 ex
829 1271 1036 1326 consuetudine
1061 1277 1148 1342 atque
1173 1289 1208 1326 ex
1230 1278 1388 1340 vetustate,
1419 1273 1471 1326 sed
1496 1290 1530 1327 ex
1554 1273 1618 1328 Deo
1640 1273 1688 1338 sit,
1713 1273 1781 1343 qnia
1803 1291 1859 1328 non

202 1384 348 1433 vetustate
373 1379 453 1433 Deus
476 1379 623 1449 probatur,
647 1378 699 1433 sed
722 1378 908 1434 aeternitate.
956 1377 1146 1441 Qumnobrem
1168 1376 1241 1432 fides
1263 1395 1320 1432 non
1343 1386 1509 1450 captares,
1537 1379 1590 1434 sed
1613 1380 1674 1434 sine
1698 1379 1779 1434 initio
1803 1386 1858 1435 est.

202 1484 236 1540 In
258 1486 352 1540 Deum
376 1485 450 1540 enim
474 1486 592 1541 credere
616 1492 742 1540 nostrum
765 1485 891 1556 incipere
916 1492 971 1540 est.
1018 1485 1089 1540 Nam
1113 1485 1189 1556 quod
1213 1485 1340 1540 creditur
1362 1493 1510 1541 aeternum
1534 1493 1588 1540 est.

310 1582 354 1647 Et
377 1593 450 1668 post
472 1605 595 1672 pauca:
628 1588 734 1655 Quod*
763 1593 860 1648 colunt
890 1592 994 1664 pagani
1024 1599 1089 1663 post
1113 1593 1207 1647 Deum
1232 1599 1293 1660 est3
1324 1608 1396 1662 opus
1418 1598 1484 1663 post
1507 1591 1637 1664 opificem
1662 1600 1724 1660 est3
1754 1594 1858 1664 pagani

160 1721 185 1759 ro
203 1700 300 1756 colunt
322 1718 420 1771 opera,
451 1717 501 1754 nos
524 1698 664 1770 opificem,
696 1699 736 1753 illi
768 1706 938 1767 creaturam,
967 1717 1019 1754 nos
1046 1706 1214 1754 creatorem.
1261 1699 1367 1753 Pactus
1390 1698 1472 1753 homo
1495 1700 1591 1772 coepit
1619 1701 1748 1755 venerari
1778 1718 1859 1755 sunm

203 1808 388 1872 conditorem,
412 1807 478 1878 quie
502 1816 532 1862 et
556 1807 670 1878 dignum
695 1813 740 1861 est
765 1814 794 1861 et
818 1824 904 1861 causa
925 1806 978 1861 hoc
1003 1806 1109 1877 exegit.

310 1921 382 1986 LII.
417 1921 602 1985 Hieremias
632 1920 807 2007 propheta:
841 1928 910 1986 Post
933 1929 1057 1998 Bonum,
1088 1921 1203 2007 inquit,
1235 1928 1373 2000 abeunt,
1404 1930 1482 2006 qaod
1508 1930 1668 1988 didicerunt
1689 1952 1708 1988 a
1726 1931 1861 2007 patr-ibris
1879 1952 2027 2002 immun.

202 2039 269 2096 suis
306 2029 401 2094 Unde
426 2028 652 2091 Hieronimus:
676 2032 774 2109 Ergo³
797 2055 850 2092 nec
873 2045 1024 2108 parentum
1048 2055 1102 2092 nec
1124 2037 1260 2092 maiorum
1284 2055 1362 2093 error
1377 2039 1541 2109 sequendus
1557 2046 1612 2105 est,
1637 2039 1689 2093 sed
1706 2040 1859 2094 auctoritas

203 2147 404 2218 scripturarum
429 2155 458 2199 et
482 2145 539 2199 Dei
562 2145 692 2199 docentis
715 2145 872 2216 imperium.

160 2287 185 2327 rs
309 2259 400 2325 Llll.
436 2260 639 2344 Augustinus
662 2260 696 2322 in
720 2258 845 2346 psalmo
869 2258 1011 2324 exui:
1044 2263 1208 2323 Videntnr¹
1232 2275 1328 2324 antem
1355 2269 1408 2325 sibi
1432 2271 1602 2342 purgatioris
1628 2289 1691 2326 esse
1715 2270 1859 2343 religionis

204 2378 251 2449 qui
276 2377 389 2432 dieunt:
416 2376 476 2430 Nec
500 2376 676 2431 simulacrum
700 2393 753 2431 nec
777 2376 956 2430 daemonium
979 2375 1051 2442 colo,
1074 2375 1126 2430 sed
1143 2373 1269 2446 effigiem
1285 2376 1459 2447 corporalem
1476 2378 1536 2432 eius
1552 2378 1594 2433 rei
1609 2378 1720 2450 signnm
1736 2379 1860 2447 intueor,

204 2503 288 2556 quam
311 2485 405 2539 coloro
429 2484 533 2539 debeo.

311 2582 394 2646 Item
418 2593 491 2669 post
514 2603 636 2667 pauca:
661 2584 801 2645 Audent⁵
823 2590 997 2661 respondere
1022 2607 1078 2643 non
1100 2589 1162 2660 ipsa
1185 2607 1304 2661 corpora
1326 2588 1431 2653 colere,
1455 2592 1518 2659 sed,
1551 2609 1624 2661 qnae
1648 2591 1703 2646 illis
1726 2593 1861 2663 regendis

203 2700 380 2772 praesident,
403 2699 527 2753 numina.

160 2821 187 2861 ao
312 2797 349 2862 Si
373 2798 468 2876 enim,
501 2797 584 2860 sicut
607 2795 788 2881 praemissa
811 2803 995 2858 sanctorum
1027 2803 1156 2879 petrum
1186 2791 1382 2858 documenta
1405 2792 1583 2876 declarant,
1618 2795 1722 2859 sancti
1751 2795 1860 2881 angeli

206 2915 238 2968 et
261 2903 365 2967 sancti
395 2903 459 2966 viri
488 2924 553 2965 non
583 2911 657 2964 sunt
687 2899 816 2964 colendi
846 2923 907 2965 nec
939 2898 1108 2981 adorandi,
1140 2899 1201 2964 hoc
1236 2901 1321 2963 enim
1353 2902 1473 2987 stipsi
1504 2900 1678 2986 refugiunt,
1709 2901 1768 2966 sed
1791 2901 1861 2967 sola

206 3011 352 3090 caritate,
375 3032 441 3073 non
464 3018 573 3072 autem
597 3008 753 3072 servitute
777 3006 969 3086 honorandi,
994 3029 1056 3071 nec
1080 3007 1201 3071 sanctis
1225 3005 1422 3093 martyribus
1445 3006 1577 3093 templa,
1602 3030 1696 3072 sacra
1712 3019 1745 3072 et
1760 3010 1860 3073 sacri·

206 3117 290 3199 ficia,
322 3116 380 3180 sed
411 3115 471 3179 soli
494 3115 568 3179 Deo
593 3113 831 3196 constituenda,
861 3115 1055 3201 praesertim
1087 3135 1161 3178 cum
1184 3112 1367 3178 honorandi
1390 3114 1454 3178 sint
1477 3126 1612 3201 propter
1634 3116 1859 3196 imitationem,

206 3247 270 3288 non
294 3221 453 3287 adorandi
478 3233 610 3308 propter
633 3220 834 3306 religionem,
866 3243 931 3308 qua
955 3221 1080 3284 ratione
1104 3230 1161 3284 aut
1184 3243 1250 3307 qua
1273 3220 1465 3284 auctoritate
1490 3219 1648 3300 adoratio,
1680 3222 1861 3302 incensum,

160 3354 188 3395 rs
205 3330 379 3395 luminaria
401 3341 433 3393 et
457 3339 576 3410 cetera,
603 3349 687 3414 quse
712 3330 745 3392 in
769 3326 907 3414 epistola
931 3325 1134 3391 Graecorum
1157 3325 1422 3406 adnumerantur,
1447 3348 1560 3391 eorum
1583 3327 1781 3414 imaginibus
1805 3351 1861 3393 ex·

206 3436 350 3501 hibenda
372 3435 470 3500 sunt?
517 3435 727 3522 Quapropter
756 3436 876 3499 omissa
906 3436 993 3498 omni
1025 3435 1255 3519 superstitione
1286 3434 1440 3498 convenit
1469 3445 1602 3498 sanctae
1626 3434 1806 3499 catholicae
1829 3445 1862 3499 et

206 3544 404 3631 apostolicae
429 3542 588 3607 ecclesiae
613 3541 763 3628 religioni
787 3564 866 3627 erga
889 3553 1074 3606 sanctorum
1099 3541 1258 3626 imagines
1282 3540 1367 3604 hanc
1384 3538 1612 3605 discretionem
1631 3551 1752 3624 tenere,
1777 3543 1862 3606 sicut

207 3652 346 3715 eximius
371 3649 485 3715 doctor
506 3648 622 3714 beatus
645 3672 733 3736 papa
750 3647 929 3734 Gregorius
946 3647 1058 3713 docuit
1074 3659 1106 3712 et
1121 3647 1154 3711 in
1172 3648 1239 3711 suis
1256 3647 1385 3733 scriptis
1406 3646 1500 3712 nobis
1524 3647 1700 3713 tenendum
1725 3670 1861 3735 sequen·

206 3757 349 3844 dumque
372 3756 513 3843 reliquit.

162 3923 189 3962 so
314 3899 363 3964 Ne
394 3900 494 3986 igitur
524 3921 565 3962 cx
597 3898 827 3984 superstitione
851 3908 907 3960 aut
930 3919 973 3960 ex
997 3894 1143 3983 qualibet
1166 3895 1231 3961 alia
1256 3897 1427 3961 occasione
1452 3896 1608 3964 scandala
1631 3895 1861 3962 infirmioribus

207 4006 361 4072 fratribus
385 4007 557 4093 provenire
582 4017 724 4092 possent,
755 4003 817 4069 hoc
850 4025 1054 4089 summopere
1086 4004 1191 4067 sancti
1214 4004 1277 4067 viri
1308 4002 1447 4089 provida
1473 4003 1733 4068 consideratione
1757 4004 1861 4069 vitare

208 4112 401 4178 studuerunt
424 4125 456 4177 et
479 4111 575 4176 dictis
598 4112 758 4197 factisque
783 4112 850 4175 suis
873 4108 968 4174 nobis
991 4110 1157 4174 vitandum
1182 4131 1416 4197 usquequaque
1441 4109 1611 4175 evidenter
1633 4110 1816 4177 ostendunt.

315 4236 422 4302 LIIII.
457 4237 545 4301 Hinc
577 4238 664 4301 enim
693 4234 808 4300 beatus
836 4234 1040 4321 Augustinus
1070 4236 1102 4298 in
1132 4232 1215 4297 libro
1244 4234 1322 4298 IIII.
1354 4234 1395 4298 de
1426 4236 1558 4300 civitate
1590 4234 1671 4300 Dei:
1708 4243 1862 4316 Maioresss,

207 4346 323 4433 inquit,
347 4354 433 4409 nostri
457 4353 687 4424 superstitionem
710 4371 728 4407 a
750 4351 887 4423 religione
911 4359 1127 4423 separaverunt.

162 4490 190 4531 re
315 4469 385 4533 LV.
421 4469 505 4533 Item
528 4467 615 4532 idem
640 4468 673 4531 in
697 4465 779 4532 libro
803 4466 848 4531 X.
872 4465 913 4532 de
938 4467 1070 4532 civitate
1095 4466 1159 4531 Dei
1192 4465 1337 4530 eiusdem
1361 4467 1485 4552 operis:
1518 4472 1674 4548 Legimns⁷
1697 4487 1861 4550 serpentum

207 4605 316 4643 morsus
339 4585 499 4641 mortiferos
522 4603 642 4657 poenam
666 4585 844 4639 iustissimam
867 4591 1048 4655 peccatorum
1079 4584 1106 4637 in
1136 4582 1214 4654 ligno
1245 4581 1370 4637 exaltato
1400 4589 1487 4653 atque
1512 4593 1663 4655 prospecto
1687 4602 1777 4640 aeneo
1800 4605 1860 4640 ser-

207 4701 297 4766 pente
321 4701 446 4758 enantes,
469 4701 502 4747 ut
527 4700 557 4747 et
579 4691 684 4763 populo
708 4691 908 4746 subveniretur
931 4689 1037 4745 afflicto
1063 4697 1092 4743 et
1116 4707 1188 4744 mors
1211 4697 1301 4744 morte
1326 4690 1475 4744 destructa
1497 4690 1578 4746 volut
1599 4690 1748 4747 crucifixae
1765 4693 1861 4747 mortis
1881 4696 2007 4798 <tl-2¹:2²⁵

315 4922 346 4971 1.
377 4923 388 4970 l
412 4914 497 4983 Haec]
518 4919 605 4984 Caput
617 4895 663 4969 Vl.
679 4918 847 4984 promuntur
864 4917 921 4968 cdd.
994 4920 1056 4968 2et
1074 4916 1134 4966 aaa.
1154 4933 1166 4967 c
1184 4917 1248 4967 coni.

315 5010 363 5059 Ll.
392 5012 407 5060 3
428 5003 632 5070 Inrationabile]
650 5009 720 5072 Aug.
739 5008 767 5057 in
785 5025 864 5073 mnrp.
885 5007 916 5057 P.

315 5099 378 5148 Lll.
401 5101 432 5150 12
452 5093 529 5161 Post]
550 5098 671 5148 ilionis
689 5115 768 5163 marp.
791 5097 820 5148 P.
892 5091 975 5162 quod]
994 5113 1063 5161 quos
1083 5095 1113 5145 P.

316 5189 394 5239 Llll.
426 5191 456 5238 lo
476 5181 619 5250 Videntur]
638 5187 708 5252 Aug.
727 5187 755 5236 in
775 5204 852 5251 mor-p.
874 5185 904 5235 P.
977 5187 1011 5235 30
1030 5179 1080 5247 Ne]
1099 5183 1189 5250 Caput
1201 5184 1265 5234 Vll.
1282 5185 1450 5249 praemitmnt
1467 5185 1524 5237 edd.

315 5278 406 5328 LlIll.
434 5279 468 5327 33
487 5270 616 5339 Maiores]
636 5276 706 5340 Aug.
723 5275 752 5324 in
770 5293 849 5340 marp.
871 5274 900 5324 P.

316 5366 372 5417 LV.
400 5369 434 5417 35
453 5360 593 5430 Legimus]
612 5366 681 5430 Aug.
699 5364 728 5414 in
746 5382 825 5431 mcry.
845 5364 875 5414 P.

319 5557 349 5643 l)
375 5565 500 5621 Frui-stra
522 5563 656 5640 quaesivi.
761 5555 791 5638 2]
822 5562 888 5621 Non
912 5562 1014 5620 inveni.
1119 5556 1148 5638 3]
1178 5562 1377 5636 fficronpmus.
1404 5561 1554 5620 Conrmcnt.
1579 5561 1609 5618 in
1632 5561 1781 5618 lercruicm
1806 5563 1864 5620 cll

163 5674 308 5743 sse.14;
340 5670 415 5748 Opp
431 5670 486 5741 IV,
502 5673 572 5732 907.
672 5663 703 5748 4]
728 5669 908 5747 depastione,
934 5668 1047 5726 Enerr.
1071 5669 1100 5726 in
1121 5671 1225 5744 psalm.
1251 5671 1317 5728 113.
1341 5688 1432 5725 sermo
1455 5673 1476 5727 2
1497 5663 1522 5744 ἕ
1537 5671 1573 5738 1,·
1605 5666 1678 5744 Opp.
1704 5668 1758 5738 IV,
1776 5671 1863 5728 1261.

187 5743 192 5764 ’
211 5770 243 5858 5)
260 5778 387 5847 tussa·
410 5779 428 5835 e.
446 5780 464 5835 t.
482 5777 644 5848 1V,1262.
715 5769 1470 5854 e]Aupnunm,DeriviateDei1l'c.3o,-Opp.
1491 5775 1554 5846 νυ,
1573 5778 1638 5835 110.
1709 5769 1739 5850 a)
1756 5775 1864 5832 tuear

210 5886 245 5946 Χ
263 5889 340 5955 c.8;
370 5884 597 5955 l.1.V11,2l5.

264 6001 309 6044 151¹.
322 6000 423 6041 enacim
436 6001 468 6045 11.
1618 6005 1651 6052 83
