4884 6717
516 496 580 558 616
985 498 1036 557 50.
1074 498 1291 557 CONCILIUM
1313 499 1541 556 PARISIENSE
1565 501 1602 554 Α.
1623 498 1698 555 829.

356 711 496 761 masan.
515 690 670 776 fraudetur
692 692 823 777 scriptus
846 691 945 754 illiue.
993 688 1050 752 Ad
1074 690 1242 776 imaginem
1266 691 1383 775 qnippe
1406 689 1474 753 Dei
1487 691 1601 777 factus
1624 703 1668 753 est
1690 689 1788 754 horno.
1843 688 1887 751 Et
1916 689 1949 752 in
1980 688 2070 774 lege:
2104 689 2171 768 Qus·

336 817 496 865 noussen.
516 796 668 861 occiderit
689 796 844 860 hominem
867 810 963 860 ‘morte
986 797 1150 860 moriatur.
1196 793 1241 857 Et
1264 795 1444 881 apostolus:
1469 795 1556 860 Nam
1572 798 1742 883 principes
1765 820 1825 860 nort
1855 811 1928 861 sunt
1956 799 2067 862 timori
2094 799 2171 862 boni

516 905 632 989 operis,
655 902 712 966 sed
733 903 822 966 moli.
878 902 933 966 Vis
951 917 1051 966 autem
1076 927 1138 965 aon
1160 903 1268 966 tirnere
1284 904 1492 988 potestatem?
1537 902 1661 966 Bonum
1679 903 1743 989 fac
1767 916 1795 967 et
1817 903 1944 967 habebis
1975 903 2100 968 lacedem
2130 929 2169 968 aa

517 1009 595 1089 illo,
617 1008 685 1073 Dei
704 1011 787 1073 enim
813 1011 955 1074 ruirrsstcr
977 1010 1104 1074 esttibi
1125 1011 1159 1072 in
1182 1009 1269 1073 bono.
1318 1007 1359 1072 Si
1379 1023 1479 1072 autem
1504 1010 1620 1072 malrum
1638 1010 1773 1096 feceris,
1797 1012 1887 1090 timc,·
1910 1012 2076 1074 nonenim
2099 1013 2167 1075 sine

517 1140 613 1180 ccmo
634 1116 779 1202 ploditsm
796 1129 915 1201 portat.
963 1115 1030 1180 Dei
1050 1117 1132 1179 enim
1156 1117 1300 1179 minister
1322 1128 1375 1194 est,
1401 1115 1517 1179 uindex
1539 1118 1573 1179 ia
1602 1118 1653 1179 tha
1683 1117 1723 1194 ei,
1752 1117 1812 1201 qui
1839 1116 1957 1179 ntalccm
1985 1119 2060 1202 opit.
2114 1117 2198 1181 Des

364 1210 400 1294 0⁰?
417 1208 498 1293 ’,Ἣ
517 1220 571 1284 illo
595 1223 681 1285 enim
705 1220 890 1307 specialiter
913 1220 1025 1284 divina
1048 1222 1222 1285 auctoritas
1247 1220 1342 1285 dicit:
1369 1220 1524 1286 thdium
1542 1221 1608 1286 Dei
1625 1235 1733 1308 portat
1747 1222 1793 1285 ccl
1810 1222 1979 1287 uindictam
2001 1225 2166 1304 anulorum,

414 1334 420 1356 '
459 1337 464 1345 “
516 1327 646 1392 nonde
671 1326 817 1414 quolibet
840 1326 913 1391 alio.
960 1327 1104 1391 Econtra
1126 1350 1205 1391 vero
1228 1327 1401 1408 nescimus,
1427 1350 1495 1414 qua
1514 1329 1673 1414 pernoxia
1696 1326 1926 1393 adinventione
1957 1352 1977 1392 a
2006 1329 2166 1394 nonnullis

517 1445 706 1520 usurpatum
731 1447 789 1514 est,
814 1447 850 1498 ut
873 1433 917 1514 hi,
942 1435 998 1520 qui
1021 1433 1109 1498 nullo
1133 1434 1311 1497 ministerio
1335 1432 1520 1514 fulciuntur,
1545 1442 1760 1520 proptersua
1783 1433 1858 1498 odia
1881 1445 1913 1498 et
1929 1434 2167 1501 diversissimas

516 1540 699 1605 voluntates
722 1542 880 1627 pessimas
903 1539 1084 1604 indebitum
1108 1539 1170 1604 sibi
1193 1551 1352 1625 usurpant
1374 1541 1407 1603 in
1431 1539 1636 1605 vindicandis
1660 1541 1816 1626 proximis
1833 1552 1865 1604 et
1885 1541 1919 1604 in
1934 1542 2167 1607 interficiendis

517 1646 701 1713 hominibus
724 1647 891 1711 vindictae
915 1648 1128 1711 ministerium
1151 1657 1193 1726 et,
1218 1645 1306 1733 quod
1329 1669 1389 1710 rex
1413 1646 1518 1710 saltim
1542 1647 1576 1710 in
1600 1669 1663 1711 uno
1688 1668 1842 1711 exercere
1862 1645 2020 1712 debuerat
2035 1660 2168 1735 propter
2188 1671 2213 1710 ιο

517 1767 673 1818 terrorem
697 1754 879 1833 multorum,
905 1755 968 1839 ipsi
991 1753 1186 1839 inpudenter
1209 1754 1243 1816 in
1270 1752 1378 1817 multis
1407 1766 1595 1841 perpetrare
1626 1777 1692 1818 non
1720 1765 1867 1819 metuunt
1896 1767 2029 1841 propter
2058 1755 2167 1820 odium

517 1871 550 1924 et
573 1871 689 1946 putant
711 1860 774 1924 sihi
798 1860 895 1924 licere
927 1859 968 1924 ob
999 1860 1241 1924 inimicitiarum
1270 1860 1443 1940 vindictas,
1479 1861 1567 1947 quod
1597 1859 1719 1940 nolunt,
1755 1873 1790 1924 ut
1819 1883 1878 1925 rex
1907 1861 2007 1925 faciat
2035 1874 2168 1949 propter

518 1967 583 2031 Dei
605 1966 792 2032 vindictam.

625 2109 701 2194 (85).
726 2108 778 2173 Ca
783 2133 815 2195 p.
829 2108 956 2173 XVIII.
987 2108 1039 2172 De
1049 2113 1059 2151 ¹
1071 2106 1246 2173 abbatibus
1258 2130 1336 2172 vero
1350 2110 1515 2173 canonicis
1528 2121 1561 2172 et
1572 2108 1775 2195 regularibus
1788 2122 1820 2173 et
1832 2109 1872 2174 de
1886 2109 2069 2191 abbatissis,
2083 2133 2166 2197 quae

518 2214 816 2281 sanctimonialibus
840 2238 993 2301 praeesse
1017 2215 1179 2294 videntur,
1204 2216 1273 2278 sive
1297 2214 1338 2279 de
1361 2214 1464 2294 laiciS,
1488 2217 1544 2301 qui
1567 2216 1763 2282 monasteria
1786 2215 1917 2298 habent,
1933 2216 2014 2282 illud
2029 2229 2167 2281 tantum·
2188 2238 2213 2279 rs

518 2322 614 2386 modo
638 2336 765 2387 vestrae
789 2323 904 2408 pietati
928 2321 1144 2408 deposcimus,
1168 2332 1204 2385 ut
1227 2345 1313 2386 nunc
1337 2324 1371 2385 in
1395 2323 1559 2408 praesenti
1583 2321 1703 2408 placito
1727 2334 1879 2387 svestra
1905 2325 2079 2387 serenitate
2111 2347 2167 2388 ex·

518 2451 629 2515 presse
653 2428 898 2508 admoneantur,
922 2439 958 2492 ut
981 2428 1022 2492 de
1046 2451 1081 2492 se
1111 2429 1190 2514 ipsis
1221 2430 1339 2493 ceteris
1367 2427 1488 2492 bonum
1518 2427 1705 2515 exemplum
1736 2428 1915 2515 praebeant
1945 2441 1977 2494 et
2006 2429 2166 2516 religiose,

518 2537 602 2600 sicut
625 2534 730 2615 decet,
755 2546 989 2600 conversentur
1019 2546 1051 2598 et
1081 2533 1169 2621 quod
1198 2536 1453 2621 uniuscuiusque
1487 2535 1680 2621 professioni
1716 2537 1949 2600 inconveniens
1985 2549 2033 2600 est
2068 2548 2100 2601 et
2133 2538 2167 2601 in

517 2643 619 2706 sacris
643 2641 863 2707 voluminibus
886 2640 1086 2728 prohibetur,
1110 2642 1241 2705 omnino
1266 2654 1404 2706 caveant
1427 2652 1459 2704 et
1481 2641 1553 2706 loca
1576 2640 1639 2706 sibi
1666 2665 1686 2706 a
1708 2641 1801 2707 vobis
1832 2664 1989 2707 concessa
2019 2642 2167 2729 deperire

518 2760 550 2812 et
573 2748 696 2812 destrui
721 2771 779 2835 per
801 2747 1042 2834 neglegentiam
1064 2770 1129 2812 non
1153 2747 1317 2812 dimittant
1340 2759 1373 2811 et
1396 2750 1664 2833 congregationes
1689 2747 1751 2813 sibi
1775 2751 1973 2830 commissas,
1990 2751 2059 2813 sive
2076 2751 2168 2837 spiri·
2188 2772 2216 2812 ro

518 2853 626 2919 taliter
649 2856 718 2919 sive
742 2855 973 2941 temporaliter,
997 2865 1133 2941 paterno
1158 2854 1278 2918 affectu
1300 2852 1483 2939 gubernare
1508 2856 1619 2942 eisque
1643 2857 1828 2919 necessaria
1852 2855 2015 2942 stipendia
2033 2856 2168 2921 admini-

518 2973 620 3025 strare
644 2984 709 3026 non
733 2960 918 3047 neglegant,
943 2982 984 3025 ne
1008 2960 1091 3025 forte
1115 2973 1249 3047 propter
1271 2960 1414 3048 aliquam
1437 2962 1580 3047 inopiam
1604 2974 1636 3025 et
1663 2961 1774 3025 divina
1805 2963 1913 3026 officia
1943 2962 2168 3049 neglegantur,

519 3079 551 3132 et
573 3068 664 3153 ipsae
688 3069 957 3154 congregationes
980 3066 1198 3153 inreligiosius
1222 3067 1334 3131 vivere
1359 3066 1603 3153 compellantur,
1635 3079 1666 3132 et
1690 3079 1725 3131 ut
1747 3079 1890 3132 nostram
1916 3068 2168 3133 admonitionem

517 3172 658 3239 libenter
681 3173 825 3255 audiant,
849 3173 990 3259 benigne
1015 3175 1194 3260 suscipiant
1217 3185 1250 3238 et
1273 3171 1484 3238 oboedienter
1499 3173 1698 3260 adimpleant
1707 3180 1727 3238 ².
1764 3173 1927 3255 Quoniam
1943 3177 1971 3239 si
1990 3175 2036 3240 illi
2051 3177 2168 3241 nostris

518 3279 792 3346 admonitionibus
822 3282 999 3367 paruerint,
1035 3303 1094 3344 nos
1124 3281 1198 3345 Deo
1230 3280 1408 3345 auxiliante
1439 3280 1473 3344 id
1503 3303 1562 3367 per
1594 3291 1739 3345 nostrum
1776 3281 1916 3346 studium
1952 3304 2010 3368 pro
2044 3282 2169 3347 viribus
2188 3305 2215 3344 ss

518 3387 649 3452 efficere
674 3389 832 3474 cupimus,
863 3399 898 3452 ut
921 3389 993 3473 ipsa
1015 3386 1130 3472 religio
1155 3409 1284 3473 semper
1307 3388 1340 3451 in
1372 3387 1486 3451 melius
1516 3387 1665 3474 proficiat
1699 3399 1731 3451 et
1764 3410 1890 3452 merces
1920 3388 2014 3453 vohis
2049 3389 2167 3453 exinde

518 3493 688 3560 adcrescat
709 3516 837 3559 necnon
861 3505 893 3558 et
916 3493 1106 3581 periculum,
1131 3504 1287 3580 quantum
1311 3493 1381 3557 fieri
1405 3506 1520 3580 potest,
1545 3507 1701 3560 caveatur
1723 3495 1904 3560 animarum
1928 3506 1960 3560 et
1979 3494 2020 3559 ab
2037 3493 2168 3559 auribus

517 3603 635 3666 vestris
660 3612 850 3666 amoveatur
873 3624 930 3688 pro
954 3600 1016 3665 hae
1041 3624 1139 3665 causa
1162 3600 1285 3665 tedium
1310 3600 1533 3687 querellarum.

625 3743 701 3828 (86).
726 3742 815 3830 Cap.
833 3742 977 3806 XVIIII.
1013 3741 1362 3822 meminissemus,
1379 3755 1414 3807 ut
1431 3744 1588 3809 celsitudo
1604 3756 1714 3809 vestra
1729 3746 1836 3809 missis
1852 3746 1969 3809 vestris
1986 3744 2170 3832 specialiter

517 3852 676 3936 iniungat,
700 3859 736 3914 ut
759 3849 801 3913 ad
825 3850 906 3914 haec
930 3848 1119 3936 peragenda
1146 3849 1283 3914 studiosi
1314 3860 1346 3913 et
1368 3852 1438 3914 veri
1469 3851 1644 3933 adiutores,
1675 3850 1872 3937 ubicumque
1904 3852 2083 3916 necessitas
2113 3873 2168 3938 po·
2189 3872 2216 3912 so

517 3958 668 4046 poscerit,
698 3955 793 4021 nobis
824 3957 975 4020 existant.
1035 3955 1110 4020 De⁴
1139 3955 1361 4042 praesbyteris
1392 3967 1424 4020 et
1458 3956 1591 4042 capellis
1626 3956 1801 4044 palatinis⁵
1830 3969 1944 4022 contra
1979 3959 2167 4023 canonicam

518 4065 743 4130 auctoritatem
768 4076 800 4129 et
824 4064 1080 4129 ecclesiasticam
1104 4064 1307 4128 honestatem
1332 4063 1512 4127 inconsulte
1543 4062 1662 4127 habitis
1686 4078 1829 4128 vestram
1861 4086 2027 4129 monemus
2058 4063 2167 4129 soller-

517 4173 605 4253 tiam,
629 4183 665 4236 ut
687 4193 707 4235 a
729 4182 839 4236 vestra
861 4182 1021 4258 potestate
1046 4168 1264 4252 inhibeantur,
1295 4171 1450 4256 quoniam
1478 4181 1611 4257 propter
1640 4169 1701 4234 hoc
1732 4181 1764 4235 et
1793 4170 1896 4235 honor
1926 4170 2168 4236 ecclesiasticus

518 4278 615 4344 vilior
637 4278 778 4343 efficitur
801 4289 833 4342 et
863 4279 964 4342 vestri
994 4299 1147 4364 proceres
1178 4286 1211 4341 et
1245 4276 1380 4363 palatini
1415 4276 1553 4340 ministri
1588 4278 1620 4339 in
1656 4274 1771 4341 diebus
1806 4276 2048 4363 sollempnibus,
2085 4278 2169 4341 sicut

519 4385 623 4467 decet,
647 4384 817 4450 vobiscum
841 4384 882 4449 ad
906 4385 1078 4448 missarum
1102 4381 1338 4448 celebrationes
1362 4405 1427 4446 non
1457 4381 1647 4469 procedunt.
1700 4383 1808 4447 Nam⁶
1838 4395 1871 4447 et
1902 4383 2022 4448 obnixe
2054 4383 2162 4469 deprc·
2188 4405 2216 4445 ss

518 4515 640 4573 camur,
664 4503 699 4556 ut
721 4493 755 4555 in
780 4490 1005 4556 observatIone
1030 4489 1096 4554 diei
1118 4489 1283 4570 dominici,
1308 4489 1403 4553 sIcuti
1427 4488 1638 4553 iamdudumI
1660 4511 1719 4552 vos
1743 4488 1909 4575 deprecati
1933 4513 2053 4570 sumus,
2078 4488 2166 4554 debi-

518 4611 585 4663 tam
608 4596 789 4663 adhibeatis
814 4620 935 4672 curam‚
960 4608 1119 4683 quatenus
1142 4597 1205 4661 nisi
1229 4618 1348 4681 magna
1372 4593 1584 4681 compellente
1608 4597 1800 4660 necessitate
1825 4597 1858 4659 in
1881 4597 1954 4683 ipsa
1977 4595 2029 4660 die
2045 4618 2066 4660 a
2082 4597 2167 4660 curis

519 4717 551 4769 et
574 4702 845 4770 sollicitudinibus
869 4701 1052 4783 mundanis,
1077 4713 1233 4788 quantum
1256 4702 1402 4788 potestis,
1426 4723 1485 4765 vos
1509 4702 1636 4766 exuatis
1660 4713 1702 4782 et,
1734 4702 1821 4788 quod
1846 4713 1954 4766 tautae
1979 4701 2044 4767 diei
2068 4724 2165 4766 vene·

622 4941 708 4990 xvfl.
740 4942 773 4991 10
792 4939 929 4991 vindicate
948 4939 977 4989 V.
1051 4942 1080 4990 ll
1102 4945 1259 5005 perpetrare
1278 4937 1306 4987 V.

622 5030 728 5080 XVIII.
758 5032 790 5080 15
810 5023 865 5093 qui]
885 5044 954 5094 quae
974 5028 1001 5078 V.
1021 5027 1052 5078 P.
1125 5028 1219 5093 pietati
1239 5026 1266 5077 V.
1339 5027 1373 5077 28
1392 5025 1575 5092 querellarum
1595 5027 1626 5076 P.
2185 5044 2214 5084 to

622 5119 740 5169 XVIIII.
777 5111 1130 5181 taxV1111.]XV111.V.
1215 5117 1250 5165 30
1271 5116 1442 5182 proposcerit
1460 5115 1491 5166 P.
1581 5117 1615 5166 32
1640 5115 1782 5167 honestam
1804 5116 1834 5166 P.
1925 5119 1959 5167 33
1981 5118 2118 5184 deprecati
2139 5116 2166 5166 1'.

515 5211 549 5260 38
569 5205 627 5270 vos}
648 5224 701 5258 vox
720 5206 752 5257 P.

625 5425 654 5494 l)
680 5424 729 5495 Cf.
748 5423 848 5481 relatio
863 5423 1054 5498 cpiscoporum
1071 5440 1095 5479 c.
1113 5425 1170 5488 30,·
1186 5423 1204 5477 l.
1221 5422 1240 5478 l.
1258 5420 1297 5491 ΙΙ,
1316 5424 1357 5479 38
1367 5439 1409 5495 sq.
1495 5419 1525 5490 2)
1548 5420 1580 5476 V.
1599 5441 1689 5497 supra
1708 5421 1753 5478 lib.
1770 5420 1791 5477 Ι
1805 5441 1844 5478 cc.
1862 5424 1911 5480 37.
1929 5425 1969 5480 39
1975 5442 1986 5490 ,·
1999 5441 2033 5497 p.
2052 5424 2113 5481 636
2123 5441 2165 5497 sq.

516 5535 546 5596 3)
572 5534 620 5606 LJ.
645 5532 745 5589 relatio
769 5529 959 5605 episcoporum
984 5548 1007 5585 c.
1025 5531 1061 5587 31
1069 5549 1080 5598 ,·
1111 5529 1129 5584 l.
1154 5530 1172 5584 I.
1198 5527 1237 5598 II,
1255 5531 1303 5587 39.
1411 5525 1441 5594 4)
1468 5524 1517 5598 Cf.
1542 5526 1608 5584 ibid.
1633 5547 1656 5584 c.
1674 5531 1731 5596 32‚·
1762 5528 1780 5584 l.
1805 5529 1824 5583 l.
1849 5527 1889 5595 ΙΙ,
1908 5531 1956 5586 39.
2060 5528 2091 5596 h)
2116 5527 2165 5599 Cf.

522 5639 622 5708 ll'aits,
636 5638 786 5694 ‘Deutschc
800 5635 1160 5711 Versasrunpsqeschichtc'
1178 5635 1220 5690 ed.
1238 5638 1268 5694 2.
1286 5633 1343 5704 III,
1356 5637 1418 5694 525
1428 5653 1488 5709 sqq.
1559 5633 1590 5703 6)
1604 5632 1653 5706 Cf.
1666 5633 1766 5692 relutio
1780 5633 1973 5709 episcoporum
1989 5654 2013 5691 c.
2027 5638 2068 5694 32
2079 5635 2166 5702 nred.;
2183 5659 2213 5700 ts

514 5748 532 5804 l.
557 5749 575 5803 l.
601 5746 640 5814 II,
661 5748 709 5804 39.
756 5743 843 5801 Ioues
866 5743 973 5810 naret,
998 5741 1044 5797 De
1065 5740 1235 5798 {manatione
1257 5740 1337 5816 regia
1360 5743 1453 5799 016.
1547 5739 1578 5810 1)
1601 5738 1683 5796 Nalu'l
1704 5741 1739 5796 dc
1761 5740 1816 5797 huc
1833 5739 1969 5815 petitione
1991 5740 2020 5798 ia
2044 5740 2168 5798 masiliis

513 5852 563 5911 sub
585 5852 756 5910 Illodonico
779 5869 864 5926 sesque
886 5849 928 5906 ad
948 5867 1053 5905 anuum
1078 5851 1151 5907 828.
1176 5846 1276 5904 motas
1298 5845 1353 5922 lepi
1374 5845 1431 5902 iam
1455 5846 1562 5904 euanuit
1584 5847 1708 5916 Kranae,
1732 5847 1750 5902 l.
1773 5847 1791 5902 l.
1818 5846 1858 5916 II,
1877 5850 1916 5907 39
1939 5867 2008 5903 aaa.
2027 5851 2075 5906 99.
