4884 6717
532 519 594 580 760
950 521 1001 577 56.
1039 519 1258 576 CONCILIUM
1281 519 1609 584 AQUISGRANENSE
1633 521 1670 574 Α.
1691 519 1766 575 836,
1850 509 1854 514 “

529 710 594 774 bile
619 721 668 774 cst
691 708 779 795 quod
802 708 944 772 audituri
971 719 1054 788 sunt,
1086 719 1235 788 caveant,
1266 707 1343 771 dum
1374 705 1436 770 sibi
1466 708 1579 771 vivere
1611 706 1811 787 conceditur,
1843 727 1883 768 ue
1914 727 1972 791 pro
2003 713 2069 767 tam
2093 701 2183 767 felici

528 816 756 881 benedictione
780 816 965 901 percipiant
987 814 1250 878 maledictionem
1274 824 1306 877 et
1328 813 1417 877 illam
1446 825 1611 877 aeternam
1643 813 1875 893 confusionem,
1907 810 1948 875 de
1981 833 2046 895 qna
2069 809 2181 874 David

404 949 509 998 reson.
529 924 686 1010 propheta
710 945 744 986 se
768 920 973 985 liberandum
990 921 1168 984 Dominum
1191 919 1388 1007 precabatur
1410 919 1540 984 dicens:
1564 921 1606 984 Ia
1629 935 1666 1001 te,
1690 921 1836 999 Domine,
1860 922 2007 1006 speravi,
2030 943 2092 982 aori
2111 943 2182 982 con-

522 1032 654 1118 fundar
677 1034 710 1094 t'a
735 1045 893 1093 aeternum
917 1040 949 1092 et
972 1039 1091 1091 cetera.

637 1173 719 1258 (72).
744 1172 805 1235 ΙΠ.
841 1169 1056 1235 Confusiones
1080 1192 1221 1254 namque
1246 1169 1327 1233 duas
1351 1170 1608 1255 esselegimus1,
1632 1192 1731 1232 unam
1754 1168 1976 1255 temporalem,
2001 1190 2061 1253 por
2084 1189 2214 1260 quarn⁶

529 1281 632 1342 omnis
651 1290 805 1363 peccator
828 1278 1025 1363 paenitendo
1043 1288 1074 1340 et
1090 1276 1231 1361 lugendo
1247 1276 1389 1339 Domino
1405 1298 1561 1362 peccasse
1586 1275 1802 1356 confunditur,
1828 1275 1962 1338 alteram
1983 1273 2182 1338 aeternalem
2287 1317 2293 1328 ·

352 1411 507 1460 unrocus.
529 1396 561 1448 et
581 1388 649 1449 sine
674 1386 737 1448 fine
761 1407 958 1464 mansuram,
983 1406 1080 1469 quam
1097 1383 1140 1463 hi,
1165 1384 1221 1468 qui
1239 1405 1259 1445 a
1275 1384 1413 1448 sinistris
1431 1395 1532 1462 erunt,
1557 1383 1697 1446 audituri
1715 1393 1797 1463 sunt,
1822 1380 1940 1467 quibus
1957 1381 2100 1445 dicetur:
2125 1382 2182 1462 Ite,

528 1494 701 1572 'raalcdicta
732 1496 766 1556 ia
796 1495 898 1577 a‘paem
928 1506 1096 1569 oeternum,
1132 1494 1191 1575 qui
1212 1506 1408 1576 preparatus
1437 1505 1482 1555 est
1510 1491 1637 1555 diabolo
1668 1504 1697 1554 et
1712 1491 1846 1575 'dapalis
1875 1493 1951 1553 eius.
2001 1487 2066 1568 Qui
2097 1488 2182 1552 hanc

528 1598 790 1662 maledictionem
815 1609 846 1660 et
869 1609 1036 1660 aeternam
1060 1597 1284 1660 confusionem
1307 1619 1373 1660 non
1395 1598 1606 1683 pertimescit,
1638 1596 1730 1659 nimii
1760 1596 1858 1659 ferrei
1888 1597 2029 1681 pectoris
2061 1597 2182 1660 existit.

531 1703 751 1785 Quamobrem
783 1704 858 1766 filiis
889 1703 1049 1767 ccclesiae
1082 1703 1256 1788 vigilanter
1290 1703 1504 1789 satagendum
1540 1713 1598 1782 est,
1633 1714 1668 1766 ut
1703 1703 1840 1766 eandem
1876 1701 2138 1766 benedictionem
2163 1725 2183 1765 a
2202 1753 2229 1793 ω

530 1811 659 1875 Christo
684 1810 797 1874 audire
822 1823 855 1873 et
878 1810 919 1873 ab
944 1812 1067 1890 amiciS,
1099 1810 1133 1873 id
1158 1822 1207 1873 est
1230 1808 1429 1895 pauperibus
1453 1809 1583 1890 Christi,
1615 1811 1648 1872 in
1679 1821 1814 1873 aeterna
1844 1808 2056 1873 tabernacula
2079 1811 2182 1896 recipi

530 1929 562 1982 et
585 1930 738 1981 aeternae
762 1916 972 1980 beatitudinis
996 1916 1149 1980 felicitate
1174 1916 1306 1980 valeant
1329 1918 1398 1980 sine
1422 1916 1485 1980 line
1510 1917 1642 2002 perfrui.

637 2060 720 2146 (73).
744 2059 822 2122 ΗΠ.
859 2059 1007 2138 Qualiter
1037 2082 1133 2144 porro
1164 2059 1304 2122 ecclesia
1327 2057 1447 2123 Christi
1478 2058 1519 2122 ab
1551 2058 1685 2122 exordio
1715 2060 1893 2123 nativitatis
1929 2083 2007 2124 suae
2039 2061 2184 2146 coeperit

531 2189 688 2246 creseere,
713 2165 842 2229 dilatari
865 2177 904 2229 'ac
928 2166 1103 2251 propagari
1127 2177 1159 2228 et
1181 2165 1326 2230 fidelium
1350 2164 1566 2230 oblationibus
1590 2167 1764 2254 munerari,
1787 2168 1822 2229 in
1846 2167 1916 2252 ipso
1942 2168 2049 2252 capite
2072 2177 2183 2230 nostro

531 2273 659 2336 Christo
684 2275 877 2336 intueamur.
2204 2319 2230 2359 ,ὁ

638 2417 720 2502 (74).
746 2415 787 2479 V.
822 2415 914 2478 Idem
931 2438 1071 2499 namque
1089 2425 1188 2501 caput
1203 2426 1348 2478 nostrum
1365 2413 1514 2478 dominus
1531 2437 1569 2477 ac
1587 2414 1773 2500 redemptor
1788 2428 1899 2479 noster
1914 2414 2006 2478 lesus
2023 2414 2182 2496 Christus,

531 2523 597 2607 qui,
629 2545 703 2585 cum
733 2523 774 2584 sit
805 2521 887 2584 caeli
918 2532 951 2584 et
980 2532 1086 2584 terrae
1117 2533 1245 2584 creator
1274 2521 1482 2605 omniumque
1506 2519 1665 2584 bonorum
1696 2521 1839 2606 largitor,
1870 2520 2051 2586 oblationes
2074 2533 2184 2586 tamen

531 2628 676 2692 fidelium
700 2629 881 2713 suscepisse
906 2651 970 2692 non
994 2627 1180 2713 ambigitur,
1205 2628 1291 2691 unde
1316 2639 1408 2691 crant
1430 2629 1562 2708 nummi,
1588 2651 1668 2713 quos
1692 2630 1791 2691 miser
1806 2628 1905 2692 ludas
1922 2639 1954 2692 et
1970 2652 2034 2693 non
2050 2630 2184 2693 misera-

532 2734 607 2798 bilis
630 2734 815 2815 furabatur3
847 2734 1024 2798 etidcirco
1049 2758 1115 2798 non
1139 2734 1385 2820 qualiscumque
1410 2734 1471 2814 fur,
1503 2735 1560 2797 sed
1584 2735 1636 2798 fur
1659 2734 1837 2820 sacrilegus
1861 2735 1989 2816 dicitur,
2021 2738 2077 2821 qui
2101 2736 2183 2800 adeo

532 2865 680 2905 nummos
704 2865 802 2905 avare
827 2841 951 2923 dilexit,
976 2853 1011 2905 ut
1034 2864 1093 2927 pro
1118 2843 1258 2905 nummis
1274 2841 1451 2905 Dominum
1469 2854 1501 2904 et
1516 2843 1706 2926 magistrum
1731 2865 1824 2905 suurn
1848 2843 2010 2928 proderet.
2046 2843 2099 2906 De
2119 2866 2183 2929 quo
2201 2887 2230 2927 ,0

534 2947 647 3012 beatus
670 2948 873 3032 Augustinus
897 2948 930 3011 in
955 2948 1096 3012 homelia
1119 2947 1370 3033 quadragesima
1393 2959 1509 3012 octava
1533 2949 1695 3033 evangelii
1718 2949 1872 3012 Iohannis
1897 2951 1942 3013 ita
1966 2949 2060 3013 dicit:
2086 2955 2185 3014 Eece²

352 3079 511 3128 carsurae.
532 3067 605 3120 inter
628 3073 740 3120 sanctos
765 3073 809 3118 est
831 3064 928 3119 Iudas.
965 3066 1039 3118 Ecce
1063 3064 1109 3117 fur
1133 3074 1177 3118 cst
1193 3064 1279 3118 Iudas
1303 3073 1342 3131 et,
1367 3082 1404 3118 ne
1428 3071 1622 3135 contempnas,
1646 3065 1692 3118 fur
1707 3066 1873 3137 sacrilegus,
1898 3084 1954 3119 non
1971 3066 2184 3137 qualiscumque

532 3174 587 3240 fur,
612 3173 659 3225 fur
681 3172 845 3238 loculorum,
870 3172 922 3225 sed
946 3171 1155 3237 dominicorum,
1185 3170 1350 3236 loculorum,
1374 3172 1425 3225 sed
1456 3189 1606 3226 sacrorum.
1653 3170 1683 3225 Si
1713 3173 1828 3226 crimina
1851 3173 2049 3227 discernuntur
2071 3175 2100 3227 iu
2123 3173 2185 3228 foro

533 3280 744 3350 qualiscumque
775 3278 844 3331 furti
876 3284 906 3332 et
927 3277 1078 3347 peculatus
1098 3306 1135 3314 —
1154 3278 1304 3348 peculatus
1328 3279 1401 3332 enirn
1432 3279 1533 3332 dicitur
1562 3278 1669 3332 furtum
1700 3280 1736 3333 de
1766 3297 1797 3334 rc
1821 3280 1937 3350 publica
1956 3308 1992 3318 -
2012 3287 2043 3334 et
2065 3298 2121 3334 non
2145 3280 2184 3334 sic

532 3386 672 3439 iudicatur
700 3385 804 3438 furtum
835 3386 877 3439 rei
899 3386 1026 3455 privatae
1057 3385 1196 3454 quomodo
1226 3384 1369 3453 publicae,
1400 3392 1503 3455 quanto
1533 3386 1729 3441 vehementius
1759 3386 1925 3441 iudicandus
1956 3394 2000 3442 est
2029 3388 2184 3458 sacrilegus
2202 3423 2230 3464 ,ο

532 3493 578 3546 fur
599 3510 655 3546 non
679 3493 876 3562 undecumque
901 3491 1011 3572 tollere,
1036 3492 1089 3545 scd
1112 3492 1148 3545 dc
1175 3491 1296 3545 ccclesia
1318 3492 1432 3546 tollere.

640 3625 723 3711 (15).
748 3623 805 3687 Vl.
843 3623 908 3703 Qui
932 3623 1055 3708 aliquid
1080 3623 1120 3685 de
1144 3623 1285 3686 ecclesia
1308 3623 1442 3704 furatur,
1466 3624 1567 3688 Iudae
1592 3625 1719 3711 perdito
1736 3639 1939 3711 conparatur.
1976 3627 2071 3706 Nota,
2096 3626 2184 3714 quod

533 3730 657 3816 aliquid
681 3731 721 3794 dc
747 3729 887 3794 ccclesia
911 3729 1033 3811 tollere,
1058 3729 1178 3793 furtum
1202 3752 1273 3792 esse
1298 3728 1412 3793 beatus
1437 3730 1638 3816 Augustinus
1654 3731 1826 3796 adseveret
1842 3743 1874 3797 et
1889 3745 2086 3819 patratorem
2103 3736 2185 3798 tanti

533 3838 609 3902 furti
633 3837 736 3900 furem
761 3837 956 3921 sacrilegum
980 3835 1122 3922 appellet
1145 3859 1273 3900 necnon
1298 3847 1330 3900 et
1352 3837 1454 3900 Iudae
1478 3837 1605 3923 perdito
1628 3841 1829 3925 aequiperet.

640 3981 723 4065 (76).
750 3978 823 4041 VH.
858 3979 902 4042 Et
924 3989 997 4063 post
1020 4000 1142 4064 pauca:
1168 3986 1262 4051 Quare
1274 3982 1295 4054 ³,
1319 3980 1433 4064 inquit,
1457 3989 1562 4044 loculos
1578 3990 1677 4044 habuit
1694 3992 1738 4045 cui
1754 3993 1849 4063 angeli
1868 3993 2108 4061 ministraverunt,
2131 3995 2185 4049 nisi
2204 4027 2232 4067 ³0

534 4097 601 4167 quia
624 4094 746 4149 ecclesia
769 4095 855 4165 ipsius
879 4094 986 4148 loculos
1009 4112 1074 4147 suos
1097 4094 1229 4147 habitura
1253 4094 1336 4148 erat?
1382 4086 1470 4149 Eece
1499 4085 1617 4172 quibus
1640 4090 1722 4151 tanti
1745 4088 1887 4152 doctoris
1911 4089 2113 4154 documentis
2137 4092 2184 4154 in·

534 4193 697 4272 struimur,
715 4192 791 4276 quia
803 4190 890 4276 quod
902 4192 936 4253 in
949 4192 1055 4275 capite
1068 4191 1227 4275 precessit
1238 4191 1271 4253 in
1289 4213 1423 4276 corpore
1441 4194 1520 4275 cius,
1537 4193 1624 4279 quod
1638 4205 1686 4257 est
1698 4195 1848 4276 ccclesia,
1865 4196 1994 4260 ridetur
2006 4197 2183 4283 impletum.

534 4300 635 4362 Porro
660 4297 824 4361 Christum
849 4307 882 4359 et
905 4296 1076 4360 ecclesiam
1101 4320 1198 4360 unam
1223 4319 1396 4382 personam
1421 4321 1491 4362 esse
1516 4323 1579 4363 non
1604 4303 1767 4365 nescimus
1784 4313 1816 4364 et
1832 4302 1906 4366 ideo
1923 4326 2008 4389 quae
2025 4305 2184 4369 ecclesiae

535 4416 609 4469 sunt
633 4404 754 4468 Christi
778 4413 868 4484 sunt3
893 4417 924 4468 ct
949 4426 1032 4488 quae
1057 4403 1214 4466 ecclesiae
1240 4404 1427 4487 offertmtur,
1452 4404 1580 4470 Christo
1605 4407 1798 4490 offeruntur3
1824 4419 1856 4472 et
1879 4433 1963 4495 quae
1987 4410 2029 4474 ab
2046 4411 2186 4476 eeclesia

535 4515 605 4575 eius
628 4511 792 4591 tolluntur,
824 4509 937 4597 procul
961 4508 1060 4573 dubio
1085 4508 1213 4573 Christo
1237 4510 1401 4575 tolluntur.
1448 4512 1539 4594 Este,
1570 4513 1714 4578 futurum
1738 4526 1816 4593 erat,
1841 4527 1877 4580 ut
1900 4517 2041 4581 ecclesia
2065 4517 2186 4584 Christi
2205 4557 2232 4598 ω

643 4765 691 4814 111.
727 4766 791 4814 det
810 4762 927 4829 lugendo
945 4764 1036 4813 cleram
1056 4764 1083 4813 C.
1162 4759 1293 4830 Domino]
1311 4782 1340 4815 se
1358 4766 1418 4814 add.
1438 4767 1497 4820 Β2.
1511 4771 1536 4817 3.
1556 4768 1592 4818 Μ.
1673 4764 1734 4833 la]
1755 4771 1789 4820 ad
1809 4775 1846 4824 Μ.
1927 4781 2004 4823 eraut
2023 4773 2060 4823 M.
2134 4769 2185 4838 Ite]

536 4855 676 4905 Discedite
697 4871 713 4903 a
732 4870 774 4903 me
792 4853 817 4902 B
828 4859 850 4902 2.
865 4857 890 4903 3.
903 4855 941 4904 Μ.
997 4856 1012 4903 9
1033 4860 1060 4902 et
1077 4853 1144 4902 deest
1162 4853 1221 4903 133.
1235 4855 1272 4903 M.
1327 4849 1414 4917 nimii]
1436 4857 1515 4906 nimis
1535 4856 1594 4906 Β2.
1608 4861 1632 4918 3,
1651 4859 1680 4908 ia
1698 4860 1733 4908 M
1746 4861 1818 4911 verba
1836 4864 1916 4912 nimis
1930 4864 2070 4914 —existit
2088 4863 2186 4914 desunt.

535 4945 633 4995 serreei
652 4942 683 4992 L.
758 4945 790 4991 12
810 4942 935 4992 felicitati
953 4942 986 4992 L.

642 5051 673 5099 V.
704 5049 958 5098 teredemtorBl
1014 5051 1048 5099 20
1061 5044 1191 5112 nummos]
1205 5049 1353 5100 numusM.
1409 5053 1928 5121 21agustinuslicetinsra0131).
1978 5059 2078 5111 omelia
2091 5061 2150 5111 Β2.
2161 5065 2185 5112 3.

536 5142 569 5190 22
590 5147 632 5190 cst
650 5131 744 5199 Iudas]
773 5143 799 5186 et
819 5138 902 5188 Iudas
928 5137 987 5187 Β2.
1061 5138 1288 5203 qualisquurnque
1309 5139 1345 5188 tr.
1425 5142 1458 5191 23
1478 5142 1526 5191 sed
1546 5139 1679 5208 saeorum]
1702 5151 1744 5195 set
1767 5142 1815 5207 fita
1835 5147 1948 5213 saepius)
1972 5157 2129 5200 sanctorum
2149 5155 2186 5205 Μ.
2204 5171 2233 5212 ω

536 5231 570 5279 24
590 5223 633 5292 de]
653 5230 688 5277 da
706 5227 738 5276 L.
812 5229 846 5276 26
866 5227 1075 5292 undequumque
1096 5228 1132 5277 Μ.

643 5335 691 5382 VI.
719 5336 752 5385 27
774 5335 842 5383 Inde
861 5334 901 5383 lu'c
919 5343 941 5382 et
959 5333 1032 5399 infra
1051 5333 1110 5384 Β2.
1130 5332 1167 5384 M.
1242 5332 1413 5401 conparatur]
1432 5354 1487 5387 non
1505 5348 1618 5403 paratur
1635 5340 1694 5390 Β2.
1769 5344 1802 5392 29
1821 5343 1923 5408 apellet
1942 5345 2001 5395 Β2.
2015 5349 2040 5398 3.
2060 5342 2096 5395 M.

643 5441 707 5490 VII.
736 5443 770 5491 30
789 5435 861 5503 vn]
880 5440 917 5489 ita
938 5441 964 5490 C.
1021 5436 1123 5504 Quare]
1142 5442 1206 5490 VII.
1228 5442 1319 5503 Quare
1339 5443 1364 5492 B
1374 5448 1398 5492 1.
1417 5443 1448 5493 L.
1469 5444 1528 5495 Β2.
1542 5449 1567 5496 3.
1587 5440 1624 5497 M.
1686 5451 1717 5498 31
1739 5445 1833 5514 ipsius]
1853 5451 1911 5500 eius
1929 5451 1956 5502 B
1966 5455 1989 5501 2.
2048 5449 2184 5516 habitura}

537 5530 691 5579 habitatura
710 5529 769 5578 Β2.
843 5530 987 5579 intruimur
1004 5529 1036 5578 L.

647 5763 676 5832 1)
703 5760 752 5834 Cf.
771 5762 929 5833 Pa-Beda,
949 5763 1086 5839 Eaecqesis
1102 5764 1130 5819 in
1141 5765 1248 5838 psalm.
1267 5769 1322 5834 30;
1348 5766 1455 5842 diique,
1473 5767 1583 5826 Patrol.
1600 5772 1649 5827 lat.
1666 5770 1779 5842 XCIII,
1798 5779 1868 5834 629.
1951 5775 1980 5846 2)
2006 5778 2185 5855 Aaqtrstiaus,
2204 5800 2235 5843 ss

544 5869 694 5926 Trachalus
717 5873 758 5928 50
780 5869 810 5926 ia
834 5889 934 5946 mariq.
960 5869 1096 5926 Iohannis
1117 5862 1141 5947 §
1165 5873 1220 5940 10,·
1257 5869 1330 5946 Opp.
1355 5873 1411 5942 III,
1436 5877 1466 5942 2,
1491 5879 1561 5934 632.
1655 5877 1685 5948 3)
1710 5878 1753 5935 Id.
1776 5872 1852 5957 §11
1861 5903 1871 5950 ,·
1899 5884 1918 5938 l.
1936 5884 1955 5938 l.
1979 5884 2036 5954 III,
2060 5891 2090 5955 2,
2116 5889 2186 5946 633.
