<?xml version="1.0" encoding="UTF-8"?>
<!DOCTYPE html PUBLIC "-//W3C//DTD XHTML 1.0 Transitional//EN"
    "http://www.w3.org/TR/xhtml1/DTD/xhtml1-transitional.dtd">
<html xmlns="http://www.w3.org/1999/xhtml" xml:lang="en" lang="en">
 <head>
  <title>
</title>
<meta http-equiv="Content-Type" content="text/html;charset=utf-8" />
  <meta name='ocr-system' content='tesseract 3.04.00' />
  <meta name='ocr-capabilities' content='ocr_page ocr_carea ocr_par ocr_line ocrx_word'/>
</head>
<body>
  <div class='ocr_page' id='page_1' title='image "./monumentagerman02gescgoog/monumentagerman02gescgoog_0126.png"; bbox 0 0 4884 6717; ppageno 0'>
   <div class='ocr_carea' id='block_1_1' title="bbox 996 510 1710 578">
    <p class='ocr_par' dir='ltr' id='par_1_1' title="bbox 996 510 1710 578">
     <span class='ocr_line' id='line_1_1' title="bbox 996 510 1710 578; baseline 0.007 -5"><span class='ocrx_word' id='word_1_1' title='bbox 996 519 1047 573; x_wconf 80' lang='lat'>44.</span> <span class='ocrx_word' id='word_1_2' title='bbox 1085 510 1304 577; x_wconf 80' lang='lat' dir='ltr'>CONCILIUM</span> <span class='ocrx_word' id='word_1_3' title='bbox 1326 520 1553 578; x_wconf 75' lang='lat' dir='ltr'>Panlsinnss</span> <span class='ocrx_word' id='word_1_4' title='bbox 1577 522 1614 577; x_wconf 82' lang='lat' dir='ltr'>A.</span> <span class='ocrx_word' id='word_1_5' title='bbox 1636 521 1710 578; x_wconf 85' lang='grc'><em>825.</em></span> 
     </span>
    </p>
   </div>
   <div class='ocr_carea' id='block_1_2' title="bbox 949 715 1816 1425">
    <p class='ocr_par' dir='ltr' id='par_1_2' title="bbox 949 715 1800 1109">
     <span class='ocr_line' id='line_1_2' title="bbox 951 715 1800 790; baseline 0.006 -21"><span class='ocrx_word' id='word_1_6' title='bbox 951 716 1025 769; x_wconf 87' lang='lat' dir='ltr'>Dum</span> <span class='ocrx_word' id='word_1_7' title='bbox 1049 725 1209 772; x_wconf 88' lang='lat' dir='ltr'>sanctorum</span> <span class='ocrx_word' id='word_1_8' title='bbox 1233 734 1321 788; x_wconf 88' lang='lat' dir='ltr'>opera</span> <span class='ocrx_word' id='word_1_9' title='bbox 1344 717 1372 771; x_wconf 92' lang='lat' dir='ltr'>in</span> <span class='ocrx_word' id='word_1_10' title='bbox 1395 715 1507 772; x_wconf 84' lang='lat' dir='ltr'>Christo</span> <span class='ocrx_word' id='word_1_11' title='bbox 1531 719 1667 773; x_wconf 86' lang='lat' dir='ltr'>mirantur</span> <span class='ocrx_word' id='word_1_12' title='bbox 1690 725 1800 790; x_wconf 86' lang='lat' dir='ltr'>aperta.</span> 
     </span>
     <span class='ocr_line' id='line_1_3' title="bbox 951 820 1739 897; baseline 0.003 -21"><span class='ocrx_word' id='word_1_13' title='bbox 951 820 1067 878; x_wconf 81' lang='lat' dir='ltr'>Gemite</span> <span class='ocrx_word' id='word_1_14' title='bbox 1092 841 1176 894; x_wconf 88' lang='lat' dir='ltr'>quam</span> <span class='ocrx_word' id='word_1_15' title='bbox 1198 822 1278 878; x_wconf 92' lang='lat' dir='ltr'>multi</span> <span class='ocrx_word' id='word_1_16' title='bbox 1302 831 1432 879; x_wconf 80' lang='lat' dir='ltr'><strong>comeant</strong></span> <span class='ocrx_word' id='word_1_17' title='bbox 1456 842 1490 880; x_wconf 81' lang='lat' dir='ltr'>er</span> <span class='ocrx_word' id='word_1_18' title='bbox 1513 825 1641 880; x_wconf 91' lang='lat' dir='ltr'>omnibus</span> <span class='ocrx_word' id='word_1_19' title='bbox 1665 825 1739 897; x_wconf 87' lang='lat' dir='ltr'>agris</span> 
     </span>
     <span class='ocr_line' id='line_1_4' title="bbox 950 928 1766 1002; baseline 0.005 -19"><span class='ocrx_word' id='word_1_20' title='bbox 950 928 1098 1002; x_wconf 80' lang='lat' dir='ltr'>Quumque</span> <span class='ocrx_word' id='word_1_21' title='bbox 1122 931 1187 1001; x_wconf 82' lang='lat' dir='ltr'>piae</span> <span class='ocrx_word' id='word_1_22' title='bbox 1210 930 1328 985; x_wconf 91' lang='lat' dir='ltr'>rudibus</span> <span class='ocrx_word' id='word_1_23' title='bbox 1351 931 1469 1002; x_wconf 88' lang='lat' dir='ltr'>decepti</span> <span class='ocrx_word' id='word_1_24' title='bbox 1491 932 1634 987; x_wconf 89' lang='lat' dir='ltr'>mentibus</span> <span class='ocrx_word' id='word_1_25' title='bbox 1659 939 1766 988; x_wconf 84' lang='lat' dir='ltr'><strong>errent.</strong></span> 
     </span>
     <span class='ocr_line' id='line_1_5' title="bbox 949 1036 1684 1109; baseline 0.005 -19"><span class='ocrx_word' id='word_1_26' title='bbox 949 1037 1131 1108; x_wconf 81' lang='lat' dir='ltr'>Longinquas</span> <span class='ocrx_word' id='word_1_27' title='bbox 1153 1036 1266 1108; x_wconf 89' lang='lat' dir='ltr'>liquere</span> <span class='ocrx_word' id='word_1_28' title='bbox 1290 1037 1396 1105; x_wconf 86' lang='lat' dir='ltr'>domos,</span> <span class='ocrx_word' id='word_1_29' title='bbox 1421 1056 1555 1109; x_wconf 79' lang='lat' dir='ltr'>sprevere</span> <span class='ocrx_word' id='word_1_30' title='bbox 1579 1039 1684 1107; x_wconf 85' lang='lat' dir='ltr'>minas,</span> 
     </span>
    </p>

    <p class='ocr_par' dir='ltr' id='par_1_3' title="bbox 949 1142 1816 1425">
     <span class='ocr_line' id='line_1_6' title="bbox 950 1142 1816 1216; baseline 0.005 -20"><span class='ocrx_word' id='word_1_31' title='bbox 950 1143 1013 1197; x_wconf 90' lang='lat' dir='ltr'>Nou</span> <span class='ocrx_word' id='word_1_32' title='bbox 1036 1142 1126 1214; x_wconf 80' lang='lat' dir='ltr'>gelidi</span> <span class='ocrx_word' id='word_1_33' title='bbox 1149 1142 1280 1199; x_wconf 77' lang='lat' dir='ltr'>fervente</span> <span class='ocrx_word' id='word_1_34' title='bbox 1304 1142 1379 1212; x_wconf 75' lang='lat' dir='ltr'>fide3</span> <span class='ocrx_word' id='word_1_35' title='bbox 1404 1151 1435 1200; x_wconf 90' lang='lat' dir='ltr'>et</span> <span class='ocrx_word' id='word_1_36' title='bbox 1457 1162 1532 1199; x_wconf 89' lang='lat' dir='ltr'>nunc</span> <span class='ocrx_word' id='word_1_37' title='bbox 1556 1162 1623 1201; x_wconf 87' lang='lat' dir='ltr'>ecce</span> <span class='ocrx_word' id='word_1_38' title='bbox 1648 1145 1816 1216; x_wconf 89' lang='lat' dir='ltr'>frequentes</span> 
     </span>
     <span class='ocr_line' id='line_1_7' title="bbox 949 1249 1699 1324; baseline 0.005 -22"><span class='ocrx_word' id='word_1_39' title='bbox 949 1250 1006 1305; x_wconf 87' lang='lat' dir='ltr'>Per</span> <span class='ocrx_word' id='word_1_40' title='bbox 1028 1257 1118 1304; x_wconf 90' lang='lat' dir='ltr'>totam</span> <span class='ocrx_word' id='word_1_41' title='bbox 1140 1249 1242 1322; x_wconf 87' lang='lat' dir='ltr'>vigiles</span> <span class='ocrx_word' id='word_1_42' title='bbox 1266 1252 1425 1307; x_wconf 80' lang='lat' dir='ltr'>extendunt</span> <span class='ocrx_word' id='word_1_43' title='bbox 1448 1253 1553 1324; x_wconf 86' lang='lat' dir='ltr'>gaudia</span> <span class='ocrx_word' id='word_1_44' title='bbox 1575 1260 1699 1321; x_wconf 82' lang='lat' dir='ltr'>noctem,</span> 
     </span>
     <span class='ocr_line' id='line_1_8' title="bbox 950 1357 1679 1425; baseline 0.004 -15"><span class='ocrx_word' id='word_1_45' title='bbox 950 1357 1077 1413; x_wconf 84' lang='lat' dir='ltr'>Laetitia</span> <span class='ocrx_word' id='word_1_46' title='bbox 1099 1374 1220 1425; x_wconf 80' lang='lat' dir='ltr'>somnos,</span> <span class='ocrx_word' id='word_1_47' title='bbox 1244 1359 1380 1413; x_wconf 88' lang='lat' dir='ltr'>tenebras</span> <span class='ocrx_word' id='word_1_48' title='bbox 1403 1358 1547 1413; x_wconf 86' lang='lat' dir='ltr'>funalibus</span> <span class='ocrx_word' id='word_1_49' title='bbox 1570 1367 1679 1415; x_wconf 86' lang='lat' dir='ltr'>arcent.</span> 
     </span>
    </p>
   </div>
   <div class='ocr_carea' id='block_1_3' title="bbox 629 1487 2224 2325">
    <p class='ocr_par' dir='ltr' id='par_1_4' title="bbox 629 1487 2224 2325">
     <span class='ocr_line' id='line_1_9' title="bbox 629 1487 1831 1575; baseline 0.003 -23"><span class='ocrx_word' id='word_1_50' title='bbox 629 1487 688 1552; x_wconf 85' lang='lat' dir='ltr'>VI.</span> <span class='ocrx_word' id='word_1_51' title='bbox 724 1487 767 1551; x_wconf 82' lang='lat' dir='ltr'>Et</span> <span class='ocrx_word' id='word_1_52' title='bbox 790 1488 887 1574; x_wconf 81' lang='lat' dir='ltr'>paulo</span> <span class='ocrx_word' id='word_1_53' title='bbox 911 1499 999 1575; x_wconf 89' lang='lat' dir='ltr'>post:</span> <span class='ocrx_word' id='word_1_54' title='bbox 1024 1494 1121 1553; x_wconf 85' lang='lat' dir='ltr'>Duml</span> <span class='ocrx_word' id='word_1_55' title='bbox 1145 1499 1218 1555; x_wconf 86' lang='lat' dir='ltr'>fallit</span> <span class='ocrx_word' id='word_1_56' title='bbox 1242 1500 1354 1572; x_wconf 84' lang='lat' dir='ltr'>pictura</span> <span class='ocrx_word' id='word_1_57' title='bbox 1376 1500 1505 1569; x_wconf 57' lang='lat' dir='ltr'>famame</span> <span class='ocrx_word' id='word_1_58' title='bbox 1521 1509 1690 1573; x_wconf 83' lang='lat' dir='ltr'>sanctasque</span> <span class='ocrx_word' id='word_1_59' title='bbox 1715 1502 1831 1573; x_wconf 88' lang='lat' dir='ltr'>legendi</span> 
     </span>
     <span class='ocr_line' id='line_1_10' title="bbox 951 1605 1758 1679; baseline 0.004 -20"><span class='ocrx_word' id='word_1_60' title='bbox 951 1605 1091 1660; x_wconf 77' lang='lat' dir='ltr'>Historias</span> <span class='ocrx_word' id='word_1_61' title='bbox 1114 1614 1255 1661; x_wconf 89' lang='lat' dir='ltr'>castorum</span> <span class='ocrx_word' id='word_1_62' title='bbox 1277 1625 1394 1678; x_wconf 91' lang='lat' dir='ltr'>opernm</span> <span class='ocrx_word' id='word_1_63' title='bbox 1417 1609 1602 1679; x_wconf 74' lang='lat' dir='ltr'>subrepsit</span> <span class='ocrx_word' id='word_1_64' title='bbox 1625 1608 1758 1664; x_wconf 86' lang='lat' dir='ltr'>honestas</span> 
     </span>
     <span class='ocr_line' id='line_1_11' title="bbox 952 1712 1580 1785; baseline 0.006 -20"><span class='ocrx_word' id='word_1_65' title='bbox 952 1712 1095 1783; x_wconf 78' lang='lat' dir='ltr'>Exemplis</span> <span class='ocrx_word' id='word_1_66' title='bbox 1119 1713 1237 1769; x_wconf 87' lang='lat' dir='ltr'>inducta</span> <span class='ocrx_word' id='word_1_67' title='bbox 1258 1714 1329 1784; x_wconf 82' lang='lat' dir='ltr'>piis3</span> <span class='ocrx_word' id='word_1_68' title='bbox 1352 1721 1469 1785; x_wconf 85' lang='lat' dir='ltr'>potatur</span> <span class='ocrx_word' id='word_1_69' title='bbox 1492 1715 1580 1769; x_wconf 91' lang='lat' dir='ltr'>hianti</span> 
     </span>
     <span class='ocr_line' id='line_1_12' title="bbox 952 1816 1552 1888; baseline 0.005 -16"><span class='ocrx_word' id='word_1_70' title='bbox 952 1816 1108 1888; x_wconf 82' lang='lat' dir='ltr'>Sobrietas,</span> <span class='ocrx_word' id='word_1_71' title='bbox 1132 1820 1207 1874; x_wconf 90' lang='lat' dir='ltr'>nimii</span> <span class='ocrx_word' id='word_1_72' title='bbox 1232 1821 1356 1876; x_wconf 87' lang='lat' dir='ltr'>subeunt</span> <span class='ocrx_word' id='word_1_73' title='bbox 1379 1821 1463 1876; x_wconf 86' lang='lat' dir='ltr'>obvia</span> <span class='ocrx_word' id='word_1_74' title='bbox 1484 1822 1552 1876; x_wconf 90' lang='lat' dir='ltr'>vini.</span> 
     </span>
     <span class='ocr_line' id='line_1_13' title="bbox 952 1925 1709 1999; baseline 0.005 -21"><span class='ocrx_word' id='word_1_75' title='bbox 952 1925 1085 1996; x_wconf 84' lang='lat' dir='ltr'>Dumque</span> <span class='ocrx_word' id='word_1_76' title='bbox 1109 1927 1184 1982; x_wconf 90' lang='lat' dir='ltr'>diem</span> <span class='ocrx_word' id='word_1_77' title='bbox 1208 1927 1317 1982; x_wconf 89' lang='lat' dir='ltr'>ducunt</span> <span class='ocrx_word' id='word_1_78' title='bbox 1339 1928 1431 1999; x_wconf 87' lang='lat' dir='ltr'>spatio</span> <span class='ocrx_word' id='word_1_79' title='bbox 1454 1929 1558 1983; x_wconf 89' lang='lat' dir='ltr'>maiore</span> <span class='ocrx_word' id='word_1_80' title='bbox 1582 1935 1709 1997; x_wconf 85' lang='lat' dir='ltr'>tuentes,</span> 
     </span>
     <span class='ocr_line' id='line_1_14' title="bbox 952 2032 1675 2105; baseline 0.007 -21"><span class='ocrx_word' id='word_1_81' title='bbox 952 2032 1059 2087; x_wconf 86' lang='lat' dir='ltr'>Pocula</span> <span class='ocrx_word' id='word_1_82' title='bbox 1081 2041 1238 2101; x_wconf 83' lang='lat' dir='ltr'>rarescunt,</span> <span class='ocrx_word' id='word_1_83' title='bbox 1263 2034 1329 2104; x_wconf 88' lang='lat' dir='ltr'>quia</span> <span class='ocrx_word' id='word_1_84' title='bbox 1351 2052 1405 2105; x_wconf 87' lang='lat' dir='ltr'>per</span> <span class='ocrx_word' id='word_1_85' title='bbox 1426 2035 1561 2090; x_wconf 84' lang='lat' dir='ltr'>miracula</span> <span class='ocrx_word' id='word_1_86' title='bbox 1583 2043 1675 2090; x_wconf 85' lang='lat' dir='ltr'>tracto</span> 
     </span>
     <span class='ocr_line' id='line_1_15' title="bbox 952 2139 1808 2213; baseline 0.005 -21"><span class='ocrx_word' id='word_1_87' title='bbox 952 2139 1094 2210; x_wconf 88' lang='lat' dir='ltr'>Tempore</span> <span class='ocrx_word' id='word_1_88' title='bbox 1117 2140 1172 2194; x_wconf 86' lang='lat' dir='ltr'>iam</span> <span class='ocrx_word' id='word_1_89' title='bbox 1194 2158 1304 2210; x_wconf 82' lang='lat' dir='ltr'>paucae</span> <span class='ocrx_word' id='word_1_90' title='bbox 1327 2142 1465 2196; x_wconf 89' lang='lat' dir='ltr'>suberunt</span> <span class='ocrx_word' id='word_1_91' title='bbox 1488 2142 1689 2213; x_wconf 86' lang='lat' dir='ltr'>aepulantibus</span> <span class='ocrx_word' id='word_1_92' title='bbox 1711 2142 1808 2198; x_wconf 84' lang='lat' dir='ltr'>horae.</span> 
     </span>
     <span class='ocr_line' id='line_1_16' title="bbox 632 2235 2224 2325; baseline 0.006 -27"><span class='ocrx_word' id='word_1_93' title='bbox 632 2235 721 2299; x_wconf 85' lang='lat' dir='ltr'>Ecce</span> <span class='ocrx_word' id='word_1_94' title='bbox 746 2246 902 2320; x_wconf 89' lang='lat' dir='ltr'>quantum</span> <span class='ocrx_word' id='word_1_95' title='bbox 925 2235 1072 2300; x_wconf 81' lang='lat' dir='ltr'>utilitatis</span> <span class='ocrx_word' id='word_1_96' title='bbox 1096 2237 1222 2301; x_wconf 82' lang='lat' dir='ltr'>confert</span> <span class='ocrx_word' id='word_1_97' title='bbox 1245 2236 1399 2302; x_wconf 83' lang='lat' dir='ltr'>historiae</span> <span class='ocrx_word' id='word_1_98' title='bbox 1421 2240 1560 2325; x_wconf 88' lang='lat' dir='ltr'>pictura.</span> <span class='ocrx_word' id='word_1_99' title='bbox 2198 2268 2224 2308; x_wconf 82' lang='lat' dir='ltr'>rs</span> 
     </span>
    </p>
   </div>
   <div class='ocr_carea' id='block_1_4' title="bbox 524 2377 2225 2997">
    <p class='ocr_par' dir='ltr' id='par_1_5' title="bbox 526 2377 2178 2659">
     <span class='ocr_line' id='line_1_17' title="bbox 634 2377 2178 2467; baseline 0.003 -28"><span class='ocrx_word' id='word_1_100' title='bbox 634 2377 708 2442; x_wconf 83' lang='lat' dir='ltr'><strong>VII.</strong></span> <span class='ocrx_word' id='word_1_101' title='bbox 744 2377 866 2442; x_wconf 85' lang='lat' dir='ltr'>Beatus</span> <span class='ocrx_word' id='word_1_102' title='bbox 898 2377 1079 2464; x_wconf 85' lang='lat' dir='ltr'>Gregorius</span> <span class='ocrx_word' id='word_1_103' title='bbox 1108 2380 1251 2444; x_wconf 83' lang='lat' dir='ltr'>Nisenus</span> <span class='ocrx_word' id='word_1_104' title='bbox 1281 2380 1454 2467; x_wconf 87' lang='lat' dir='ltr'>episcopus</span> <span class='ocrx_word' id='word_1_105' title='bbox 1482 2381 1567 2445; x_wconf 90' lang='lat' dir='ltr'>inter</span> <span class='ocrx_word' id='word_1_106' title='bbox 1591 2391 1731 2463; x_wconf 84' lang='lat' dir='ltr'>caetera,</span> <span class='ocrx_word' id='word_1_107' title='bbox 1761 2379 1818 2445; x_wconf 92' lang='lat' dir='ltr'>ubi</span> <span class='ocrx_word' id='word_1_108' title='bbox 1849 2380 1889 2444; x_wconf 88' lang='lat' dir='ltr'>de</span> <span class='ocrx_word' id='word_1_109' title='bbox 1915 2379 2081 2445; x_wconf 86' lang='lat' dir='ltr'>Abraham</span> <span class='ocrx_word' id='word_1_110' title='bbox 2112 2403 2178 2444; x_wconf 90' lang='lat' dir='ltr'>ser·</span> 
     </span>
     <span class='ocr_line' id='line_1_18' title="bbox 526 2485 2178 2572; baseline 0.004 -25"><span class='ocrx_word' id='word_1_111' title='bbox 526 2506 655 2548; x_wconf 79' lang='lat' dir='ltr'>monem</span> <span class='ocrx_word' id='word_1_112' title='bbox 678 2485 832 2549; x_wconf 83' lang='lat' dir='ltr'>instituit:</span> <span class='ocrx_word' id='word_1_113' title='bbox 854 2495 921 2549; x_wconf 88' lang='lat' dir='ltr'>Vidi</span> <span class='ocrx_word' id='word_1_114' title='bbox 933 2491 954 2563; x_wconf 80' lang='lat'>²,</span> <span class='ocrx_word' id='word_1_115' title='bbox 977 2487 1093 2572; x_wconf 82' lang='lat' dir='ltr'>inquit,</span> <span class='ocrx_word' id='word_1_116' title='bbox 1117 2496 1268 2567; x_wconf 80' lang='lat' dir='ltr'>imaginem</span> <span class='ocrx_word' id='word_1_117' title='bbox 1283 2497 1421 2567; x_wconf 84' lang='lat' dir='ltr'>passionis</span> <span class='ocrx_word' id='word_1_118' title='bbox 1438 2504 1468 2552; x_wconf 85' lang='lat' dir='ltr'>et</span> <span class='ocrx_word' id='word_1_119' title='bbox 1483 2514 1539 2551; x_wconf 92' lang='lat' dir='ltr'>non</span> <span class='ocrx_word' id='word_1_120' title='bbox 1556 2498 1616 2552; x_wconf 91' lang='lat' dir='ltr'>siue</span> <span class='ocrx_word' id='word_1_121' title='bbox 1633 2497 1755 2552; x_wconf 82' lang='lat' dir='ltr'>lacrimis</span> <span class='ocrx_word' id='word_1_122' title='bbox 1770 2497 1905 2553; x_wconf 78' lang='lat' dir='ltr'>visionem</span> <span class='ocrx_word' id='word_1_123' title='bbox 1921 2497 2067 2569; x_wconf 82' lang='lat' dir='ltr'>praeterii,</span> <span class='ocrx_word' id='word_1_124' title='bbox 2091 2513 2178 2568; x_wconf 86' lang='lat' dir='ltr'>opere</span> 
     </span>
     <span class='ocr_line' id='line_1_19' title="bbox 526 2600 1317 2659; baseline 0.006 -6"><span class='ocrx_word' id='word_1_125' title='bbox 526 2601 594 2654; x_wconf 90' lang='lat' dir='ltr'>artis</span> <span class='ocrx_word' id='word_1_126' title='bbox 617 2601 654 2653; x_wconf 84' lang='lat' dir='ltr'>ad</span> <span class='ocrx_word' id='word_1_127' title='bbox 677 2600 779 2655; x_wconf 78' lang='lat' dir='ltr'>faciem</span> <span class='ocrx_word' id='word_1_128' title='bbox 803 2601 948 2656; x_wconf 87' lang='lat' dir='ltr'>deducens</span> <span class='ocrx_word' id='word_1_129' title='bbox 970 2602 1113 2657; x_wconf 86' lang='lat' dir='ltr'>historiam</span> <span class='ocrx_word' id='word_1_130' title='bbox 1138 2610 1168 2657; x_wconf 91' lang='lat' dir='ltr'>et</span> <span class='ocrx_word' id='word_1_131' title='bbox 1192 2610 1317 2659; x_wconf 84' lang='lat' dir='ltr'>caetera.</span> 
     </span>
    </p>

    <p class='ocr_par' dir='ltr' id='par_1_6' title="bbox 524 2697 2225 2997">
     <span class='ocr_line' id='line_1_20' title="bbox 632 2697 2178 2787; baseline 0.002 -26"><span class='ocrx_word' id='word_1_132' title='bbox 632 2698 715 2762; x_wconf 89' lang='lat' dir='ltr'>Item</span> <span class='ocrx_word' id='word_1_133' title='bbox 738 2699 771 2761; x_wconf 91' lang='lat' dir='ltr'>in</span> <span class='ocrx_word' id='word_1_134' title='bbox 796 2697 911 2762; x_wconf 85' lang='lat' dir='ltr'>eadem</span> <span class='ocrx_word' id='word_1_135' title='bbox 936 2699 1202 2785; x_wconf 87' lang='lat' dir='ltr'>interpretatione</span> <span class='ocrx_word' id='word_1_136' title='bbox 1227 2701 1346 2765; x_wconf 85' lang='lat' dir='ltr'>cantici</span> <span class='ocrx_word' id='word_1_137' title='bbox 1371 2702 1587 2765; x_wconf 89' lang='lat' dir='ltr'>canticorum:</span> <span class='ocrx_word' id='word_1_138' title='bbox 1613 2709 1669 2774; x_wconf 85' lang='lat' dir='ltr'>Qui</span> <span class='ocrx_word' id='word_1_139' title='bbox 1679 2705 1701 2779; x_wconf 77' lang='lat'>³,</span> <span class='ocrx_word' id='word_1_140' title='bbox 1726 2701 1841 2787; x_wconf 85' lang='lat' dir='ltr'>inquit,</span> <span class='ocrx_word' id='word_1_141' title='bbox 1865 2709 2015 2782; x_wconf 80' lang='lat' dir='ltr'>imaginem</span> <span class='ocrx_word' id='word_1_142' title='bbox 2043 2710 2178 2782; x_wconf 85' lang='lat' dir='ltr'>conspicit</span> 
     </span>
     <span class='ocr_line' id='line_1_21' title="bbox 526 2814 2225 2889; baseline 0.004 -20"><span class='ocrx_word' id='word_1_143' title='bbox 526 2833 561 2870; x_wconf 83' lang='lat' dir='ltr'>ex</span> <span class='ocrx_word' id='word_1_144' title='bbox 585 2815 687 2869; x_wconf 88' lang='lat' dir='ltr'>eadem</span> <span class='ocrx_word' id='word_1_145' title='bbox 711 2821 773 2868; x_wconf 87' lang='lat' dir='ltr'>arte</span> <span class='ocrx_word' id='word_1_146' title='bbox 797 2832 850 2885; x_wconf 92' lang='lat' dir='ltr'>per</span> <span class='ocrx_word' id='word_1_147' title='bbox 873 2814 980 2870; x_wconf 89' lang='lat' dir='ltr'>colores</span> <span class='ocrx_word' id='word_1_148' title='bbox 1003 2815 1172 2886; x_wconf 84' lang='lat' dir='ltr'>completam</span> <span class='ocrx_word' id='word_1_149' title='bbox 1195 2816 1334 2884; x_wconf 85' lang='lat' dir='ltr'>tabulam,</span> <span class='ocrx_word' id='word_1_150' title='bbox 1363 2834 1419 2872; x_wconf 93' lang='lat' dir='ltr'>non</span> <span class='ocrx_word' id='word_1_151' title='bbox 1449 2818 1581 2871; x_wconf 89' lang='lat' dir='ltr'>tincturis</span> <span class='ocrx_word' id='word_1_152' title='bbox 1604 2817 1734 2889; x_wconf 86' lang='lat' dir='ltr'>praefert</span> <span class='ocrx_word' id='word_1_153' title='bbox 1757 2817 2037 2888; x_wconf 87' lang='lat' dir='ltr'>contemplationem,</span> <span class='ocrx_word' id='word_1_154' title='bbox 2067 2818 2118 2873; x_wconf 90' lang='lat' dir='ltr'>sed</span> <span class='ocrx_word' id='word_1_155' title='bbox 2141 2819 2178 2872; x_wconf 86' lang='lat' dir='ltr'>ad</span> <span class='ocrx_word' id='word_1_156' title='bbox 2197 2838 2225 2876; x_wconf 83' lang='lat' dir='ltr'>ro</span> 
     </span>
     <span class='ocr_line' id='line_1_22' title="bbox 524 2920 1927 2997; baseline 0.003 -22"><span class='ocrx_word' id='word_1_157' title='bbox 524 2920 660 2976; x_wconf 81' lang='lat' dir='ltr'>visionem</span> <span class='ocrx_word' id='word_1_158' title='bbox 685 2922 827 2993; x_wconf 88' lang='lat' dir='ltr'>depictam</span> <span class='ocrx_word' id='word_1_159' title='bbox 852 2924 989 2994; x_wconf 89' lang='lat' dir='ltr'>conspicit</span> <span class='ocrx_word' id='word_1_160' title='bbox 1013 2924 1218 2992; x_wconf 85' lang='lat' dir='ltr'>tautummodo,</span> <span class='ocrx_word' id='word_1_161' title='bbox 1243 2941 1326 2994; x_wconf 85' lang='lat' dir='ltr'>quam</span> <span class='ocrx_word' id='word_1_162' title='bbox 1349 2942 1402 2995; x_wconf 91' lang='lat' dir='ltr'>per</span> <span class='ocrx_word' id='word_1_163' title='bbox 1424 2924 1532 2978; x_wconf 89' lang='lat' dir='ltr'>colores</span> <span class='ocrx_word' id='word_1_164' title='bbox 1555 2925 1689 2997; x_wconf 87' lang='lat' dir='ltr'>magister</span> <span class='ocrx_word' id='word_1_165' title='bbox 1712 2923 1927 2979; x_wconf 89' lang='lat' dir='ltr'>demonstravit.</span> 
     </span>
    </p>
   </div>
   <div class='ocr_carea' id='block_1_5' title="bbox 525 3054 2178 3352">
    <p class='ocr_par' dir='ltr' id='par_1_7' title="bbox 525 3054 2178 3352">
     <span class='ocr_line' id='line_1_23' title="bbox 635 3054 2178 3141; baseline 0.003 -23"><span class='ocrx_word' id='word_1_166' title='bbox 635 3054 728 3119; x_wconf 86' lang='lat' dir='ltr'><strong>VIII.</strong></span> <span class='ocrx_word' id='word_1_167' title='bbox 762 3054 965 3141; x_wconf 82' lang='lat' dir='ltr'>Augustinus</span> <span class='ocrx_word' id='word_1_168' title='bbox 988 3057 1022 3119; x_wconf 89' lang='lat' dir='ltr'>in</span> <span class='ocrx_word' id='word_1_169' title='bbox 1046 3054 1130 3120; x_wconf 86' lang='lat' dir='ltr'>libro</span> <span class='ocrx_word' id='word_1_170' title='bbox 1154 3055 1194 3120; x_wconf 83' lang='lat' dir='ltr'>(ie</span> <span class='ocrx_word' id='word_1_171' title='bbox 1211 3057 1345 3121; x_wconf 82' lang='lat' dir='ltr'>civitate</span> <span class='ocrx_word' id='word_1_172' title='bbox 1361 3056 1443 3120; x_wconf 81' lang='lat' dir='ltr'>Dei:</span> <span class='ocrx_word' id='word_1_173' title='bbox 1469 3061 1569 3120; x_wconf 78' lang='lat' dir='ltr'>Sicut⁴</span> <span class='ocrx_word' id='word_1_174' title='bbox 1593 3066 1621 3120; x_wconf 94' lang='lat' dir='ltr'>in</span> <span class='ocrx_word' id='word_1_175' title='bbox 1644 3067 1795 3137; x_wconf 89' lang='lat' dir='ltr'>pictura</span> <span class='ocrx_word' id='word_1_176' title='bbox 1816 3065 1901 3122; x_wconf 89' lang='lat' dir='ltr'>utiles</span> <span class='ocrx_word' id='word_1_177' title='bbox 1918 3073 1947 3122; x_wconf 94' lang='lat' dir='ltr'>et</span> <span class='ocrx_word' id='word_1_178' title='bbox 1961 3084 2029 3122; x_wconf 90' lang='lat' dir='ltr'>vere</span> <span class='ocrx_word' id='word_1_179' title='bbox 2046 3068 2178 3123; x_wconf 86' lang='lat' dir='ltr'>recorda·</span> 
     </span>
     <span class='ocr_line' id='line_1_24' title="bbox 525 3171 2178 3244; baseline 0.003 -19"><span class='ocrx_word' id='word_1_180' title='bbox 525 3171 617 3225; x_wconf 81' lang='lat' dir='ltr'>tiones</span> <span class='ocrx_word' id='word_1_181' title='bbox 641 3171 861 3226; x_wconf 88' lang='lat' dir='ltr'>admemoriam</span> <span class='ocrx_word' id='word_1_182' title='bbox 885 3171 1038 3242; x_wconf 85' lang='lat' dir='ltr'>aliquando</span> <span class='ocrx_word' id='word_1_183' title='bbox 1061 3174 1193 3240; x_wconf 86' lang='lat' dir='ltr'>redeunt,</span> <span class='ocrx_word' id='word_1_184' title='bbox 1218 3190 1293 3243; x_wconf 88' lang='lat' dir='ltr'>quae</span> <span class='ocrx_word' id='word_1_185' title='bbox 1317 3173 1562 3244; x_wconf 86' lang='lat' dir='ltr'>compunctionem</span> <span class='ocrx_word' id='word_1_186' title='bbox 1585 3172 1725 3244; x_wconf 84' lang='lat' dir='ltr'>ingerant,</span> <span class='ocrx_word' id='word_1_187' title='bbox 1748 3173 1790 3228; x_wconf 84' lang='lat' dir='ltr'>ite</span> <span class='ocrx_word' id='word_1_188' title='bbox 1813 3173 1896 3229; x_wconf 86' lang='lat' dir='ltr'>etiam</span> <span class='ocrx_word' id='word_1_189' title='bbox 1912 3174 2028 3229; x_wconf 86' lang='lat' dir='ltr'>nocivae</span> <span class='ocrx_word' id='word_1_190' title='bbox 2045 3180 2074 3230; x_wconf 89' lang='lat' dir='ltr'>et</span> <span class='ocrx_word' id='word_1_191' title='bbox 2089 3173 2178 3230; x_wconf 82' lang='lat' dir='ltr'>falsae</span> 
     </span>
     <span class='ocr_line' id='line_1_25' title="bbox 526 3277 1475 3352; baseline 0.002 -22"><span class='ocrx_word' id='word_1_192' title='bbox 526 3277 654 3331; x_wconf 88' lang='lat' dir='ltr'>humanis</span> <span class='ocrx_word' id='word_1_193' title='bbox 676 3278 819 3334; x_wconf 88' lang='lat' dir='ltr'>mentibus</span> <span class='ocrx_word' id='word_1_194' title='bbox 843 3295 956 3349; x_wconf 87' lang='lat' dir='ltr'>semper</span> <span class='ocrx_word' id='word_1_195' title='bbox 979 3279 1116 3350; x_wconf 77' lang='lat' dir='ltr'>imagines</span> <span class='ocrx_word' id='word_1_196' title='bbox 1139 3277 1311 3334; x_wconf 82' lang='lat' dir='ltr'>ludificando</span> <span class='ocrx_word' id='word_1_197' title='bbox 1334 3279 1475 3352; x_wconf 86' lang='lat' dir='ltr'>ingerunt.</span> 
     </span>
    </p>
   </div>
   <div class='ocr_carea' id='block_1_6' title="bbox 526 3409 2225 4137">
    <p class='ocr_par' dir='ltr' id='par_1_8' title="bbox 526 3409 2224 3903">
     <span class='ocr_line' id='line_1_26' title="bbox 634 3409 2224 3494; baseline 0.003 -21"><span class='ocrx_word' id='word_1_198' title='bbox 634 3410 745 3473; x_wconf 84' lang='lat' dir='ltr'><strong>VIIII.</strong></span> <span class='ocrx_word' id='word_1_199' title='bbox 769 3410 851 3474; x_wconf 84' lang='lat' dir='ltr'>Item</span> <span class='ocrx_word' id='word_1_200' title='bbox 867 3409 954 3475; x_wconf 86' lang='lat' dir='ltr'>idem</span> <span class='ocrx_word' id='word_1_201' title='bbox 971 3412 1004 3474; x_wconf 91' lang='lat' dir='ltr'>in</span> <span class='ocrx_word' id='word_1_202' title='bbox 1020 3410 1103 3476; x_wconf 86' lang='lat' dir='ltr'>libro</span> <span class='ocrx_word' id='word_1_203' title='bbox 1120 3411 1161 3476; x_wconf 84' lang='lat' dir='ltr'>de</span> <span class='ocrx_word' id='word_1_204' title='bbox 1175 3410 1290 3476; x_wconf 81' lang='lat' dir='ltr'>decem</span> <span class='ocrx_word' id='word_1_205' title='bbox 1303 3410 1424 3477; x_wconf 75' lang='lat' dir='ltr'>condiat</span> <span class='ocrx_word' id='word_1_206' title='bbox 1442 3415 1607 3485; x_wconf 80' lang='lat' dir='ltr'>Quornod0⁵</span> <span class='ocrx_word' id='word_1_207' title='bbox 1618 3421 1691 3477; x_wconf 86' lang='lat' dir='ltr'>facio</span> <span class='ocrx_word' id='word_1_208' title='bbox 1703 3422 1757 3494; x_wconf 89' lang='lat' dir='ltr'>ipsi</span> <span class='ocrx_word' id='word_1_209' title='bbox 1768 3423 1833 3478; x_wconf 90' lang='lat' dir='ltr'>Deo</span> <span class='ocrx_word' id='word_1_210' title='bbox 1844 3422 1994 3477; x_wconf 81' lang='lat' dir='ltr'>iniuriam?</span> <span class='ocrx_word' id='word_1_211' title='bbox 2018 3421 2179 3494; x_wconf 86' lang='lat' dir='ltr'>Corrumpis</span> <span class='ocrx_word' id='word_1_212' title='bbox 2196 3438 2224 3478; x_wconf 74' lang='lat' dir='ltr'>rs</span> 
     </span>
     <span class='ocr_line' id='line_1_27' title="bbox 527 3526 2178 3601; baseline 0.003 -22"><span class='ocrx_word' id='word_1_213' title='bbox 527 3526 658 3596; x_wconf 84' lang='lat' dir='ltr'>teipstun.</span> <span class='ocrx_word' id='word_1_214' title='bbox 704 3527 743 3580; x_wconf 90' lang='lat' dir='ltr'>Et</span> <span class='ocrx_word' id='word_1_215' title='bbox 766 3527 842 3581; x_wconf 88' lang='lat' dir='ltr'>unde</span> <span class='ocrx_word' id='word_1_216' title='bbox 866 3527 994 3581; x_wconf 89' lang='lat' dir='ltr'>iniuriam</span> <span class='ocrx_word' id='word_1_217' title='bbox 1016 3529 1080 3582; x_wconf 90' lang='lat' dir='ltr'>Deo</span> <span class='ocrx_word' id='word_1_218' title='bbox 1104 3528 1187 3595; x_wconf 85' lang='lat' dir='ltr'>facio,</span> <span class='ocrx_word' id='word_1_219' title='bbox 1211 3529 1278 3599; x_wconf 88' lang='lat' dir='ltr'>quia</span> <span class='ocrx_word' id='word_1_220' title='bbox 1302 3545 1448 3600; x_wconf 89' lang='lat' dir='ltr'>corrumpo</span> <span class='ocrx_word' id='word_1_221' title='bbox 1471 3547 1515 3584; x_wconf 86' lang='lat' dir='ltr'>me</span> <span class='ocrx_word' id='word_1_222' title='bbox 1539 3528 1651 3599; x_wconf 78' lang='lat' dir='ltr'>ipsum?</span> <span class='ocrx_word' id='word_1_223' title='bbox 1690 3528 1776 3584; x_wconf 89' lang='lat' dir='ltr'>Unde</span> <span class='ocrx_word' id='word_1_224' title='bbox 1799 3529 1852 3584; x_wconf 89' lang='lat' dir='ltr'>tibi</span> <span class='ocrx_word' id='word_1_225' title='bbox 1875 3529 1944 3585; x_wconf 87' lang='lat' dir='ltr'>facit</span> <span class='ocrx_word' id='word_1_226' title='bbox 1973 3530 2101 3584; x_wconf 91' lang='lat' dir='ltr'>iniuriam</span> <span class='ocrx_word' id='word_1_227' title='bbox 2131 3531 2178 3601; x_wconf 89' lang='lat' dir='ltr'>qui</span> 
     </span>
     <span class='ocr_line' id='line_1_28' title="bbox 526 3632 2180 3707; baseline 0.002 -22"><span class='ocrx_word' id='word_1_228' title='bbox 526 3633 648 3688; x_wconf 82' lang='lat' dir='ltr'>voluerit</span> <span class='ocrx_word' id='word_1_229' title='bbox 672 3632 744 3688; x_wconf 83' lang='lat' dir='ltr'>forte</span> <span class='ocrx_word' id='word_1_230' title='bbox 768 3632 895 3704; x_wconf 87' lang='lat' dir='ltr'>lapidare</span> <span class='ocrx_word' id='word_1_231' title='bbox 920 3633 1045 3688; x_wconf 86' lang='lat' dir='ltr'>tabulam</span> <span class='ocrx_word' id='word_1_232' title='bbox 1069 3643 1146 3689; x_wconf 83' lang='lat' dir='ltr'>tuom</span> <span class='ocrx_word' id='word_1_233' title='bbox 1170 3635 1284 3706; x_wconf 88' lang='lat' dir='ltr'>pictam,</span> <span class='ocrx_word' id='word_1_234' title='bbox 1308 3636 1336 3689; x_wconf 88' lang='lat' dir='ltr'>in</span> <span class='ocrx_word' id='word_1_235' title='bbox 1360 3653 1418 3706; x_wconf 88' lang='lat' dir='ltr'>qua</span> <span class='ocrx_word' id='word_1_236' title='bbox 1440 3634 1539 3690; x_wconf 86' lang='lat' dir='ltr'>tabula</span> <span class='ocrx_word' id='word_1_237' title='bbox 1561 3635 1652 3707; x_wconf 84' lang='lat' dir='ltr'>imago</span> <span class='ocrx_word' id='word_1_238' title='bbox 1675 3643 1726 3689; x_wconf 86' lang='lat' dir='ltr'>tua</span> <span class='ocrx_word' id='word_1_239' title='bbox 1750 3641 1804 3703; x_wconf 89' lang='lat' dir='ltr'>est,</span> <span class='ocrx_word' id='word_1_240' title='bbox 1828 3636 1858 3689; x_wconf 93' lang='lat' dir='ltr'>in</span> <span class='ocrx_word' id='word_1_241' title='bbox 1881 3636 1962 3690; x_wconf 92' lang='lat' dir='ltr'>domo</span> <span class='ocrx_word' id='word_1_242' title='bbox 1986 3643 2036 3691; x_wconf 85' lang='lat' dir='ltr'>tna</span> <span class='ocrx_word' id='word_1_243' title='bbox 2057 3636 2180 3691; x_wconf 86' lang='lat' dir='ltr'>inaniter</span> 
     </span>
     <span class='ocr_line' id='line_1_29' title="bbox 526 3739 2178 3814; baseline 0.002 -21"><span class='ocrx_word' id='word_1_244' title='bbox 526 3739 621 3810; x_wconf 85' lang='lat' dir='ltr'>posita</span> <span class='ocrx_word' id='word_1_245' title='bbox 650 3740 686 3794; x_wconf 87' lang='lat' dir='ltr'>ad</span> <span class='ocrx_word' id='word_1_246' title='bbox 716 3757 819 3793; x_wconf 89' lang='lat' dir='ltr'>vanum</span> <span class='ocrx_word' id='word_1_247' title='bbox 849 3740 983 3795; x_wconf 87' lang='lat' dir='ltr'>honorem</span> <span class='ocrx_word' id='word_1_248' title='bbox 1014 3749 1091 3795; x_wconf 90' lang='lat' dir='ltr'>tuum</span> <span class='ocrx_word' id='word_1_249' title='bbox 1121 3759 1176 3796; x_wconf 89' lang='lat' dir='ltr'>nec</span> <span class='ocrx_word' id='word_1_250' title='bbox 1206 3742 1334 3797; x_wconf 88' lang='lat' dir='ltr'>sentiens</span> <span class='ocrx_word' id='word_1_251' title='bbox 1356 3759 1411 3797; x_wconf 90' lang='lat' dir='ltr'>nec</span> <span class='ocrx_word' id='word_1_252' title='bbox 1441 3741 1562 3812; x_wconf 88' lang='lat' dir='ltr'>loquens</span> <span class='ocrx_word' id='word_1_253' title='bbox 1584 3759 1638 3796; x_wconf 92' lang='lat' dir='ltr'>nec</span> <span class='ocrx_word' id='word_1_254' title='bbox 1662 3741 1772 3796; x_wconf 83' lang='lat' dir='ltr'>videns.</span> <span class='ocrx_word' id='word_1_255' title='bbox 1819 3740 1848 3796; x_wconf 89' lang='lat' dir='ltr'>Si</span> <span class='ocrx_word' id='word_1_256' title='bbox 1872 3742 1935 3814; x_wconf 90' lang='lat' dir='ltr'>quis</span> <span class='ocrx_word' id='word_1_257' title='bbox 1959 3742 2035 3797; x_wconf 88' lang='lat' dir='ltr'>illam</span> <span class='ocrx_word' id='word_1_258' title='bbox 2057 3743 2178 3814; x_wconf 80' lang='lat' dir='ltr'>lapidet.</span> 
     </span>
     <span class='ocr_line' id='line_1_30' title="bbox 527 3845 1031 3903; baseline 0.002 -4"><span class='ocrx_word' id='word_1_259' title='bbox 527 3863 620 3900; x_wconf 89' lang='lat' dir='ltr'>noune</span> <span class='ocrx_word' id='word_1_260' title='bbox 643 3845 697 3900; x_wconf 88' lang='lat' dir='ltr'>tibi</span> <span class='ocrx_word' id='word_1_261' title='bbox 720 3845 789 3900; x_wconf 84' lang='lat' dir='ltr'>iacit</span> <span class='ocrx_word' id='word_1_262' title='bbox 812 3847 1031 3903; x_wconf 80' lang='lat' dir='ltr'>coutumeliam?</span> 
     </span>
    </p>

    <p class='ocr_par' dir='ltr' id='par_1_9' title="bbox 527 3941 2225 4137">
     <span class='ocr_line' id='line_1_31' title="bbox 635 3941 2225 4032; baseline 0.002 -25"><span class='ocrx_word' id='word_1_263' title='bbox 635 3941 670 4008; x_wconf 88' lang='lat' dir='ltr'>si</span> <span class='ocrx_word' id='word_1_264' title='bbox 694 3943 845 4007; x_wconf 89' lang='lat' dir='ltr'>iniuriam</span> <span class='ocrx_word' id='word_1_265' title='bbox 868 3942 992 4007; x_wconf 89' lang='lat' dir='ltr'>homini</span> <span class='ocrx_word' id='word_1_266' title='bbox 1015 3944 1094 4008; x_wconf 86' lang='lat' dir='ltr'>facit</span> <span class='ocrx_word' id='word_1_267' title='bbox 1117 3945 1173 4030; x_wconf 91' lang='lat' dir='ltr'>qui</span> <span class='ocrx_word' id='word_1_268' title='bbox 1197 3945 1267 4008; x_wconf 90' lang='lat' dir='ltr'>eius</span> <span class='ocrx_word' id='word_1_269' title='bbox 1290 3945 1466 4030; x_wconf 87' lang='lat' dir='ltr'>imaginem</span> <span class='ocrx_word' id='word_1_270' title='bbox 1490 3944 1625 4031; x_wconf 84' lang='lat' dir='ltr'>lapidat,</span> <span class='ocrx_word' id='word_1_271' title='bbox 1650 3957 1770 4031; x_wconf 87' lang='lat' dir='ltr'>quante</span> <span class='ocrx_word' id='word_1_272' title='bbox 1786 3957 1882 4032; x_wconf 86' lang='lat' dir='ltr'>putas</span> <span class='ocrx_word' id='word_1_273' title='bbox 1898 3947 2088 4012; x_wconf 86' lang='lat' dir='ltr'>temeritatis</span> <span class='ocrx_word' id='word_1_274' title='bbox 2105 3969 2177 4011; x_wconf 91' lang='lat' dir='ltr'>eum</span> <span class='ocrx_word' id='word_1_275' title='bbox 2197 3971 2225 4010; x_wconf 81' lang='lat' dir='ltr'>to</span> 
     </span>
     <span class='ocr_line' id='line_1_32' title="bbox 527 4048 1547 4137; baseline 0.004 -25"><span class='ocrx_word' id='word_1_276' title='bbox 527 4070 608 4131; x_wconf 86' lang='lat' dir='ltr'>esse,</span> <span class='ocrx_word' id='word_1_277' title='bbox 634 4051 689 4136; x_wconf 92' lang='lat' dir='ltr'>qni</span> <span class='ocrx_word' id='word_1_278' title='bbox 714 4048 880 4136; x_wconf 90' lang='lat' dir='ltr'>dispectus</span> <span class='ocrx_word' id='word_1_279' title='bbox 904 4073 1005 4115; x_wconf 88' lang='lat' dir='ltr'>causa</span> <span class='ocrx_word' id='word_1_280' title='bbox 1028 4061 1213 4115; x_wconf 91' lang='lat' dir='ltr'>sanctorum</span> <span class='ocrx_word' id='word_1_281' title='bbox 1236 4051 1396 4137; x_wconf 83' lang='lat' dir='ltr'>imagines</span> <span class='ocrx_word' id='word_1_282' title='bbox 1420 4053 1547 4116; x_wconf 88' lang='lat' dir='ltr'>evortit.</span> 
     </span>
    </p>
   </div>
   <div class='ocr_carea' id='block_1_7' title="bbox 348 4189 2179 4381">
    <p class='ocr_par' dir='ltr' id='par_1_10' title="bbox 348 4189 2179 4381">
     <span class='ocr_line' id='line_1_33' title="bbox 634 4189 2179 4280; baseline 0.003 -26"><span class='ocrx_word' id='word_1_283' title='bbox 634 4191 676 4255; x_wconf 90' lang='lat' dir='ltr'>X.</span> <span class='ocrx_word' id='word_1_284' title='bbox 713 4192 751 4255; x_wconf 92' lang='lat' dir='ltr'>In</span> <span class='ocrx_word' id='word_1_285' title='bbox 775 4189 857 4256; x_wconf 87' lang='lat' dir='ltr'>libro</span> <span class='ocrx_word' id='word_1_286' title='bbox 881 4193 1042 4279; x_wconf 82' lang='lat' dir='ltr'>tripartite</span> <span class='ocrx_word' id='word_1_287' title='bbox 1058 4193 1212 4258; x_wconf 86' lang='lat' dir='ltr'>historiae</span> <span class='ocrx_word' id='word_1_288' title='bbox 1229 4193 1356 4258; x_wconf 82' lang='lat' dir='ltr'>decimu</span> <span class='ocrx_word' id='word_1_289' title='bbox 1373 4216 1445 4280; x_wconf 81' lang='lat' dir='ltr'>cap.</span> <span class='ocrx_word' id='word_1_290' title='bbox 1463 4194 1592 4258; x_wconf 69' lang='lat' dir='ltr'>XXX:</span> <span class='ocrx_word' id='word_1_291' title='bbox 1613 4199 1739 4275; x_wconf 79' lang='lat' dir='ltr'>Nequc⁶</span> <span class='ocrx_word' id='word_1_292' title='bbox 1755 4206 1828 4260; x_wconf 90' lang='lat' dir='ltr'>enim</span> <span class='ocrx_word' id='word_1_293' title='bbox 1844 4213 1959 4261; x_wconf 86' lang='lat' dir='ltr'>sanctus</span> <span class='ocrx_word' id='word_1_294' title='bbox 1974 4205 2089 4275; x_wconf 86' lang='lat' dir='ltr'>Paulus,</span> <span class='ocrx_word' id='word_1_295' title='bbox 2114 4208 2179 4260; x_wconf 92' lang='lat' dir='ltr'>dum</span> 
     </span>
     <span class='ocr_line' id='line_1_34' title="bbox 348 4307 2178 4381; baseline 0.003 -21"><span class='ocrx_word' id='word_1_296' title='bbox 348 4315 507 4371; x_wconf 61' lang='lat' dir='ltr'>cunenses.</span> <span class='ocrx_word' id='word_1_297' title='bbox 526 4307 653 4362; x_wconf 80' lang='lat' dir='ltr'>venisset</span> <span class='ocrx_word' id='word_1_298' title='bbox 676 4307 806 4362; x_wconf 78' lang='lat' dir='ltr'>Athenas</span> <span class='ocrx_word' id='word_1_299' title='bbox 831 4316 860 4364; x_wconf 91' lang='lat' dir='ltr'>et</span> <span class='ocrx_word' id='word_1_300' title='bbox 884 4309 1029 4363; x_wconf 88' lang='lat' dir='ltr'>civitatem</span> <span class='ocrx_word' id='word_1_301' title='bbox 1052 4311 1192 4381; x_wconf 86' lang='lat' dir='ltr'>repletam</span> <span class='ocrx_word' id='word_1_302' title='bbox 1216 4310 1298 4365; x_wconf 89' lang='lat' dir='ltr'>idolis</span> <span class='ocrx_word' id='word_1_303' title='bbox 1321 4310 1528 4380; x_wconf 83' lang='lat' dir='ltr'>conspexisset,</span> <span class='ocrx_word' id='word_1_304' title='bbox 1552 4328 1615 4365; x_wconf 85' lang='lat' dir='ltr'>ures</span> <span class='ocrx_word' id='word_1_305' title='bbox 1638 4312 1674 4366; x_wconf 87' lang='lat' dir='ltr'>ab</span> <span class='ocrx_word' id='word_1_306' title='bbox 1698 4312 1753 4366; x_wconf 91' lang='lat' dir='ltr'>iliis</span> <span class='ocrx_word' id='word_1_307' title='bbox 1775 4312 1926 4368; x_wconf 86' lang='lat' dir='ltr'>honoratas</span> <span class='ocrx_word' id='word_1_308' title='bbox 1950 4313 2100 4380; x_wconf 86' lang='lat' dir='ltr'>destruxit,</span> <span class='ocrx_word' id='word_1_309' title='bbox 2128 4313 2178 4367; x_wconf 85' lang='lat' dir='ltr'>sed</span> 
     </span>
    </p>
   </div>
   <div class='ocr_carea' id='block_1_8' title="bbox 526 4415 2225 4601">
    <p class='ocr_par' dir='ltr' id='par_1_11' title="bbox 526 4415 2225 4601">
     <span class='ocr_line' id='line_1_35' title="bbox 526 4415 1463 4487; baseline 0.003 -19"><span class='ocrx_word' id='word_1_310' title='bbox 526 4415 636 4469; x_wconf 88' lang='lat' dir='ltr'>ratione</span> <span class='ocrx_word' id='word_1_311' title='bbox 661 4415 845 4486; x_wconf 85' lang='lat' dir='ltr'>ignorantiam</span> <span class='ocrx_word' id='word_1_312' title='bbox 869 4416 1025 4487; x_wconf 79' lang='lat' dir='ltr'>redarguit,</span> <span class='ocrx_word' id='word_1_313' title='bbox 1048 4417 1178 4471; x_wconf 83' lang='lat' dir='ltr'>veritatis</span> <span class='ocrx_word' id='word_1_314' title='bbox 1201 4417 1264 4471; x_wconf 89' lang='lat' dir='ltr'>iura</span> <span class='ocrx_word' id='word_1_315' title='bbox 1286 4418 1463 4471; x_wconf 84' lang='lat' dir='ltr'>monstravit.</span> 
     </span>
     <span class='ocr_line' id='line_1_36' title="bbox 633 4511 2225 4601; baseline 0.003 -27"><span class='ocrx_word' id='word_1_316' title='bbox 633 4511 706 4574; x_wconf 91' lang='lat' dir='ltr'>Hoc</span> <span class='ocrx_word' id='word_1_317' title='bbox 732 4511 916 4598; x_wconf 87' lang='lat' dir='ltr'>exemplum</span> <span class='ocrx_word' id='word_1_318' title='bbox 941 4512 1158 4577; x_wconf 87' lang='lat' dir='ltr'>destructores</span> <span class='ocrx_word' id='word_1_319' title='bbox 1181 4514 1361 4600; x_wconf 86' lang='lat' dir='ltr'>imaginum</span> <span class='ocrx_word' id='word_1_320' title='bbox 1385 4515 1478 4601; x_wconf 89' lang='lat' dir='ltr'>sequi</span> <span class='ocrx_word' id='word_1_321' title='bbox 1502 4513 1693 4580; x_wconf 86' lang='lat' dir='ltr'>debuerant.</span> <span class='ocrx_word' id='word_1_322' title='bbox 2197 4538 2225 4579; x_wconf 79' lang='lat' dir='ltr'>ss</span> 
     </span>
    </p>
   </div>
   <div class='ocr_carea' id='block_1_9' title="bbox 527 4652 2177 4845">
    <p class='ocr_par' dir='ltr' id='par_1_12' title="bbox 527 4652 2177 4845">
     <span class='ocr_line' id='line_1_37' title="bbox 633 4652 2177 4740; baseline 0.004 -23"><span class='ocrx_word' id='word_1_323' title='bbox 633 4653 694 4717; x_wconf 87' lang='lat' dir='ltr'>XI.</span> <span class='ocrx_word' id='word_1_324' title='bbox 730 4653 812 4718; x_wconf 84' lang='lat' dir='ltr'>Item</span> <span class='ocrx_word' id='word_1_325' title='bbox 835 4655 868 4717; x_wconf 89' lang='lat' dir='ltr'>in</span> <span class='ocrx_word' id='word_1_326' title='bbox 893 4652 1008 4718; x_wconf 81' lang='lat' dir='ltr'>eodem</span> <span class='ocrx_word' id='word_1_327' title='bbox 1032 4676 1130 4740; x_wconf 82' lang='lat' dir='ltr'>opere</span> <span class='ocrx_word' id='word_1_328' title='bbox 1154 4652 1237 4719; x_wconf 88' lang='lat' dir='ltr'>libro</span> <span class='ocrx_word' id='word_1_329' title='bbox 1254 4654 1330 4719; x_wconf 89' lang='lat' dir='ltr'>VI.:</span> <span class='ocrx_word' id='word_1_330' title='bbox 1354 4659 1451 4719; x_wconf 74' lang='grc' dir='ltr'>ΙΙΙιιά7</span> <span class='ocrx_word' id='word_1_331' title='bbox 1467 4683 1590 4737; x_wconf 89' lang='lat' dir='ltr'>quoque,</span> <span class='ocrx_word' id='word_1_332' title='bbox 1617 4668 1690 4738; x_wconf 92' lang='lat' dir='ltr'>quod</span> <span class='ocrx_word' id='word_1_333' title='bbox 1706 4668 1758 4722; x_wconf 91' lang='lat' dir='ltr'>sub</span> <span class='ocrx_word' id='word_1_334' title='bbox 1773 4667 1884 4723; x_wconf 88' lang='lat' dir='ltr'>Iuliano</span> <span class='ocrx_word' id='word_1_335' title='bbox 1898 4670 2040 4740; x_wconf 88' lang='lat' dir='ltr'>provenit,</span> <span class='ocrx_word' id='word_1_336' title='bbox 2063 4686 2177 4723; x_wconf 78' lang='lat' dir='ltr'>namara</span> 
     </span>
     <span class='ocr_line' id='line_1_38' title="bbox 527 4769 2177 4845; baseline 0.003 -21"><span class='ocrx_word' id='word_1_337' title='bbox 527 4788 582 4825; x_wconf 90' lang='lat' dir='ltr'>uon</span> <span class='ocrx_word' id='word_1_338' title='bbox 605 4771 686 4825; x_wconf 86' lang='lat' dir='ltr'>sileo.</span> <span class='ocrx_word' id='word_1_339' title='bbox 722 4770 789 4824; x_wconf 84' lang='lat' dir='ltr'>Fuit</span> <span class='ocrx_word' id='word_1_340' title='bbox 814 4770 886 4824; x_wconf 89' lang='lat' dir='ltr'>euim</span> <span class='ocrx_word' id='word_1_341' title='bbox 910 4771 1019 4840; x_wconf 88' lang='lat' dir='ltr'>signum</span> <span class='ocrx_word' id='word_1_342' title='bbox 1043 4770 1154 4825; x_wconf 90' lang='lat' dir='ltr'>virtutis</span> <span class='ocrx_word' id='word_1_343' title='bbox 1178 4769 1283 4825; x_wconf 87' lang='lat' dir='ltr'>Christi</span> <span class='ocrx_word' id='word_1_344' title='bbox 1308 4778 1339 4826; x_wconf 90' lang='lat' dir='ltr'>et</span> <span class='ocrx_word' id='word_1_345' title='bbox 1362 4773 1493 4827; x_wconf 87' lang='lat' dir='ltr'>indicium</span> <span class='ocrx_word' id='word_1_346' title='bbox 1517 4782 1616 4828; x_wconf 89' lang='lat' dir='ltr'>contra</span> <span class='ocrx_word' id='word_1_347' title='bbox 1638 4774 1794 4845; x_wconf 88' lang='lat' dir='ltr'>principem</span> <span class='ocrx_word' id='word_1_348' title='bbox 1818 4775 1981 4830; x_wconf 87' lang='lat' dir='ltr'>iracundiae</span> <span class='ocrx_word' id='word_1_349' title='bbox 2005 4775 2071 4831; x_wconf 89' lang='lat' dir='ltr'>Dei.</span> <span class='ocrx_word' id='word_1_350' title='bbox 2107 4773 2177 4829; x_wconf 88' lang='lat' dir='ltr'>Cum</span> 
     </span>
    </p>
   </div>
   <div class='ocr_carea' id='block_1_10' title="bbox 632 4975 1541 5310">
    <p class='ocr_par' dir='ltr' id='par_1_13' title="bbox 633 4975 909 5045">
     <span class='ocr_line' id='line_1_39' title="bbox 633 4975 909 5045; baseline 0.011 -19"><span class='ocrx_word' id='word_1_351' title='bbox 633 4979 664 5028; x_wconf 88' lang='lat' dir='ltr'>V.</span> <span class='ocrx_word' id='word_1_352' title='bbox 693 4975 863 5045; x_wconf 67' lang='lat' dir='ltr'>sliquerere</span> <span class='ocrx_word' id='word_1_353' title='bbox 882 4979 909 5029; x_wconf 77' lang='lat' dir='ltr'>V.</span> 
     </span>
    </p>

    <p class='ocr_par' dir='ltr' id='par_1_14' title="bbox 632 5063 1541 5222">
     <span class='ocr_line' id='line_1_40' title="bbox 632 5063 1541 5132; baseline 0.001 -16"><span class='ocrx_word' id='word_1_354' title='bbox 632 5068 681 5116; x_wconf 89' lang='lat' dir='ltr'>Vl.</span> <span class='ocrx_word' id='word_1_355' title='bbox 711 5068 835 5117; x_wconf 71' lang='lat' dir='ltr'>litamen</span> <span class='ocrx_word' id='word_1_356' title='bbox 856 5067 883 5117; x_wconf 88' lang='lat' dir='ltr'>V.</span> <span class='ocrx_word' id='word_1_357' title='bbox 958 5069 990 5118; x_wconf 84' lang='lat'>13</span> <span class='ocrx_word' id='word_1_358' title='bbox 1010 5067 1141 5117; x_wconf 87' lang='lat' dir='ltr'>miraculo</span> <span class='ocrx_word' id='word_1_359' title='bbox 1162 5068 1188 5118; x_wconf 84' lang='lat' dir='ltr'>V.</span> <span class='ocrx_word' id='word_1_360' title='bbox 1263 5071 1296 5118; x_wconf 78' lang='lat' dir='ltr'>ll</span> <span class='ocrx_word' id='word_1_361' title='bbox 1315 5063 1410 5132; x_wconf 86' lang='lat' dir='ltr'>horae]</span> <span class='ocrx_word' id='word_1_362' title='bbox 1431 5085 1494 5120; x_wconf 81' lang='lat' dir='ltr'>orae</span> <span class='ocrx_word' id='word_1_363' title='bbox 1514 5070 1541 5118; x_wconf 84' lang='lat' dir='ltr'>V.</span> 
     </span>
     <span class='ocr_line' id='line_1_41' title="bbox 632 5156 1343 5222; baseline 0.003 -16"><span class='ocrx_word' id='word_1_364' title='bbox 632 5157 697 5207; x_wconf 89' lang='lat' dir='ltr'><strong>VII.</strong></span> <span class='ocrx_word' id='word_1_365' title='bbox 728 5158 759 5208; x_wconf 74' lang='lat'>17</span> <span class='ocrx_word' id='word_1_366' title='bbox 780 5157 885 5206; x_wconf 84' lang='lat' dir='ltr'>visione</span> <span class='ocrx_word' id='word_1_367' title='bbox 905 5156 933 5207; x_wconf 86' lang='lat' dir='ltr'>V.</span> <span class='ocrx_word' id='word_1_368' title='bbox 1007 5158 1036 5207; x_wconf 85' lang='lat'>21</span> <span class='ocrx_word' id='word_1_369' title='bbox 1060 5159 1166 5207; x_wconf 91' lang='lat' dir='ltr'>visione</span> <span class='ocrx_word' id='word_1_370' title='bbox 1186 5157 1296 5222; x_wconf 87' lang='lat' dir='ltr'>depicta</span> <span class='ocrx_word' id='word_1_371' title='bbox 1316 5157 1343 5208; x_wconf 75' lang='lat' dir='ltr'>V.</span> 
     </span>
    </p>

    <p class='ocr_par' dir='ltr' id='par_1_15' title="bbox 633 5241 1381 5310">
     <span class='ocr_line' id='line_1_42' title="bbox 633 5241 1381 5310; baseline 0.003 -15"><span class='ocrx_word' id='word_1_372' title='bbox 633 5247 666 5296; x_wconf 84' lang='lat' dir='ltr'>X.</span> <span class='ocrx_word' id='word_1_373' title='bbox 696 5247 876 5297; x_wconf 70' lang='lat' dir='ltr'>sensurias</span> <span class='ocrx_word' id='word_1_374' title='bbox 896 5241 1013 5310; x_wconf 86' lang='lat' dir='ltr'>decimo]</span> <span class='ocrx_word' id='word_1_375' title='bbox 1034 5247 1149 5296; x_wconf 85' lang='lat' dir='ltr'>historie</span> <span class='ocrx_word' id='word_1_376' title='bbox 1168 5247 1201 5296; x_wconf 86' lang='lat' dir='ltr'>‹le</span> <span class='ocrx_word' id='word_1_377' title='bbox 1222 5247 1335 5297; x_wconf 84' lang='lat' dir='ltr'>decimis</span> <span class='ocrx_word' id='word_1_378' title='bbox 1354 5247 1381 5297; x_wconf 88' lang='lat' dir='ltr'>V.</span> 
     </span>
    </p>
   </div>
   <div class='ocr_carea' id='block_1_11' title="bbox 521 5444 2225 5950">
    <p class='ocr_par' dir='ltr' id='par_1_16' title="bbox 521 5444 2225 5950">
     <span class='ocr_line' id='line_1_43' title="bbox 637 5444 2179 5526; baseline 0.006 -25"><span class='ocrx_word' id='word_1_379' title='bbox 637 5447 666 5514; x_wconf 89' lang='lat' dir='ltr'>l)</span> <span class='ocrx_word' id='word_1_380' title='bbox 690 5446 722 5503; x_wconf 88' lang='lat' dir='ltr'>V.</span> <span class='ocrx_word' id='word_1_381' title='bbox 746 5465 836 5522; x_wconf 81' lang='lat' dir='ltr'>supra</span> <span class='ocrx_word' id='word_1_382' title='bbox 855 5466 887 5520; x_wconf 85' lang='lat' dir='ltr'>p.</span> <span class='ocrx_word' id='word_1_383' title='bbox 905 5449 968 5504; x_wconf 80' lang='grc'><em>486</em></span> <span class='ocrx_word' id='word_1_384' title='bbox 991 5448 1009 5502; x_wconf 84' lang='lat' dir='ltr'>l.</span> <span class='ocrx_word' id='word_1_385' title='bbox 1030 5450 1143 5521; x_wconf 66' lang='grc'><em>25499.</em></span> <span class='ocrx_word' id='word_1_386' title='bbox 1252 5444 1282 5515; x_wconf 84' lang='grc'>2)</span> <span class='ocrx_word' id='word_1_387' title='bbox 1305 5445 1337 5501; x_wconf 88' lang='lat' dir='ltr'>V.</span> <span class='ocrx_word' id='word_1_388' title='bbox 1360 5465 1451 5521; x_wconf 82' lang='lat' dir='ltr'>snpra</span> <span class='ocrx_word' id='word_1_389' title='bbox 1468 5447 1584 5522; x_wconf 65' lang='lat' dir='ltr'>pass</span> <span class='ocrx_word' id='word_1_390' title='bbox 1606 5449 1624 5503; x_wconf 83' lang='lat' dir='ltr'>l.</span> <span class='ocrx_word' id='word_1_391' title='bbox 1646 5452 1686 5506; x_wconf 77' lang='lat'>36</span> <span class='ocrx_word' id='word_1_392' title='bbox 1701 5469 1742 5524; x_wconf 79' lang='lat' dir='ltr'>sq.</span> <span class='ocrx_word' id='word_1_393' title='bbox 1847 5448 1877 5518; x_wconf 88' lang='grc'>3)</span> <span class='ocrx_word' id='word_1_394' title='bbox 1901 5450 1933 5507; x_wconf 88' lang='lat' dir='ltr'>V.</span> <span class='ocrx_word' id='word_1_395' title='bbox 1957 5469 2047 5526; x_wconf 83' lang='lat' dir='ltr'>supra</span> <span class='ocrx_word' id='word_1_396' title='bbox 2064 5470 2098 5526; x_wconf 83' lang='lat' dir='ltr'>p.</span> <span class='ocrx_word' id='word_1_397' title='bbox 2115 5455 2179 5510; x_wconf 81' lang='grc'><em>486</em></span> 
     </span>
     <span class='ocr_line' id='line_1_44' title="bbox 527 5550 2177 5631; baseline 0.002 -23"><span class='ocrx_word' id='word_1_398' title='bbox 527 5554 546 5608; x_wconf 83' lang='lat' dir='ltr'>l.</span> <span class='ocrx_word' id='word_1_399' title='bbox 567 5557 608 5611; x_wconf 74' lang='grc'>38</span> <span class='ocrx_word' id='word_1_400' title='bbox 622 5573 683 5629; x_wconf 82' lang='lat' dir='ltr'>sqq.</span> <span class='ocrx_word' id='word_1_401' title='bbox 787 5553 818 5610; x_wconf 76' lang='grc'>4)</span> <span class='ocrx_word' id='word_1_402' title='bbox 841 5552 874 5608; x_wconf 87' lang='lat' dir='ltr'>V.</span> <span class='ocrx_word' id='word_1_403' title='bbox 897 5571 987 5627; x_wconf 82' lang='lat' dir='ltr'>supra</span> <span class='ocrx_word' id='word_1_404' title='bbox 1008 5572 1038 5627; x_wconf 84' lang='lat' dir='ltr'>p.</span> <span class='ocrx_word' id='word_1_405' title='bbox 1056 5556 1119 5611; x_wconf 86' lang='grc'>487</span> <span class='ocrx_word' id='word_1_406' title='bbox 1142 5553 1160 5608; x_wconf 82' lang='grc' dir='ltr'>ἶ.</span> <span class='ocrx_word' id='word_1_407' title='bbox 1182 5555 1289 5627; x_wconf 81' lang='lat' dir='ltr'>5sqq.,</span> <span class='ocrx_word' id='word_1_408' title='bbox 1312 5550 1359 5608; x_wconf 82' lang='lat' dir='ltr'>ubi</span> <span class='ocrx_word' id='word_1_409' title='bbox 1381 5551 1450 5609; x_wconf 82' lang='lat' dir='ltr'>hoec</span> <span class='ocrx_word' id='word_1_410' title='bbox 1472 5552 1558 5610; x_wconf 81' lang='lat' dir='ltr'>verba</span> <span class='ocrx_word' id='word_1_411' title='bbox 1581 5554 1611 5611; x_wconf 80' lang='lat' dir='ltr'>in</span> <span class='ocrx_word' id='word_1_412' title='bbox 1634 5554 1784 5631; x_wconf 67' lang='lat' dir='ltr'>Augustini</span> <span class='ocrx_word' id='word_1_413' title='bbox 1804 5574 1890 5631; x_wconf 81' lang='lat' dir='ltr'>opere</span> <span class='ocrx_word' id='word_1_414' title='bbox 1910 5575 1969 5614; x_wconf 82' lang='lat' dir='ltr'>noa</span> <span class='ocrx_word' id='word_1_415' title='bbox 1991 5556 2105 5615; x_wconf 83' lang='lat' dir='ltr'>inventa</span> <span class='ocrx_word' id='word_1_416' title='bbox 2128 5557 2177 5613; x_wconf 84' lang='lat' dir='ltr'>im-</span> 
     </span>
     <span class='ocr_line' id='line_1_45' title="bbox 521 5658 2178 5739; baseline 0.003 -23"><span class='ocrx_word' id='word_1_417' title='bbox 521 5679 627 5734; x_wconf 80' lang='lat' dir='ltr'>pressa</span> <span class='ocrx_word' id='word_1_418' title='bbox 649 5667 715 5715; x_wconf 82' lang='lat' dir='ltr'>suut</span> <span class='ocrx_word' id='word_1_419' title='bbox 737 5658 891 5716; x_wconf 77' lang='lat' dir='ltr'>maioribus</span> <span class='ocrx_word' id='word_1_420' title='bbox 910 5658 1008 5716; x_wconf 81' lang='lat' dir='ltr'>litteris</span> <span class='ocrx_word' id='word_1_421' title='bbox 1030 5659 1113 5733; x_wconf 77' lang='lat' dir='ltr'>qrcosi</span> <span class='ocrx_word' id='word_1_422' title='bbox 1135 5659 1171 5714; x_wconf 81' lang='lat' dir='ltr'>ab</span> <span class='ocrx_word' id='word_1_423' title='bbox 1194 5658 1263 5733; x_wconf 68' lang='lat' dir='ltr'>ipsis</span> <span class='ocrx_word' id='word_1_424' title='bbox 1284 5658 1465 5732; x_wconf 62' lang='lat' dir='ltr'>manualibus</span> <span class='ocrx_word' id='word_1_425' title='bbox 1488 5662 1622 5737; x_wconf 73' lang='lat' dir='ltr'>corrflmn,</span> <span class='ocrx_word' id='word_1_426' title='bbox 1652 5661 1692 5717; x_wconf 83' lang='lat' dir='ltr'>ita</span> <span class='ocrx_word' id='word_1_427' title='bbox 1722 5670 1752 5718; x_wconf 84' lang='lat' dir='ltr'>ut</span> <span class='ocrx_word' id='word_1_428' title='bbox 1774 5661 1810 5718; x_wconf 78' lang='lat' dir='ltr'>ab</span> <span class='ocrx_word' id='word_1_429' title='bbox 1833 5662 2059 5738; x_wconf 78' lang='lat' dir='ltr'>epitomatoridus</span> <span class='ocrx_word' id='word_1_430' title='bbox 2079 5672 2178 5739; x_wconf 81' lang='lat' dir='ltr'>postea</span> 
     </span>
     <span class='ocr_line' id='line_1_46' title="bbox 521 5759 2225 5847; baseline 0.002 -24"><span class='ocrx_word' id='word_1_431' title='bbox 521 5785 580 5841; x_wconf 81' lang='lat' dir='ltr'>pro</span> <span class='ocrx_word' id='word_1_432' title='bbox 609 5765 699 5823; x_wconf 81' lang='lat' dir='ltr'>uerbis</span> <span class='ocrx_word' id='word_1_433' title='bbox 722 5765 871 5843; x_wconf 66' lang='lat' dir='ltr'>Argentini</span> <span class='ocrx_word' id='word_1_434' title='bbox 900 5766 986 5841; x_wconf 58' lang='lat' dir='ltr'>nasius</span> <span class='ocrx_word' id='word_1_435' title='bbox 1016 5759 1069 5838; x_wconf 78' lang='lat' dir='ltr'>(cf.</span> <span class='ocrx_word' id='word_1_436' title='bbox 1096 5785 1129 5840; x_wconf 82' lang='lat' dir='ltr'>p.</span> <span class='ocrx_word' id='word_1_437' title='bbox 1154 5769 1217 5825; x_wconf 88' lang='grc'><em>487</em></span> <span class='ocrx_word' id='word_1_438' title='bbox 1245 5767 1263 5821; x_wconf 86' lang='lat' dir='ltr'>l.</span> <span class='ocrx_word' id='word_1_439' title='bbox 1289 5760 1319 5842; x_wconf 88' lang='lat'>1)</span> <span class='ocrx_word' id='word_1_440' title='bbox 1350 5765 1445 5822; x_wconf 81' lang='lat' dir='ltr'>habita</span> <span class='ocrx_word' id='word_1_441' title='bbox 1467 5766 1531 5822; x_wconf 81' lang='lat' dir='ltr'>siut.</span> <span class='ocrx_word' id='word_1_442' title='bbox 1647 5767 1678 5836; x_wconf 83' lang='lat'>5)</span> <span class='ocrx_word' id='word_1_443' title='bbox 1709 5768 1741 5824; x_wconf 87' lang='lat' dir='ltr'>V.</span> <span class='ocrx_word' id='word_1_444' title='bbox 1771 5788 1861 5844; x_wconf 83' lang='lat' dir='ltr'>snpra</span> <span class='ocrx_word' id='word_1_445' title='bbox 1888 5789 1920 5845; x_wconf 81' lang='lat' dir='ltr'>p.</span> <span class='ocrx_word' id='word_1_446' title='bbox 1944 5773 2008 5830; x_wconf 83' lang='grc'><em>487</em></span> <span class='ocrx_word' id='word_1_447' title='bbox 2034 5772 2053 5828; x_wconf 83' lang='grc' dir='ltr'>Ι.</span> <span class='ocrx_word' id='word_1_448' title='bbox 2079 5773 2176 5847; x_wconf 83' lang='lat' dir='ltr'>9sqq.</span> <span class='ocrx_word' id='word_1_449' title='bbox 2196 5789 2225 5830; x_wconf 78' lang='lat' dir='ltr'>rt</span> 
     </span>
     <span class='ocr_line' id='line_1_47' title="bbox 527 5857 1637 5950; baseline 0.001 -22"><span class='ocrx_word' id='word_1_450' title='bbox 527 5871 558 5940; x_wconf 77' lang='lat' dir='ltr'>s)</span> <span class='ocrx_word' id='word_1_451' title='bbox 583 5872 614 5929; x_wconf 85' lang='lat' dir='ltr'>v.</span> <span class='ocrx_word' id='word_1_452' title='bbox 638 5892 728 5948; x_wconf 67' lang='lat' dir='ltr'>epra</span> <span class='ocrx_word' id='word_1_453' title='bbox 747 5893 780 5948; x_wconf 76' lang='lat' dir='ltr'>p.</span> <span class='ocrx_word' id='word_1_454' title='bbox 798 5876 861 5931; x_wconf 73' lang='lat' dir='ltr'>ser</span> <span class='ocrx_word' id='word_1_455' title='bbox 884 5874 902 5929; x_wconf 80' lang='grc' dir='ltr'>ι.</span> <span class='ocrx_word' id='word_1_456' title='bbox 923 5876 959 5931; x_wconf 78' lang='grc'><em>44</em></span> <span class='ocrx_word' id='word_1_457' title='bbox 975 5892 1036 5948; x_wconf 73' lang='lat' dir='ltr'>sqq.</span> <span class='ocrx_word' id='word_1_458' title='bbox 1129 5873 1160 5942; x_wconf 80' lang='lat' dir='ltr'>r)</span> <span class='ocrx_word' id='word_1_459' title='bbox 1184 5873 1217 5929; x_wconf 87' lang='lat' dir='ltr'>v.</span> <span class='ocrx_word' id='word_1_460' title='bbox 1241 5892 1331 5948; x_wconf 70' lang='lat' dir='ltr'>epra</span> <span class='ocrx_word' id='word_1_461' title='bbox 1349 5892 1383 5948; x_wconf 78' lang='lat' dir='ltr'>p.</span> <span class='ocrx_word' id='word_1_462' title='bbox 1401 5876 1464 5932; x_wconf 70' lang='lat' dir='ltr'>rer</span> <span class='ocrx_word' id='word_1_463' title='bbox 1487 5875 1506 5929; x_wconf 80' lang='grc' dir='ltr'>ι.</span> <span class='ocrx_word' id='word_1_464' title='bbox 1527 5877 1565 5933; x_wconf 86' lang='lat'>17</span> <span class='ocrx_word' id='word_1_465' title='bbox 1576 5857 1637 5950; x_wconf 61' lang='lat' dir='ltr'>sqq.</span> 
     </span>
    </p>
   </div>
   <div class='ocr_carea' id='block_1_12' title="bbox 0 0 2446 6709">
    <p class='ocr_par' dir='ltr' id='par_1_17' title="bbox 0 0 2446 6709">
     <span class='ocr_line' id='line_1_48' title="bbox 0 0 2446 6709; baseline 0 0"><span class='ocrx_word' id='word_1_466' title='bbox 0 0 2446 6709; x_wconf 95' lang='lat' dir='ltr'> </span> 
     </span>
    </p>
   </div>
  </div>
 </body>
</html>
