4884 6717
525 515 589 577 674
992 519 1043 577 50.
1080 520 1299 580 CONCILIUM
1321 520 1548 578 PARISIENSE
1572 522 1608 576 Α.
1630 519 1705 577 829.

631 709 706 792 (il).
724 706 813 793 Cap.
826 708 869 771 X.
897 707 1002 772 Illud¹
1015 710 1112 772 etiam
1124 710 1313 796 specialiter
1322 709 1543 773 necessarium
1554 718 1684 773 vestrae
1697 730 1873 794 suggerere
1886 709 2000 795 pietati
2013 707 2175 788 duximus,

523 825 560 878 nt
582 813 694 878 fideles
718 815 819 878 vestri
841 837 901 900 per
923 837 981 879 vos
1006 814 1242 881 admoneantur
1265 826 1297 880 et
1324 816 1533 896 instruantur,
1565 824 1736 902 quatenus,
1767 814 1898 901 quando
1929 813 2051 901 aliquid
2082 814 2176 880 nobis

523 931 634 986 vestra
656 919 813 985 celsitudo
837 920 878 985 de
902 932 1013 985 nostra
1036 923 1237 987 correctione
1261 921 1314 987 vel
1336 933 1447 987 vestra
1469 944 1596 986 necnon
1621 933 1654 985 et
1677 920 1805 986 illorum
1836 920 1941 986 salute
1971 919 2175 986 tractandum

524 1028 704 1108 committit,
729 1040 850 1091 utnon
874 1049 934 1114 per
956 1029 1087 1093 inanem
1111 1040 1143 1093 et
1165 1028 1281 1093 falsam
1305 1029 1524 1115 suspicionem
1549 1038 1663 1093 contra
1685 1050 1744 1091 nos
1773 1027 1961 1092 scandalum
1992 1039 2122 1092 sumant
2145 1041 2177 1091 et

523 1134 594 1197 sine
619 1156 718 1198 causa
740 1135 773 1198 in
797 1157 856 1197 nos
886 1134 1085 1199 detrahendo
1109 1135 1218 1200 Deum
1249 1135 1415 1200 offendant
1445 1145 1486 1216 et,
1517 1134 1604 1198 unde
1635 1133 1699 1199 sibi
1729 1132 1864 1198 salutem
1895 1156 2028 1221 sperare
2059 1144 2092 1199 et
2121 1133 2208 1198 acl-s

524 1241 652 1327 quirere
681 1238 871 1322 debuerant,
903 1239 1032 1327 culpam
1063 1242 1239 1324 incurrant,
1271 1243 1348 1328 quia
1376 1264 1435 1306 nos
1465 1239 1546 1306 nihil
1576 1240 1666 1306 aliud
1695 1262 1832 1327 querere
1864 1253 1921 1306 aut
1950 1251 2091 1306 tractare
2121 1240 2176 1304 de-

523 1346 704 1411 sideramus
728 1385 772 1393 -
794 1370 855 1410 nec
886 1348 988 1411 nostri
1019 1347 1118 1411 officii
1142 1359 1200 1428 est,
1233 1358 1268 1412 ut
1296 1348 1455 1412 faciamus
1487 1386 1541 1428 —,
1571 1348 1636 1412 nisi
1666 1346 1753 1434 quod
1783 1347 1826 1411 ad
1856 1359 2000 1412 nostrum
2031 1346 2177 1412 debitum

523 1453 737 1517 ministerium
762 1465 794 1516 et
817 1452 859 1516 ad
882 1452 1008 1517 illorum
1034 1452 1171 1517 salutem
1194 1455 1344 1540 pertinet.
1391 1454 1436 1518 Et
1465 1454 1539 1518 ideo
1570 1476 1635 1518 non
1665 1453 1821 1520 debemus
1853 1465 1928 1519 ante
1959 1466 2089 1540 tempus
2118 1476 2178 1539 per

523 1560 734 1645 suspitionem
757 1559 906 1640 iudicari,
938 1558 995 1623 sed
1027 1561 1188 1646 patienter
1217 1562 1396 1647 expectari,
1432 1559 1537 1625 donec
1571 1562 1643 1647 ipsa
1670 1561 1791 1625 veritas
1825 1561 2033 1625 manifestum
2067 1561 2176 1641 faciat,

523 1678 631 1730 utrum
654 1667 759 1751 magis
783 1665 937 1729 audiendi
961 1688 1002 1729 an
1026 1665 1221 1752 inprobandi
1246 1668 1355 1731 simus.
1401 1666 1470 1731 Nos
1501 1668 1596 1748 enim,
1629 1668 1656 1731 si
1686 1666 1769 1731 forte
1800 1668 1956 1750 evenerit,
1987 1678 2023 1731 ut
2052 1665 2177 1753 aliquid
2197 1685 2223 1723 ιο

524 1773 652 1836 sinistre
677 1772 837 1858 opinionis
862 1770 902 1835 de
926 1771 1020 1835 nobis
1050 1772 1139 1836 fama
1169 1774 1334 1859 sparserit,
1365 1773 1439 1838 Deo
1469 1772 1564 1838 nobis
1595 1795 1689 1860 opem
1720 1773 1845 1838 ferente
1874 1773 1908 1836 id
1939 1774 2177 1859 aequanimiter

523 1878 663 1943 tolerare
688 1890 720 1941 ct
742 1900 913 1964 possumus
938 1890 970 1942 et
993 1877 1159 1943 debemus.
1206 1879 1275 1966 Ipsi
1298 1902 1376 1944 vero
1400 1903 1420 1943 a
1443 1879 1540 1966 culpa
1562 1881 1711 1943 inmunes
1735 1902 1806 1944 esse
1830 1904 1895 1945 uon
1922 1891 2067 1966 possunt,
2100 1879 2176 1944 dum

523 1995 652 2071 patrum
676 1995 708 2048 et
730 1984 866 2048 fratrum
890 1986 1101 2049 intentionem
1129 1986 1198 2049 sine
1230 2009 1330 2051 causa
1357 1986 1618 2072 repraehendere
1648 2009 1713 2050 non
1743 1996 1900 2068 metuunt,
1931 1987 2084 2073 quoniam
2114 1985 2175 2050 boc

524 2114 728 2177 summopere
752 2089 985 2155 elaborandum
1010 2101 1059 2155 est
1081 2091 1176 2156 uobis
1200 2103 1233 2156 et
1255 2091 1358 2175 vobis,
1389 2102 1425 2157 ut
1448 2115 1577 2179 semper
1606 2093 1691 2157 inter
1720 2103 1867 2178 pastores
1900 2092 2114 2157 ecclesiarum
2145 2103 2177 2156 et

524 2220 658 2283 gregem
678 2195 798 2261 Christi
821 2221 888 2284 pax
912 2210 943 2262 et
967 2196 1142 2262 concordia
1165 2199 1427 2286 unanimitasque
1451 2210 1608 2263 servetur.
1646 2198 1718 2263 Nisi
1742 2200 1829 2262 enim
1853 2199 2021 2263 caritatem
2045 2211 2078 2262 ct
2100 2221 2175 2263 con·
2196 2224 2222 2263 rs

525 2304 669 2369 cordiam
692 2305 727 2369 in
749 2306 890 2369 inticem
914 2304 1096 2388 habuerint,
1121 2305 1229 2370 Deum
1254 2307 1338 2370 sicut
1361 2316 1487 2392 oportet
1516 2306 1692 2392 propitium
1714 2303 1836 2369 babere
1859 2327 1925 2369 non
1956 2304 2175 2370 merebuntur.

525 2411 744 2498 Quapropter,
769 2413 853 2475 sicut
875 2414 1088 2498 praemissum
1112 2419 1192 2494 ost2,
1217 2434 1291 2477 cum
1314 2412 1387 2477 Deo
1412 2413 1590 2498 inspirante
1613 2421 1724 2476 vestra
1746 2412 1851 2497 pietas
1879 2411 1919 2476 de
1951 2410 2176 2476 ecclesiastica

525 2529 557 2583 et
581 2519 743 2583 communi
766 2518 903 2583 utilitate
927 2518 1051 2604 aliquid
1074 2517 1168 2583 nobis
1192 2529 1332 2583 tractare
1355 2520 1525 2605 praecipit,
1549 2539 1614 2583 non
1645 2530 1695 2582 est
1723 2517 1817 2582 nobis
1847 2518 1896 2582 ias
1929 2520 2068 2598 mentiri,
2100 2519 2176 2605 quia

525 2624 701 2711 aliquando
724 2627 894 2689 veritatem
918 2626 987 2688 sine
1019 2627 1113 2711 gravi
1143 2625 1289 2712 periculo
1320 2625 1363 2690 ad
1393 2637 1521 2712 tempus
1552 2627 1700 2708 reticere,
1731 2647 1909 2711 numquam
1939 2634 2048 2689 tamen
2079 2626 2176 2688 inter·

525 2732 629 2817 rogati
654 2730 694 2796 de
718 2732 790 2817 ipsa
812 2733 949 2796 veritate
973 2733 1042 2795 sine
1066 2733 1159 2817 gravi
1183 2732 1370 2797 discrimine
1394 2755 1564 2819 possumus
1588 2732 1727 2796 mentiri.
1768 2731 1835 2797 Sed
1859 2734 1936 2818 quia
1960 2733 2081 2796 veritas
2098 2754 2175 2818 sepe
2194 2759 2222 2796 sc

362 2857 504 2898 sociarent
526 2838 635 2902 odium
665 2849 811 2924 generat,
847 2847 880 2902 et
911 2860 1016 2902 sermo
1040 2838 1105 2902 Dei
1136 2837 1343 2902 adversarius
1374 2861 1394 2902 a
1416 2838 1560 2903 Domino
1590 2839 1707 2903 nostris
1738 2837 1925 2904 carnalibus
1955 2837 2175 2924 voluptatibus

525 2944 731 3025 describitur,
754 2956 863 3009 tamen
887 2946 917 3009 ei
940 2945 975 3009 in
999 2946 1063 3026 via,
1087 2945 1121 3010 id
1145 2957 1194 3009 est
1224 2946 1257 3009 in
1288 2945 1452 3031 praesenti
1474 2946 1553 3026 vita,
1583 2944 1849 3010 consentiendum
1879 2955 1937 3009 est.
1992 2944 2048 3010 Sic
2079 2947 2176 3009 ctiam

526 3074 605 3137 erga
628 3073 687 3115 nos
710 3050 873 3136 agendum
898 3060 957 3133 est,
982 3062 1026 3134 ut,
1051 3054 1319 3139 quotiescumque
1342 3053 1532 3137 interrogati
1554 3054 1726 3116 veritatem
1749 3052 1954 3138 proferimus,
1979 3074 2176 3138 quamquam

525 3156 671 3223 nonnulli
702 3157 822 3221 infirmi
852 3157 921 3221 sine
953 3180 1052 3222 causa
1082 3157 1352 3241 scandalizentur,
1386 3156 1481 3223 nobis
1515 3170 1625 3224 tamen
1659 3158 1927 3224 consentiendum
1962 3168 2012 3223 est
2044 3169 2177 3245 proptor

525 3266 630 3351 ipsam
653 3265 835 3329 veritatem.
887 3263 1033 3345 Quorum
1064 3263 1160 3329 saluti
1190 3276 1288 3352 atque
1318 3264 1450 3330 utilitati
1479 3264 1672 3349 nullatenus,
1708 3264 1796 3353 quod
1826 3264 1921 3348 absit,
1957 3265 2082 3347 obesse,
2118 3264 2177 3329 sed
2193 3291 2221 3330 as

524 3372 633 3458 potius
656 3372 747 3435 iuxta
770 3371 950 3434 iniunctum
975 3369 1069 3435 nobis
1093 3371 1236 3435 officium
1261 3370 1442 3436 consultum
1465 3395 1699 3459 usquequaque
1724 3374 1871 3459 cupimus
1900 3371 2066 3452 exhibere,
2097 3395 2175 3458 quo·

524 3478 612 3542 uiam
634 3500 700 3542 non
723 3500 840 3559 rernm,
865 3488 900 3542 ut
923 3477 1056 3564 quidam
1084 3476 1292 3560 arbitrantur,
1323 3477 1509 3561 ambitione,
1541 3478 1599 3544 sed
1629 3481 1810 3545 animarum
1839 3480 1943 3565 magis
1975 3478 2176 3544 delectamur

345 3605 505 3658 accurare.
524 3584 713 3666 salvatione,
737 3584 951 3649 adtendentes
974 3583 1055 3648 illud
1078 3585 1233 3670 apostoli:
1259 3585 1333 3650 Non
1356 3588 1438 3650 enirn
1461 3600 1564 3651 oestro
1587 3611 1715 3673 quaere,
1738 3587 1796 3651 aed
1817 3610 1880 3650 vos.

631 3727 707 3813 (ts).
741 3725 835 3813 Cap.
852 3726 913 3791 XI.
950 3725 1056 3791 Cum³
1078 3728 1163 3792 sacri
1187 3732 1350 3792 canones*
1364 3725 1416 3792 bis
1432 3727 1465 3791 in
1482 3750 1567 3791 anno
1584 3726 1724 3791 concilia
1739 3726 1917 3792 caelebrari
1935 3726 2078 3810 iubeant,
2095 3727 2176 3793 illud

525 3832 645 3898 obnixe
676 3844 804 3898 vestrae
839 3835 953 3920 pietati
987 3832 1203 3919 deposcimus,
1240 3846 1277 3899 ut
1310 3833 1416 3898 saltim
1444 3832 1498 3899 vel
1532 3831 1633 3898 semel
1667 3835 1704 3898 in
1737 3856 1822 3898 anno
1857 3832 1990 3898 libertas
2025 3835 2175 3920 oportuni
2194 3859 2222 3897 ao

524 3940 679 4026 temporis
703 3939 911 4020 concedatur,
936 3938 1024 4026 quod
1050 3939 1131 4005 haec
1156 3939 1198 4005 ad
1228 3940 1383 4005 bonorem
1405 3939 1472 4004 Dei
1502 3951 1535 4005 et
1564 3938 1736 4005 utilitatem
1763 3950 1896 4004 sanctae
1921 3941 1987 4005 Dei
2016 3940 2174 4006 ecclesiae

524 4046 763 4133 multorumque
793 4047 1027 4110 correctionem
1064 4057 1281 4132 congruenter
1310 4045 1529 4133 decenterque
1559 4046 1631 4111 fieri
1664 4047 1799 4133 possint,
1835 4048 1999 4133 quoniam,
2035 4049 2062 4112 si
2093 4047 2174 4112 haec

525 4152 635 4234 semel,
659 4162 695 4217 ut
718 4152 840 4217 dictum
864 4163 922 4234 est,
958 4154 992 4216 in
1021 4174 1106 4218 anno
1134 4175 1193 4239 per
1222 4175 1484 4240 unamquamque
1519 4154 1721 4240 provinciam
1756 4152 1943 4218 caelebrata
1976 4152 2106 4234 fuerint,
2142 4165 2174 4217 et

525 4259 628 4324 honor
651 4257 889 4324 ecclesiasticus
913 4260 999 4323 vires
1023 4258 1145 4323 ordinis
1173 4260 1224 4324 sui
1255 4257 1414 4324 obtinebit
1443 4271 1476 4325 ct
1505 4259 1699 4347 inpudentia
1727 4258 1931 4347 quorundam
1961 4258 2174 4346 superborum

525 4365 726 4446 clericorum,
752 4387 835 4451 quae
859 4366 979 4452 passim
1005 4366 1197 4430 auctoritate
1220 4367 1402 4431 canonica⁶
1424 4366 1551 4431 calcata
1578 4365 1712 4431 auribus
1742 4365 1964 4453 imperialibus
1993 4366 2173 4431 molestiam
2193 4390 2221 4429 as

524 4474 652 4558 ingerit,
677 4470 817 4536 cessabit
841 4483 874 4535 et
902 4472 1078 4558 impunitas
1109 4471 1311 4536 diversorum
1341 4470 1537 4559 flagitiorum
1567 4473 1676 4537 locum
1707 4472 1929 4554 delitescendi,
1961 4495 2058 4560 quem
2087 4495 2173 4538 nunc

524 4578 632 4660 habet,
656 4601 721 4642 nou
744 4577 878 4643 habebit
905 4589 937 4642 ct
967 4578 1031 4642 alia
1060 4576 1172 4661 multa,
1204 4600 1287 4664 quae
1319 4589 1453 4643 actenus
1484 4601 1590 4661 secus,
1621 4602 1719 4666 quam
1750 4580 1973 4644 ecclesiastica
2003 4578 2175 4666 disciplina

524 4686 629 4768 docet,
653 4687 865 4766 incesserunt,
889 4684 1035 4749 ordinem
1059 4708 1152 4750 suum
1176 4684 1319 4749 Domino
1344 4684 1523 4750 auxiliante
1547 4683 1734 4750 servabunt.

630 4959 662 5007 X.
690 4960 706 5008 2
726 4964 756 5007 ut
774 4950 879 5020 fideles]
903 4953 1024 5006 infideles
1044 4955 1070 5005 V.
1171 4959 1314 5008 3restrac
1333 4957 1362 5006 V.
1460 4959 1477 5007 4
1504 4951 1544 5022 ut]
1563 4957 1600 5008 ite
1619 4957 1645 5007 V.
1665 4955 1697 5018 P,
1722 4973 1873 5023 quanquam
1886 4973 1936 5022 per
1954 4963 2086 5022 quatenus
2104 4955 2175 5020 (ts)

521 5047 677 5112 napcrflaum
701 5045 807 5096 videtin.
899 5048 932 5094 lo
958 5046 1179 5110 ut—sparscrit
1202 5046 1293 5096 decant
1311 5045 1341 5100 P.
1435 5049 1467 5097 15
1492 5039 1614 5112 gregem]
1635 5061 1728 5112 regem
1751 5046 1779 5096 V.
1871 5047 1905 5097 26
1929 5061 2126 5114 usquequaque
2146 5047 2221 5102 1240

523 5137 632 5186 exibere
650 5134 682 5185 P.

629 5224 677 5273 XI.
705 5226 740 5274 30
758 5224 871 5288 piaetati
890 5223 917 5272 V.
937 5222 966 5272 P.
1021 5219 1172 5285 anno]alto
1186 5221 1217 5273 P.
1272 5218 1884 5287 31haee]etl.0onctta;haeeaddman.
1939 5224 1973 5274 32
1992 5225 2078 5289 possit
2098 5223 2124 5274 V.
2142 5224 2172 5275 P.

523 5316 556 5365 34
576 5312 743 5377 quorondam
765 5313 790 5361 V.
864 5313 898 5362 36
917 5309 1082 5362 dilitiscendi
1102 5311 1133 5361 P.

632 5547 661 5615 l)
686 5545 734 5618 Cf.
759 5546 859 5603 relatio
882 5545 1073 5622 episcoporum
1098 5565 1121 5602 c.
1137 5548 1179 5604 23
1186 5566 1197 5615 ,⁴
1216 5546 1235 5601 l.
1252 5547 1271 5601 l.
1291 5545 1331 5616 ΙΙ,
1348 5549 1389 5605 36
1399 5566 1441 5621 sq.
1479 5544 1585 5605 Concil.
1605 5546 1836 5624 Aqaupranenae
1859 5549 1922 5606 836
1945 5547 2022 5603 decr.
2047 5565 2110 5622 cap.
2126 5546 2180 5603 ΙΙΙ

523 5674 546 5711 c.
566 5657 585 5712 6
604 5647 687 5727 (46);
710 5653 795 5724 infra
812 5673 846 5727 p.
865 5655 975 5728 717sq.
1055 5651 1085 5720 2)
1109 5651 1141 5707 V.
1161 5651 1364 5727 praefationes
1386 5651 1451 5709 libri
1472 5652 1497 5710 Ι.
1522 5661 1548 5710 et
1569 5652 1646 5723 III.,·
1668 5673 1759 5728 supro
1776 5673 1810 5729 p.
1829 5657 1899 5714 608.
1918 5657 1990 5713 668.
2067 5652 2097 5723 3)
2123 5651 2172 5724 Cf.
2192 5674 2220 5712 rs

522 5758 621 5818 relatio
645 5759 835 5834 cpiscoporum
860 5779 882 5815 c.
900 5763 959 5826 24;
982 5760 1001 5815 l.
1020 5760 1038 5814 l.
1062 5757 1103 5828 II,
1121 5761 1170 5817 37.
1263 5759 1293 5828 4)
1316 5758 1347 5815 V.
1372 5778 1445 5835 qruse
1466 5779 1557 5836 cupra
1574 5779 1609 5836 p.
1627 5763 1688 5819 629
1711 5778 1781 5817 ann.
1802 5763 1896 5836 Iaqq.
1921 5760 1963 5818 cd
1984 5759 2028 5816 lib.
2049 5758 2070 5816 Ι
2088 5779 2111 5816 c.
2130 5763 2174 5818 26

522 5866 671 5922 nuntiatus.
764 5866 794 5934 5)
821 5863 869 5937 Cf.
894 5886 939 5922 ετ.
961 5885 1008 5941 pr.
1033 5864 1129 5922 concil.
1154 5866 1356 5924 Antiochenam
1379 5885 1403 5922 c.
1420 5870 1457 5927 11
1465 5888 1475 5935 ,·
1501 5867 1600 5925 Manui
1621 5867 1814 5943 IL1323sq.
