4884 6717
736 544 789 602 50.
825 544 1043 604 CONCILIUM
1066 547 1289 606 PARISIENSL
1312 552 1350 606 A.
1370 549 1445 606 829.
1852 545 1917 609 619

266 733 311 797 Ει
332 748 366 798 at
387 735 528 799 habeatis
549 737 714 799 ces'errtiam
730 734 934 800 discernendi
947 736 1028 799 inser
1043 749 1183 799 sanctam
1203 750 1232 800 et
1242 737 1435 824 profanam,
1460 739 1709 824 interpellatum
1725 740 1918 805 otmundum

267 839 464 927 doceatisque
479 841 572 928 filios
587 841 715 905 Israhel
736 844 842 905 omnia
866 843 1006 928 lepitana
1029 867 1109 921 mea,
1132 866 1213 927 qaae
1237 843 1356 907 lomene
1376 867 1445 907 sum
1461 844 1506 908 ad
1520 868 1571 909 eos
1583 869 1643 931 per
1658 870 1785 910 manum
1800 845 1916 933 Moysi.

266 944 304 1009 In
328 945 499 1011 Ezechiel:
528 947 693 1012 I'ietiosam
717 950 816 1035 igitar
839 962 868 1012 et
885 971 947 1033 pro
967 963 1095 1033 peccato
1118 963 1227 1035 cipro
1252 949 1364 1013 delicto
1386 952 1453 1014 sice
1471 974 1534 1037 pro
1559 953 1738 1037 r‘pnoraotia
1762 953 1920 1017 comedent
1937 973 2096 1024 namneum.

266 1055 449 1120 sacerdotes.
496 1053 722 1119 Hieronimus:
758 1057 840 1118 Nec¹
875 1070 1002 1130 tantum,
1037 1053 1158 1140 inquit,
1192 1064 1374 1135 gaudendum
1409 1072 1454 1120 est
1488 1066 1525 1121 ad
1558 1066 1731 1122 oblationem
1760 1085 1916 1136 munerum,

234 1179 403 1241 squamam
427 1170 581 1225 timendum
610 1171 646 1225 ad
669 1170 781 1226 honoris
805 1170 1104 1241 condempnationem,
1136 1171 1158 1224 si
1191 1189 1225 1225 eo
1249 1171 1399 1226 abutamur
1421 1172 1548 1244 indigne.
1594 1163 1676 1228 Item
1701 1174 1773 1251 post
1795 1187 1916 1251 pauca:

267 1273 350 1332 Ηοι2
380 1286 474 1332 autem
504 1277 639 1344 facimus,
669 1286 702 1331 ut
731 1284 851 1348 reponat
881 1277 1012 1332 sacerdos
1041 1276 1269 1333 benedictionem
1300 1287 1329 1334 et
1359 1278 1531 1334 oblationem
1561 1288 1684 1335 nostram
1711 1280 1739 1334 in
1763 1281 1844 1336 domo
1866 1298 1918 1336 sua

266 1384 325 1439 sire
350 1392 381 1439 ut
404 1384 440 1439 ad
463 1384 686 1456 inprecationem
711 1384 771 1438 eius
795 1384 932 1438 Dominus
954 1383 1109 1439 benedicat
1132 1384 1260 1439 domibus
1283 1386 1396 1439 nostris.
1436 1384 1558 1441 Grandis
1582 1387 1705 1457 dignitas
1728 1388 1917 1456 sacerdotum,

266 1492 317 1547 sed
340 1492 455 1562 grandis
477 1491 568 1556 ruina,
592 1491 616 1544 si
638 1499 772 1562 peccent.
814 1488 955 1545 Iactamur
978 1490 1014 1544 ad
1038 1507 1195 1557 ascensum,
1220 1491 1272 1545 sed
1295 1492 1443 1547 timeamus
1466 1493 1502 1547 ad
1526 1493 1646 1564 lapsum.
1689 1492 1752 1549 Non
1776 1502 1822 1549 est
1844 1495 1917 1549 tanti

266 1599 361 1670 gaudii
393 1597 505 1653 excelsa
534 1598 660 1652 tenuisse
692 1614 774 1668 quam
805 1597 919 1651 meroris
950 1596 986 1652 de
1016 1597 1183 1652 sublimibus
1213 1599 1361 1654 corruisse.
1409 1598 1470 1654 Nee
1501 1600 1574 1655 enim
1605 1599 1694 1654 solum
1724 1619 1774 1671 pro
1806 1601 1918 1656 delictis

222 1722 249 1761 ιο
266 1706 368 1760 nostris
391 1705 542 1761 reddemus
566 1704 713 1770 rationem,
737 1705 788 1758 sed
812 1720 863 1774 pro
886 1704 1007 1757 omnium
1031 1721 1148 1774 quomm
1171 1704 1314 1758 abutimur
1337 1705 1481 1772 doctrinis,
1506 1715 1535 1762 et
1559 1724 1739 1778 nequaquam
1763 1725 1857 1762 sumus
1880 1708 1917 1764 de

268 1829 362 1869 eorum
385 1812 477 1867 salute
501 1811 624 1866 solliciti.
663 1800 702 1864 ln
720 1801 830 1887 Ageo:
856 1801 1020 1888 Interropa
1038 1802 1214 1866 sacerdotes
1234 1803 1338 1888 lepem.
1378 1801 1470 1867 Idem
1490 1803 1716 1868 Hieronimus:
1741 1810 1918 1870 Considera⁸
1937 1828 2063 1879 sessus.

266 1920 444 1975 sacerdotum
468 1936 530 1974 esse
554 1916 641 1974 officii
664 1918 701 1973 de
725 1918 790 1989 lege
815 1917 1004 1988 interrogatos
1027 1918 1211 1988 respondere.
1259 1916 1289 1973 Si
1321 1920 1452 1974 sacerdos
1483 1926 1544 1986 est,
1575 1921 1645 1976 sciat
1668 1922 1763 1992 legem
1786 1921 1916 1990 Domini,

266 2028 422 2099 siignorat
444 2026 549 2098 legem,
580 2026 641 2097 ipse
665 2043 696 2080 se
720 2026 813 2096 arguit
837 2041 892 2078 non
916 2040 979 2078 esse
1004 2024 1116 2079 Domini
1139 2026 1328 2081 sacerdotem.
1375 2024 1538 2082 Sacerdotis
1562 2028 1635 2082 enim
1660 2036 1704 2083 est
1728 2029 1799 2084 scire
1823 2027 1917 2100 legem

267 2141 297 2189 ct
319 2134 355 2189 ad
379 2134 617 2205 interrogationes
644 2132 818 2204 respondere
842 2131 878 2186 de
903 2132 979 2202 lege.
1026 2121 1108 2185 Item
1139 2123 1171 2185 in
1202 2121 1382 2187 Malachia:
1414 2124 1485 2189 Lea
1514 2127 1655 2190 veritates
1686 2128 1718 2190 iu
1753 2151 1806 2191 cre
1840 2128 1916 2191 eius.
1937 2147 2087 2197 asianae.

222 2254 249 2294 ιι
268 2237 351 2297 Hos*
375 2247 420 2296 est
450 2241 577 2295 doctrina
608 2240 792 2311 populorum,
823 2256 895 2309 quae
926 2238 954 2291 in
985 2238 1133 2293 sacerdote
1157 2238 1236 2293 nullo
1259 2240 1347 2295 debet
1371 2241 1517 2295 mendacio
1541 2241 1698 2312 deturpari,
1721 2242 1773 2297 sed
1797 2248 1858 2296 tota
1881 2241 1917 2296 de

267 2348 395 2404 veritatis
427 2347 506 2403 fonte
536 2347 703 2418 procedere.
749 2336 793 2399 Ει
815 2347 888 2422 post
910 2357 1031 2421 pauca:
1057 2335 1101 2399 Es
1123 2337 1236 2400 occultos
1258 2340 1372 2402 avertit
1400 2339 1440 2402 ab
1465 2340 1640 2424 iniquitate.
1688 2343 1765 2411 Qni⁵
1787 2349 1918 2404 sacerdos
1937 2361 2027 2412 ruas.

269 2463 314 2510 est
337 2463 367 2509 et
390 2472 445 2509 uon
469 2453 585 2525 corripit
608 2453 820 2523 delinquentes,
843 2452 999 2506 sacerdotis
1022 2450 1146 2506 officium
1169 2453 1319 2522 praeterit.
1360 2451 1452 2509 Labie
1476 2452 1630 2510 sacerdotis
1653 2453 1808 2510 antediem
1828 2454 1917 2511 sciar·
1937 2467 1967 2510 ιιι.
1976 2467 1996 2516 ι,
2005 2467 2024 2508 ι.

268 2560 344 2618 ιίαιιι.
391 2561 455 2617 Non
485 2561 555 2615 dixit
584 2558 750 2631 proferent,
780 2560 832 2614 sed
862 2559 1035 2613 custodient.
1083 2548 1125 2612 Et
1147 2562 1220 2635 post
1250 2572 1315 2614 non
1340 2550 1455 2614 multa:
1481 2550 1571 2616 Sicut
1592 2576 1653 2617 oca
1676 2554 1826 2617 serenatis
1849 2555 1919 2616 cias
1937 2574 2028 2624 maa

267 2685 353 2724 meas
375 2674 404 2724 et
424 2661 590 2746 accepistis
606 2660 731 2745 faciem
757 2660 791 2722 in
814 2658 888 2743 iope.
928 2661 1029 2720 Ιιιιιιι6
1051 2665 1143 2719 omnia
1165 2675 1287 2737 peecata
1310 2666 1381 2721 Levi
1405 2668 1463 2722 sire
1488 2685 1594 2734 eorum,
1618 2668 1666 2738 qui
1690 2685 1725 2723 cx
1748 2668 1818 2723 Levi
1842 2675 1917 2734 sunt,

222 2789 250 2828 so
268 2777 445 2830 sacerdotum
469 2774 524 2829 Dei
548 2774 618 2828 illud
643 2780 673 2828 et
696 2773 824 2827 ultimum
848 2778 879 2827 et
902 2772 1049 2826 maximum
1072 2773 1202 2843 ponitur,
1234 2791 1322 2844 quare
1346 2774 1487 2846 accipiant
1509 2774 1610 2829 faciem
1641 2775 1670 2829 iu
1693 2774 1777 2846 lege,
1808 2783 1839 2828 ut
1863 2792 1918 2830 non

267 2900 389 2949 causam,
419 2882 470 2936 sed
501 2898 649 2953 personam
673 2879 852 2934 considerent
880 2879 1041 2950 iustumque
1065 2897 1220 2950 pauperem
1244 2881 1429 2953 dispicientes
1452 2882 1561 2953 ianuos
1584 2881 1687 2936 divites
1710 2881 1864 2953 suscipiant
1888 2889 1918 2936 et

267 2989 414 3045 honorent.
460 2978 499 3041 In
531 2975 719 3062 evangelio:
750 2976 863 3041 Pastor
894 2977 991 3040 bonas
1020 2980 1161 3041 eitimam
1191 3003 1281 3043 sitam
1306 2980 1362 3043 dat
1383 3003 1448 3066 pro
1472 2981 1581 3043 coibas
1603 2982 1679 3045 ears.
1726 2978 1823 3043 Hanc
1847 3000 1918 3043 seu·
1937 2999 2025 3048 rouro,
2033 3000 2057 3039 ιι

267 3088 400 3151 tentiam
424 3084 538 3151 beatus
556 3083 735 3170 Gregorius
759 3105 926 3170 exponens
950 3085 1013 3147 ait:
1040 3087 1115 3156 ιιιιίἶ
1139 3111 1195 3148 non
1219 3095 1268 3148 dat
1291 3112 1342 3165 pro
1365 3095 1464 3149 oribus
1483 3095 1669 3150 substantiam
1693 3113 1781 3162 suam,
1806 3095 1918 3166 quando

268 3222 318 3274 pro
342 3204 383 3258 eis
407 3204 523 3257 daturus
548 3209 592 3256 est
615 3200 734 3255 animam
758 3201 857 3254 suam?
888 3200 1010 3254 Primum
1034 3200 1130 3270 itaque
1154 3208 1279 3255 nostrum
1312 3207 1356 3255 est
1380 3201 1522 3256 exteriora
1543 3211 1639 3256 nostra
1661 3201 1760 3257 oribus
1792 3202 1852 3256 eius
1875 3202 1917 3256 in·

222 3328 250 3368 to
267 3310 405 3383 pendere,
435 3317 604 3380 postremum
627 3325 706 3374 vero,
737 3308 759 3361 si
794 3325 911 3362 necesse
935 3306 982 3373 sit,
1013 3324 1064 3378 pro
1095 3306 1201 3362 eisdem
1225 3307 1325 3361 ovibus
1348 3308 1467 3362 animam
1490 3325 1608 3380 ponere.
1655 3297 1775 3363 Paulus
1799 3297 1840 3362 ud
1865 3298 1918 3363 Ti·
1938 3291 2061 3396 Ἢᾚ

268 3406 431 3471 matheum
455 3429 582 3471 necnon
606 3404 703 3469 etad
728 3404 847 3484 Titum,
880 3402 958 3489 quid
981 3404 1022 3468 sit
1046 3403 1269 3490 episcopatum
1294 3402 1481 3469 desiderare
1505 3417 1538 3469 et
1561 3404 1666 3492 qualis
1688 3427 1829 3493 persona
1852 3406 1917 3492 epi·
1938 3397 2084 3448 T¹‘·¹’²'‘¹l·

268 3515 357 3602 scopi
381 3535 452 3577 esse
477 3510 604 3594 debeat,
628 3522 763 3596 regente
787 3513 857 3575 cius
882 3510 1042 3575 calamum
1059 3523 1170 3574 sancto
1188 3510 1322 3597 Spiritu,
1346 3512 1469 3576 affatim
1492 3510 1729 3598 salubriterque
1753 3511 1918 3577 describit.

268 3621 360 3685 Haec
383 3621 498 3707 igitur,
534 3642 597 3706 que
621 3617 802 3705 praelibata
826 3628 917 3698 suut,
953 3619 1099 3704 quisquis
1130 3616 1172 3682 ad
1207 3618 1367 3705 pastorale
1398 3620 1620 3704 magisterium
1644 3618 1789 3706 adspirat
1812 3618 1919 3683 sobrie

268 3726 505 3813 diligenterque
529 3724 711 3813 perpendat
734 3747 834 3811 seque
859 3726 1022 3810 sagaciter
1044 3725 1150 3788 metiri
1181 3724 1318 3802 studeat,
1342 3748 1394 3804 ne,
1426 3724 1514 3811 quod
1545 3723 1646 3806 absit,
1678 3729 1820 3791 tenenat
1843 3735 1918 3789 desi·

224 3859 250 3899 ro
268 3845 352 3899 dcriis
375 3861 526 3899 succensus
549 3843 727 3913 propriisque
751 3842 879 3897 reatibus
903 3841 1066 3907 adstrictus,
1091 3842 1157 3894 dum
1180 3842 1253 3908 loco,
1277 3851 1309 3895 ut
1334 3830 1448 3896 beatus
1472 3831 1651 3917 Gregorius
1674 3833 1729 3914 ait,
1760 3843 1921 3897 delectatur

267 3951 385 4022 gloriae,
415 3949 463 4004 fiat
486 3949 606 4004 subditis
628 3957 727 4004 auctor
749 3949 856 4003 ruinae.
906 3936 1065 4003 Omnibus
1097 3939 1196 4023 igitur
1226 3937 1450 4002 sacerdotibus
1474 3937 1529 4002 illa
1552 3938 1738 4025 specialiter
1761 3939 1921 4003 sententia

268 4046 355 4112 beati
379 4046 531 4133 Gregorii
555 4056 630 4110 ante
655 4045 765 4110 oculos
790 4044 1016 4109 constituenda
1040 4057 1098 4124 est,
1128 4046 1161 4108 in
1185 4067 1250 4131 qua
1280 4046 1364 4108 inter
1395 4056 1519 4108 cetera:
1551 4050 1642 4108 (ιιιιιι9
1671 4073 1774 4122 rerum,
1805 4045 1919 4132 inquit,

268 4165 423 4220 necessitas
447 4164 584 4235 exposcit,
608 4162 786 4235 pensandum
809 4162 892 4216 valde
918 4169 960 4216 est
985 4162 1020 4216 ad
1045 4161 1155 4216 eulmen
1180 4162 1299 4232 quisque
1324 4161 1476 4232 regiminis,
1501 4162 1625 4232 qualiter
1647 4162 1743 4217 veniat
1769 4171 1858 4232 atque
1884 4161 1919 4215 ad

269 4271 320 4326 hoc
344 4271 398 4326 rite
422 4271 602 4341 perveniens,
627 4270 751 4340 qualiter
773 4270 850 4322 sicat
874 4279 903 4324 et
931 4269 1005 4324 bene
1031 4268 1128 4322 livens
1160 4267 1283 4338 qualiter
1311 4268 1413 4322 doceat
1438 4277 1467 4322 et
1493 4275 1573 4323 recte
1601 4268 1706 4323 docens
1729 4267 1920 4322 infirmitatem

225 4393 251 4432 uo
270 4396 346 4433 suam
370 4377 474 4432 cotidie
500 4384 605 4447 quanta
628 4376 853 4431 consideratione
879 4386 1040 4447 cognoseat.

377 4509 481 4596 Cap.
506 4509 599 4574 XIII.
637 4509 693 4574 Ut
722 4507 1488 4574 avaritiamsacerdotesearere
1514 4507 1751 4573 studeant.
1799 4508 1922 4589 Quia¹⁰

270 4640 348 4682 vero
371 4616 543 4682 nonnullas
566 4616 690 4681 ordinis
725 4617 826 4680 nostri
856 4616 961 4679 socios
992 4615 1162 4679 avaritiam
1193 4617 1331 4701 turpiter
1354 4615 1472 4678 sectari
1502 4628 1534 4678 et
1557 4616 1670 4679 merito
1699 4614 1848 4678 amultis
1872 4636 1920 4678 re·

270 4723 427 4811 prehendi
451 4736 483 4788 et
507 4723 548 4788 ob
572 4723 606 4789 id
629 4725 779 4788 innoxios
804 4746 877 4788 cunr
908 4723 1015 4786 noxiis
1039 4721 1100 4786 hac
1125 4723 1296 4786 occasione
1322 4721 1471 4785 infamari
1495 4722 1721 4807 comperimus,
1746 4719 1864 4785 abhinc
1888 4722 1921 4784 in

376 4979 441 5029 XII.
469 4977 648 5029 3Eczechiel
668 4978 696 5028 V.
769 4973 1052 5043 liupria)etati0nem
1074 4975 1100 5024 Γ.
1115 4975 1145 5026 P.
1219 4971 1401 5037 blactamurl
1421 4976 1457 5025 ita
1478 4974 1503 5034 Γ,
1524 4976 1671 5025 Laetamur
1691 4973 1721 5024 P.
1788 4978 1818 5025 14
1839 4976 1919 5025 inter·

225 5081 253 5119 sc
273 5069 440 5132 rogationem
459 5066 491 5116 Ρ.
566 5069 598 5117 16
617 5067 758 5118 sacerdost
779 5074 820 5116 est
840 5067 870 5116 P.
944 5067 977 5116 ii
997 5063 1143 5115 sulubriter
1162 5064 1192 5115 Ρ.
1267 5067 1300 5115 30
1319 5080 1462 5114 successus
1483 5063 1509 5113 I'.
1583 5063 1672 5115 locum
1693 5064 1719 5113 V.
1740 5063 1770 5113 P.

376 5157 455 5206 xl11.
484 5158 518 5207 36
537 5158 653 5206 auaritia
673 5155 703 5206 P.

379 5378 408 5444 l)
438 5374 638 5448 masopane,
673 5371 822 5432 Commeat.
854 5373 882 5429 io
909 5371 1100 5439 Ezechielem
1133 5368 1207 5446 Opp.
1240 5370 1270 5438 V,
1295 5374 1366 5428 555.
1482 5369 1512 5438 2)
1536 5368 1629 5438 Joio.;
1656 5371 1719 5425 ιι.
1750 5369 1867 5438 V,555
1879 5389 1921 5445 sq.

273 5482 303 5550 3)
326 5482 525 5554 Hieronymus,
551 5478 702 5538 (ἶοιιιιιιειιι.
728 5479 756 5536 in
780 5479 942 5555 Appaeuio;
974 5476 1048 5554 Opp.
1071 5477 1120 5546 I'I,
1139 5480 1208 5535 760.
1311 5477 1341 5532 4)
1369 5475 1566 5549 ffiaonpmm,
1598 5473 1748 5534 Ccarmmt.
1772 5475 1801 5532 io
1826 5475 1922 5532 Maa-

272 5588 378 5656 elriam,·
403 5586 477 5663 Opp
501 5588 621 5656 13959.
715 5586 744 5656 5)
769 5585 887 5641 Ibidem.
982 5585 1012 5654 6)
1036 5583 1131 5650 loia.;
1155 5585 1172 5639 l.
1190 5585 1208 5638 l.
1234 5583 1265 5651 V,
1284 5585 1352 5640 eoi.
1447 5582 1478 5650 i)
1505 5580 1662 5658 Greporius
1686 5581 1740 5651 M,
1765 5581 1868 5638 licinii.
1893 5581 1922 5638 io

226 5710 254 5749 so
272 5714 370 5771 eoaop.
395 5693 440 5750 lib.
466 5693 506 5762 ΙΙ,
524 5697 562 5753 14
586 5688 663 5768 §R
688 5690 762 5769 Opp.
788 5691 964 5767 Llsltiisq.
1057 5691 1087 5758 8)
1113 5688 1271 5766 Gregorius
1296 5688 1350 5756 oi,
1376 5687 1487 5764 Reqala
1505 5687 1665 5763 prasteralt's
1688 5688 1708 5744 Ι
1727 5691 1822 5758 e.10,·
1847 5687 1921 5765 opp.

272 5800 311 5871 ΙΙ,
337 5805 382 5860 11.
491 5800 521 5869 9)
547 5799 633 5870 loia,
653 5798 806 5875 praefatio
830 5797 894 5855 libri
911 5797 1017 5873 primi;
1047 5798 1066 5853 l.
1090 5798 1108 5853 I.
1133 5796 1173 5858 ΙΙ,
1200 5800 1226 5855 1.
1341 5795 1391 5864 10)
1425 5793 1473 5866 Cf.
1499 5794 1598 5852 relatio
1621 5794 1813 5871 episcoporum
1837 5815 1860 5852 c.
1887 5799 1923 5864 6,-

271 5906 507 5983 itmmq

1658 6016 1708 6073 ie*
