4884 6717
554 441 618 504 ll2
995 448 1048 504 57.
1084 445 1303 506 conclusit
1326 445 1607 504 CARISIACENSE
1631 447 1668 502 A.
1690 445 1765 502 838.

552 635 795 721 Participantur
823 633 957 721 quidem
987 645 1021 698 et
1049 636 1292 699 communicant
1321 632 1385 699 sibi
1412 635 1555 698 invicem
1585 654 1697 697 omnes
1727 630 1840 698 fideles
1870 654 1931 719 per
1960 633 2151 698 societatem
2174 643 2207 698 et

373 769 450 811 acar.
461 771 534 820 mn.
553 742 879 806 communicationem
895 740 1046 827 Spiritus,
1070 763 1131 827 per
1152 742 1311 806 unitatem
1325 740 1414 822 fidei,
1438 741 1509 827 spei
1523 750 1559 804 et
1574 739 1729 820 caritatis,
1752 738 1884 803 dicente
1899 739 2062 826 apostolo:
2088 740 2207 806 Graan

553 849 679 913 domini
699 851 801 912 nonni
814 848 886 912 lesu
907 849 1031 913 Clsmlsti
1050 863 1079 914 et
1100 851 1220 912 cardos
1235 848 1304 913 Dei
1323 862 1352 913 et
1369 850 1608 912 communicatio
1623 849 1729 911 sancti
1741 845 1886 933 Spiritu
1906 849 1950 912 sit
1971 871 2040 912 cum
2064 849 2208 912 omacius

555 957 651 1021 coin.
697 955 813 1019 Omnis
836 965 946 1019 tamen
970 954 1053 1019 haec
1076 955 1284 1041 participatio
1308 965 1343 1019 et
1364 953 1624 1034 communicatio,
1654 973 1740 1038 qnae
1769 951 1834 1016 illis
1860 974 1928 1016 non
1955 953 2070 1040 ntique
2094 953 2135 1018 de
2158 954 2206 1017 in-

552 1062 671 1140 vicem,
700 1060 758 1125 sed
782 1060 824 1125 ad
848 1063 989 1125 invicem
1013 1062 1142 1140 existat,
1173 1060 1215 1124 ad
1238 1060 1329 1125 illum
1352 1059 1458 1124 tendit
1480 1069 1513 1125 et
1536 1082 1580 1123 ex
1602 1058 1657 1123 illo
1680 1057 1748 1124 solo
1771 1069 1954 1145 vegetatur,
1979 1060 2036 1145 qni
2060 1059 2238 1128 estiensi

399 1197 532 1246 cauas
551 1169 649 1248 vitae,
673 1167 714 1232 de
738 1190 803 1254 quo
826 1166 942 1232 beatus
965 1167 1127 1232 Iohannes
1151 1167 1248 1231 dicit:
1275 1168 1369 1246 Quod
1391 1168 1531 1232 vidimus
1553 1182 1581 1231 et
1603 1166 1797 1246 audicimus,
1820 1169 2045 1232 annuntiamus
2060 1182 2089 1232 et
2108 1169 2206 1246 achia

554 1290 586 1338 ut
608 1289 636 1339 et
658 1300 712 1339 ros
735 1278 980 1340 communionem
1003 1276 1146 1340 habeatnr
1169 1277 1339 1354 sichimam,
1362 1290 1392 1338 et
1413 1276 1589 1339 communio
1612 1287 1718 1336 nostm
1733 1275 1777 1336 sit
1793 1297 1862 1335 cum
1882 1286 1975 1358 patre
1994 1287 2024 1337 et
2044 1298 2114 1337 cum
2129 1274 2207 1360 silio

552 1385 621 1446 eius
643 1381 716 1446 Iesu
743 1381 877 1446 eterna.
926 1379 1075 1445 Christus
1099 1381 1186 1444 euim
1209 1379 1302 1445 Iesus
1326 1390 1427 1466 capnt
1448 1389 1483 1443 et
1504 1388 1620 1442 vertex
1644 1377 1814 1452 ecclesiae,
1845 1377 2028 1443 etidcirco
2052 1377 2205 1444 advitae

552 1499 705 1551 aeternae
729 1488 960 1551 commercium
983 1486 1030 1550 illi
1054 1487 1236 1550 conectitur
1259 1497 1291 1550 et
1314 1485 1468 1550 cohaeret
1490 1496 1524 1549 et
1546 1486 1581 1549 in
1603 1484 1694 1550 illum
1717 1483 1785 1549 tota
1808 1486 1974 1549 concurrit
1997 1484 2147 1566 ecclesia,
2171 1497 2207 1550 ut

423 1607 534 1701 Bpffis
553 1593 640 1658 fonte
665 1594 781 1680 capitis
804 1604 906 1657 totum
929 1615 1047 1679 corpus
1064 1594 1217 1678 irrigetur
1232 1604 1265 1657 et
1278 1594 1379 1674 vivat,
1404 1591 1534 1656 dicente
1550 1592 1713 1678 apostolo:
1738 1592 1905 1657 Veritatem
1926 1607 2028 1657 mamm
2044 1594 2207 1680 facietne
2225 1621 2252 1660 ro

467 1694 472 1702 ⁴
507 1690 514 1703 ’
555 1704 587 1765 in
611 1704 742 1765 caritate
765 1725 941 1764 crescamus
971 1703 1003 1763 in
1035 1702 1091 1763 illo
1114 1725 1174 1785 per
1197 1703 1314 1780 omnim
1339 1702 1398 1786 qui
1424 1713 1469 1763 eat
1498 1714 1603 1785 caput,
1631 1699 1785 1779 Obrutus,
1816 1724 1855 1764 ea
1876 1723 1938 1785 qno
1968 1713 2060 1763 totum
2092 1725 2206 1787 corpere

552 1823 744 1894 compactam
767 1822 796 1871 et
818 1832 965 1870 conmuni
984 1831 1048 1892 per
1070 1831 1189 1870 omrtem
1215 1809 1391 1871 iuncturam
1413 1808 1728 1886 subministrationes,
1750 1806 1920 1870 secundum
1937 1809 2148 1892 operationem
2173 1810 2205 1871 in

554 1939 729 1978 mensuram
755 1916 998 1999 uniuscuiusque
1022 1915 1163 1993 mernbri,
1186 1928 1383 2000 augmentum
1406 1916 1551 1999 corporis
1566 1913 1659 2000 facit
1680 1915 1714 1976 in
1729 1913 1979 1999 aedificationem
1995 1915 2051 1976 sui
2065 1915 2098 1976 in
2121 1916 2205 1978 cari·

373 2043 533 2092 noueram.
552 2036 623 2099 tate,
646 2022 834 2084 etiterum:
858 2021 959 2085 Neam
979 2045 1033 2084 cos
1054 2020 1192 2099 seducat,
1218 2021 1322 2084 rolens
1344 2022 1378 2084 in
1398 2021 1576 2084 hrrmr'litate
1599 2034 1627 2082 et
1649 2020 1801 2105 religione
1823 2019 2017 2106 angelornm,
2040 2044 2121 2104 qaae
2143 2045 2204 2084 non

554 2128 635 2192 cidit
664 2129 840 2206 anabudana,
863 2129 998 2214 frustra
1027 2128 1158 2213 inflatus
1185 2150 1278 2190 sensu
1308 2129 1416 2191 carnae
1444 2151 1520 2189 suae
1550 2140 1579 2189 et
1606 2149 1669 2189 non
1698 2139 1802 2190 miens
1824 2140 1928 2212 caput,
1958 2150 1998 2188 ea
2026 2151 2087 2211 qao
2110 2140 2203 2190 totum
2222 2152 2251 2194 ιι

551 2259 667 2320 corpus
684 2259 746 2319 per
769 2258 916 2298 conexam
940 2248 969 2297 et
990 2235 1237 2298 coniunctionem
1259 2235 1530 2296 subministratum
1553 2246 1582 2296 et
1599 2246 1805 2296 constructum
1820 2235 1933 2297 crescit
1954 2235 1988 2295 in
2007 2247 2203 2318 aupmeatum

551 2340 624 2404 Dei.
672 2339 768 2404 Hanc
798 2341 954 2403 unitatem
984 2337 1183 2403 ineffabilem
1213 2338 1385 2420 ecelesiae,
1415 2337 1449 2402 id
1479 2349 1530 2401 est
1559 2338 1705 2423 corporis
1736 2339 1797 2419 sui,
1827 2338 1898 2423 ipse
1927 2337 2076 2402 dominus
2099 2337 2202 2418 Iesus,

400 2447 608 2532 ron.1o‚1e.qui
632 2457 682 2509 est
705 2447 849 2509 omnium
873 2457 980 2532 caput,
1012 2444 1218 2530 significabat
1242 2444 1371 2508 dicens:
1402 2446 1448 2509 Et
1468 2447 1555 2512 alias
1578 2469 1649 2509 ovea
1671 2446 1779 2526 liabeo,
1806 2470 1886 2531 quae
1909 2469 1971 2509 noa
1993 2460 2065 2509 sunt
2087 2471 2127 2510 ee
2147 2447 2204 2511 hoc

550 2554 641 2633 erili,
672 2568 701 2618 et
724 2554 799 2616 illas
822 2567 940 2638 oportet
970 2578 1017 2617 me
1039 2553 1207 2630 adducere,
1239 2567 1267 2617 et
1296 2577 1397 2616 nocem
1423 2577 1524 2616 nicam
1546 2551 1686 2631 audient,
1717 2567 1747 2616 et
1767 2554 1828 2639 fiet
1850 2576 1943 2615 utrum
1969 2554 2050 2616 ovile
2072 2567 2102 2616 et
2125 2577 2203 2616 unm

544 2676 668 2746 paster.
714 2659 779 2722 Pro
809 2657 870 2722 hac
901 2657 1099 2722 adunatione
1130 2669 1163 2722 et
1191 2660 1316 2722 unitate
1340 2659 1486 2745 corporis
1517 2659 1567 2722 sui
1591 2658 1735 2743 suscepit
1757 2667 1904 2734 mortem,
1935 2668 2075 2722 testante
2105 2680 2202 2722 evan·
2221 2687 2250 2730 a

550 2765 676 2851 gelista,
701 2766 779 2852 quia
794 2764 887 2828 lesus
910 2766 1084 2828 moriturus
1104 2777 1174 2828 erat
1198 2787 1257 2851 pro
1276 2775 1374 2850 gente
1399 2775 1432 2829 et
1453 2787 1519 2829 non
1538 2775 1664 2829 tantum
1687 2786 1745 2850 pro
1765 2775 1873 2849 gente,
1898 2763 1957 2828 sed
1976 2774 2011 2828 at
2028 2764 2123 2846 filios,
2147 2766 2201 2851 qui

550 2885 642 2935 erant
665 2871 814 2957 dispersi,
843 2883 1058 2957 congregaret
1087 2873 1121 2935 in
1152 2895 1262 2952 nunna
1293 2911 1337 2918 —
1360 2894 1419 2958 pro
1443 2870 1505 2935 hac
1528 2871 1638 2936 Deum
1662 2881 1798 2958 patrem,
1830 2872 1954 2956 inqua
1976 2882 2072 2935 nocte
2095 2871 2201 2936 trade·

416 2977 656 3052 amabatur,
680 3001 816 3043 exorare
841 2978 992 3064 dignatus
1016 2991 1074 3058 est,
1098 2977 1230 3042 dicens:
1251 2979 1349 3043 Pater
1370 2994 1485 3056 sainte,
1507 3004 1599 3043 aerea
1624 3003 1675 3043 eos
1698 2982 1732 3042 in
1755 2981 1879 3042 nomine
1902 2993 1964 3058 tuo,
1987 3003 2066 3064 qnos
2085 2979 2206 3043 dedmti

372 3110 402 3149 a.
412 3108 486 3158 nno.
497 3109 530 3148 21.
550 3087 640 3164 nn‘hi,
665 3101 697 3150 ut
718 3089 782 3150 sint
806 3111 899 3148 ararem
922 3089 1004 3150 sicat
1026 3101 1054 3150 et
1076 3110 1142 3165 nos,
1166 3095 1287 3170 etpost
1302 3106 1424 3169 pauca:
1448 3085 1523 3149 Nan
1538 3110 1604 3172 pro
1619 3086 1671 3149 lu‘s
1687 3099 1790 3150 autem
1813 3109 1888 3170 rapo
1912 3099 2040 3164 tantum,
2064 3086 2122 3150 aed
2136 3109 2200 3172 pro

550 3196 605 3270 eis,
630 3196 689 3279 qui
709 3194 867 3256 credituri
887 3208 959 3256 sceret
974 3217 1039 3278 per
1063 3194 1186 3256 uerbum
1211 3217 1318 3256 eorum
1342 3196 1376 3256 in
1399 3217 1458 3267 nte,
1482 3207 1515 3256 ut
1536 3217 1641 3256 omnen
1665 3217 1759 3255 unum
1782 3194 1856 3271 sint,
1885 3194 1968 3256 sicut
1993 3207 2024 3255 tu
2053 3207 2145 3279 pater
2168 3195 2201 3257 in
2222 3221 2250 3260 ae

373 3322 530 3373 micenas.
551 3325 596 3363 me
620 3315 648 3363 et
670 3325 724 3386 epo
748 3302 782 3363 in
805 3314 843 3370 te,
869 3313 901 3363 ut
922 3315 951 3363 et
975 3302 1042 3384 ipsi
1064 3302 1096 3363 in
1122 3301 1210 3363 scobis
1235 3325 1327 3363 renum
1351 3302 1425 3377 sint,
1456 3309 1506 3362 et:
1538 3299 1609 3385 Epo
1632 3300 1818 3378 claritatem,
1846 3324 1941 3384 quam
1965 3299 2086 3362 dedisti
2110 3299 2202 3377 milri,

550 3406 629 3469 dedi
649 3409 705 3484 eis,
729 3421 761 3469 nt
782 3409 847 3470 sint
870 3431 975 3484 artum,
998 3409 1080 3469 sicut
1103 3431 1158 3468 nos
1183 3431 1277 3468 eertum
1299 3431 1417 3484 erimus,
1441 3430 1495 3492 epo
1520 3408 1553 3470 in
1579 3408 1624 3468 eis
1647 3420 1721 3469 etta
1738 3408 1774 3470 in
1788 3431 1847 3484 nte,
1872 3419 1905 3469 ut
1918 3408 1983 3469 sint
1996 3408 2205 3470 consummati

552 3516 583 3576 in
610 3539 713 3576 urrant.
760 3511 853 3575 Haec
885 3523 935 3575 est
965 3509 1173 3574 ineffabiliter
1202 3509 1362 3575 mirabilis
1393 3512 1500 3574 unitas
1523 3511 1646 3574 domini
1669 3510 1744 3575 Iesu
1768 3523 1800 3574 et
1823 3511 1969 3596 corporis
1991 3512 2073 3592 eius,
2104 3533 2202 3597 quam

412 3642 531 3692 naam
550 3619 672 3681 nemini
696 3617 820 3681 licitum
844 3629 893 3680 est
916 3617 1039 3682 violare
1063 3629 1119 3680 aut
1143 3616 1301 3698 dividere,
1331 3619 1552 3704 praecipiente
1584 3616 1656 3702 lege
1686 3616 1728 3682 de
1758 3638 1843 3703 agno
1873 3616 2036 3702 paschali:
2071 3619 2114 3683 Os
2141 3643 2201 3683 non

420 3694 530 3799 ‘liiii'
550 3727 764 3789 conmn‘nuetrs
787 3750 827 3789 er
848 3749 891 3789 eo.
940 3724 1026 3787 Vere
1051 3725 1148 3804 enim,
1172 3735 1327 3810 quantum
1352 3726 1387 3787 in
1409 3747 1444 3788 se
1468 3737 1527 3802 est,
1559 3747 1594 3788 os
1621 3725 1697 3810 agni
1721 3726 1821 3788 nostri
1843 3726 2036 3788 comminuit
2058 3726 2115 3812 qui
2137 3726 2201 3788 vir·
2220 3752 2251 3792 aa

550 3841 652 3893 tutem
682 3841 714 3894 et
743 3829 843 3894 robur
872 3843 981 3894 tantae
1012 3831 1214 3916 compaginis
1245 3831 1401 3915 infringit.
1446 3831 1554 3895 Huius
1578 3832 1710 3895 unitatis
1736 3832 1936 3917 mysterium,
1966 3832 2034 3895 iam
2064 3830 2140 3895 olim
2167 3833 2202 3896 in

550 3935 657 4001 Adam
674 3949 707 4000 et
722 3937 794 4000 Eva
817 3937 1070 4023 praeligmatum
1094 3948 1126 4001 et
1149 3938 1184 4000 in
1207 3939 1392 4001 notissimis
1415 3936 1615 4023 temporibus
1632 3939 1664 4000 in
1682 3935 1811 4001 Christo
1834 3947 1867 4002 et
1890 3938 1923 4000 in
1947 3936 2088 4002 ecclesia
2109 3960 2200 4002 reve·

423 4049 532 4145 Effigie
552 4043 661 4124 latum,
678 4043 785 4108 Adam
802 4043 1018 4129 prophetavit,
1036 4057 1068 4107 et
1083 4042 1248 4131 apostolus
1264 4045 1415 4130 exposuit
1430 4044 1561 4108 dicens:
1578 4044 1712 4130 Propter
1727 4045 1784 4108 loc
1803 4046 1958 4130 relinquet
1974 4045 2064 4109 lamo
2078 4060 2202 4131 patrem

552 4165 579 4214 et
603 4167 731 4215 amarem
755 4166 782 4215 et
804 4151 988 4215 adhaerebit
1012 4154 1108 4215 acori
1126 4177 1212 4230 auae,
1236 4167 1265 4215 et
1284 4167 1374 4216 erunt
1388 4152 1450 4215 duo
1466 4155 1500 4215 in
1517 4176 1611 4215 carne
1629 4177 1700 4216 una.
1737 4150 1984 4230 Sacramentum,
2007 4151 2123 4237 inquit,
2146 4153 2203 4216 loc

552 4282 698 4344 acapnum
722 4272 775 4336 est,
799 4282 853 4341 epo
877 4273 977 4321 autem
1003 4258 1074 4321 dico
1099 4261 1130 4321 ia
1152 4257 1277 4322 Christo
1301 4273 1329 4322 ct
1351 4262 1385 4322 in
1408 4258 1550 4337 ecclesia,
1574 4257 1662 4344 quod
1680 4259 1751 4343 ipse
1770 4257 1920 4321 dominus
1938 4257 2031 4321 Iesus
2050 4258 2085 4321 in
2104 4279 2202 4322 evan·
2221 4285 2250 4325 so

380 4363 636 4448 mtu.1a.e.gelio
659 4386 842 4427 memorans
873 4362 1033 4442 adiunxit,
1058 4363 1188 4428 dicens:
1214 4364 1325 4450 Itaque
1349 4368 1412 4430 iarn
1436 4390 1497 4428 non
1520 4380 1593 4428 sunt
1614 4366 1686 4444 duo,
1716 4365 1774 4430 sed
1796 4389 1859 4429 rana
1882 4390 1965 4430 caro.
2015 4365 2109 4443 Quod
2128 4389 2202 4453 erpo

553 4470 638 4535 nera
663 4474 776 4550 iunxit,
800 4472 889 4534 haam
909 4496 969 4534 non
991 4487 1123 4556 separet.
1160 4469 1318 4534 Volumus
1334 4471 1429 4550 scire,
1449 4483 1572 4557 quanta
1586 4471 1757 4557 vigilantia
1771 4470 1939 4536 cavendus
1958 4472 2010 4552 sit,
2030 4481 2201 4556 quantum·

550 4599 614 4662 que
644 4577 736 4640 nefas
766 4589 953 4662 praesumat
982 4578 1038 4662 qui
1069 4576 1152 4640 hanc
1183 4578 1340 4641 unitatem
1370 4576 1493 4641 violare
1523 4599 1563 4642 ac
1593 4577 1772 4643 dissolvere
1807 4577 1967 4642 conatur?
2018 4576 2202 4642 Audiamus

372 4708 532 4751 rasum-s.
550 4681 681 4748 beatum
705 4683 882 4748 Iohannem
905 4682 1086 4769 apostolum
1110 4682 1290 4748 dicentem:
1314 4685 1505 4764 Karism'mi,
1529 4687 1623 4750 nolite
1642 4688 1731 4749 orrrni
1742 4687 1878 4772 spiriaci
1890 4685 2027 4763 credere,
2048 4685 2108 4749 aed
2123 4710 2201 4772 pro·

551 4792 619 4854 bate
641 4795 786 4876 spiritus,
809 4794 842 4856 si
862 4817 901 4855 ca
917 4791 985 4856 Deo
1007 4806 1087 4855 sant.
1128 4790 1168 4854 In
1191 4791 1248 4855 ltoc
1271 4794 1466 4880 capriosm'tur
1486 4794 1622 4877 spiritua
1641 4792 1713 4855 Det
1752 4791 1862 4856 Omnia
1883 4794 2028 4878 spirinse,
2051 4793 2111 4878 qni
2129 4815 2202 4856 cen·
2218 4817 2249 4856 to

543 4900 653 4984 fitetur
677 4897 780 4962 Iesum
808 4897 966 4962 Christum
992 4901 1024 4961 in
1049 4923 1143 4962 cartre
1166 4901 1297 4978 rennes,
1319 4923 1359 4962 er
1381 4898 1449 4962 Deo
1472 4912 1527 4976 est,
1550 4913 1578 4962 et
1599 4901 1702 4962 omnir
1723 4901 1868 4984 spirituo,
1891 4900 1951 4984 qui
1969 4899 2065 4963 solvit
2086 4897 2201 4978 Iesum,

550 5029 589 5066 ea
612 5004 679 5068 Deo
709 5030 769 5068 noa
801 5019 845 5068 est
873 5019 901 5068 et
930 5005 981 5068 lic
1011 5020 1054 5068 est
1084 5005 1297 5069 antichristus.
1348 5004 1472 5069 Audiat
1502 5025 1580 5089 ergo
1611 5004 1672 5067 hoc
1703 5005 1801 5067 ctiam
1832 5005 1904 5085 iste,
1934 5005 1990 5090 qui
2020 5002 2201 5086 ambulans,

377 5134 528 5184 eceman.
549 5109 668 5174 frustra
698 5109 828 5174 inflatus
859 5133 956 5174 sensu
986 5111 1094 5174 carnis
1124 5131 1203 5173 suae
1235 5121 1268 5174 et
1290 5132 1355 5174 non
1379 5111 1527 5196 spiritum
1550 5110 1616 5174 Dei
1646 5132 1797 5197 sequens,
1828 5109 1887 5174 sed
1917 5111 2065 5197 spiritum
2095 5133 2201 5192 suum,

548 5215 667 5296 Iesum,
699 5227 854 5302 quantum
886 5218 920 5280 in
950 5240 985 5280 se
1017 5229 1076 5296 est,
1107 5216 1205 5281 solvit
1235 5239 1276 5280 ac
1306 5215 1452 5302 dissipat,
1483 5216 1634 5281 dividens
1663 5240 1739 5281 eum
1768 5218 1801 5281 in
1831 5229 1897 5281 tres
1927 5227 2047 5304 partes,
2077 5217 2112 5282 in
2134 5229 2201 5282 tres

394 5349 414 5387 1.
423 5347 528 5396 aare.
548 5321 669 5386 formas
693 5335 725 5387 et
748 5324 781 5386 in
805 5324 868 5386 tria
891 5346 1038 5410 corpora.
1073 5323 1206 5404 Audiat,
1230 5325 1374 5410 inquam,
1398 5337 1431 5388 et
1446 5334 1578 5387 aeterno
1595 5323 1723 5387 silentio
1740 5324 1972 5388 contiscescat:
2000 5324 2111 5390 Omnes
2132 5327 2199 5411 spi·
2218 5349 2248 5392 u

551 5433 640 5509 ritus,
664 5433 724 5517 qui
742 5433 837 5495 scirit
860 5431 975 5510 Iesum,
999 5457 1038 5496 ea
1060 5431 1128 5495 Deo
1152 5457 1213 5494 nan
1237 5446 1282 5495 est
1307 5446 1335 5495 et
1357 5432 1408 5495 lic
1432 5446 1477 5494 est
1497 5431 1710 5494 antichristus.
1756 5429 1939 5494 Audiamus
1963 5441 1995 5494 et
2018 5428 2198 5517 apostolum

397 5561 529 5608 cancre.
548 5535 686 5600 Paulum
709 5560 768 5601 nos
792 5538 825 5601 ia
849 5536 949 5601 semel
972 5536 1092 5600 tradita
1121 5535 1197 5600 fidei
1221 5538 1358 5601 veritate
1390 5536 1582 5600 solidantem
1607 5547 1704 5623 atquc
1729 5537 1908 5601 dicentem:
1940 5537 1983 5602 Si
2009 5541 2083 5624 quis
2114 5539 2200 5602 rehu

550 5646 810 5731 evangelizaverit
828 5661 957 5732 praeter
980 5670 1073 5732 quam
1098 5645 1184 5730 quod
1205 5647 1381 5730 accepistis,
1404 5644 1569 5708 anatliema
1593 5647 1642 5708 sit.

655 5840 962 5906 tietvobislvobisll.
1021 5839 1370 5910 laquiest1quemP.J!.
1426 5847 1456 5895 el
1479 5844 1595 5894 lesaii.
1643 5843 1893 5895 succensionis.
1942 5845 1976 5895 83
1996 5841 2198 5895 etnddeccni.
