4884 6717
694 523 746 580 56.
782 522 1000 580 CONCILIUM
1024 521 1352 586 AQUISGRANENSE
1376 523 1413 578 Α.
1435 522 1509 579 836.
1863 517 1925 579 749

275 714 404 778 Annam
427 727 456 778 et
478 714 618 799 concepit
640 727 668 776 ct
684 714 812 798 peperit
834 725 895 776 tres
910 711 1003 797 filios
1027 725 1055 775 et
1077 709 1158 774 dnae
1174 712 1284 797 filiam
1314 726 1343 775 ct
1364 713 1585 798 magnificatae
1608 726 1652 776 eet
1669 736 1753 798 puer
1776 711 1928 778 Samuhel
1945 739 1962 774 1.
1972 735 2028 784 neg.
2036 737 2057 785 ε,
2068 738 2103 775 ar.

276 821 367 906 apud
388 820 570 884 Dominam.
619 819 654 883 Si
685 840 744 904 pro
774 816 840 881 filio
871 827 904 881 et
932 817 1045 881 hostiis
1068 815 1143 880 Deo
1173 815 1290 880 oblatis
1314 816 1411 881 Anna
1442 816 1594 882 benedici
1625 829 1657 881 et
1680 819 1829 904 spiritum
1854 841 1925 904 pro·

276 926 406 1012 phetiae
430 936 463 989 et
486 923 630 991 sobolem
653 925 771 989 meruit
794 924 942 1010 adipisci,
967 922 1150 988 cavendum
1173 922 1236 986 illis
1260 934 1318 1005 est,
1343 925 1398 1010 qui
1423 923 1543 988 hostias
1563 922 1605 988 ab
1622 923 1694 989 aliis
1711 924 1784 989 Deo
1801 923 1926 988 oblatas

277 1032 438 1114 auferunt,
470 1043 506 1095 ut
536 1054 600 1096 non
630 1030 735 1095 solum
765 1030 1036 1111 maledictionem,
1068 1029 1127 1094 sed
1156 1030 1254 1094 etiam
1285 1032 1517 1095 extinctionem
1549 1030 1687 1096 filiorum
1719 1053 1849 1096 suorum
1879 1033 1926 1095 in-

244 1151 419 1218 rcurrant,
444 1138 539 1203 sicuti
563 1137 720 1224 quosdam
743 1138 920 1201 incurrisse
943 1160 1008 1202 non
1032 1135 1236 1222 ambigimus,

385 1263 468 1350 (44).
481 1262 540 1326 VI.
565 1261 662 1343 Quod
678 1271 786 1326 autem
798 1263 945 1346 sequitur
960 1262 994 1324 in
1006 1258 1121 1325 eodem
1134 1259 1216 1325 libro
1233 1262 1368 1325 nimium
1382 1272 1430 1325 est
1445 1260 1604 1325 terribile:
1623 1262 1670 1342 st,
1687 1264 1802 1348 inquit,
1815 1287 1926 1350 pecca·
1945 1285 2026 1332 nnn.
2036 1285 2097 1336 aas.

278 1373 359 1435 ecrit
381 1373 432 1434 cir
455 1373 488 1435 in
511 1374 628 1452 vinam,
648 1371 782 1456 phcara'
801 1372 834 1433 ei
847 1383 952 1454 potest
966 1368 1071 1449 Dena,·
1093 1371 1126 1431 ei
1146 1383 1247 1433 antem
1272 1372 1306 1432 in
1323 1369 1424 1433 Deum
1440 1372 1623 1456 peccaverit
1645 1372 1706 1450 vir,
1730 1372 1802 1455 qais
1825 1371 1928 1434 orabit

275 1502 336 1563 pro
360 1478 418 1540 eo?
462 1475 553 1540 Inter
575 1486 684 1540 cetera
707 1497 847 1560 namque
871 1483 1018 1560 peccata,
1043 1472 1161 1559 quibus
1184 1474 1217 1536 in
1242 1473 1348 1538 Deum
1373 1487 1539 1560 peccatur,
1569 1497 1635 1538 non
1658 1476 1826 1539 minimum
1850 1498 1925 1561 pec·

278 1593 387 1647 catum
417 1593 508 1647 extat
537 1581 627 1663 illud,
658 1604 721 1668 quo
754 1581 858 1645 cultus
882 1579 948 1644 Dei
978 1581 1217 1665 contempnitur
1247 1591 1303 1643 aut
1333 1580 1521 1645 diminuitur
1544 1581 1596 1644 vel
1624 1580 1864 1662 dehonestatur,
1895 1594 1928 1646 et

234 1689 401 1761 10ideireo
425 1700 491 1753 tam
513 1690 629 1774 ingens
653 1700 824 1774 peccatum
848 1687 952 1751 modis
976 1685 1126 1750 omnibus
1150 1697 1199 1749 est
1222 1687 1415 1750 cavendum.
1452 1687 1658 1774 Quicumque
1674 1710 1752 1772 ergo
1769 1710 1818 1771 ea,
1843 1710 1926 1774 quae

279 1796 390 1861 divine
413 1797 537 1860 nomini
561 1806 751 1859 consecrata
773 1804 857 1875 sunt,
889 1794 1004 1875 aufert,
1035 1794 1069 1857 in
1092 1792 1201 1856 Deum
1229 1814 1264 1856 se
1287 1815 1425 1878 peecare
1448 1793 1535 1858 nullo
1559 1793 1655 1857 modo
1679 1793 1813 1858 dubitet.
1861 1794 1927 1860 Sed

279 1913 312 1967 et
334 1903 395 1967 hoc
419 1901 516 1966 valde
541 1912 590 1965 est
612 1900 767 1982 terribile,
791 1899 878 1987 quod
907 1900 1068 1964 Dominus
1091 1898 1228 1985 loquens
1252 1898 1295 1963 ad
1318 1898 1394 1963 Heli
1417 1899 1619 1964 sacerdotem
1643 1901 1689 1964 ita
1712 1902 1797 1964 inter
1819 1912 1927 1966 cetera

278 2010 399 2096 inquit:
434 2009 626 2095 Quicumque
653 2010 883 2096 glorificaverit
907 2033 965 2087 mc,
993 2009 1180 2094 glorificabo
1203 2032 1291 2089 eam,
1321 2011 1380 2093 qni
1406 2022 1506 2072 antem
1531 2022 1748 2094 contempnunt
1769 2033 1817 2073 mc
1840 2023 1930 2073 erant
1945 2031 2042 2079 aare,

279 2117 441 2204 abachilee.
488 2113 571 2181 (ium
599 2114 709 2179 multis
731 2114 837 2179 modis
860 2115 952 2178 Deus
982 2115 1015 2177 in
1040 2112 1193 2198 operibus
1217 2115 1334 2178 nostris
1365 2112 1572 2198 glorificetur,
1603 2115 1696 2179 iuxta
1725 2113 1806 2178 illud
1830 2137 1927 2179 evan·

235 2255 261 2294 ιε
279 2222 436 2309 gelieum:
476 2224 610 2288 Videant
639 2247 734 2309 opera
767 2237 868 2287 veona
899 2224 978 2287 bona
1009 2236 1037 2286 et
1062 2223 1241 2308 glorificent
1262 2236 1390 2308 patrem
1420 2237 1565 2301 vestrum,
1596 2225 1655 2308 qni
1682 2237 1726 2286 est
1756 2225 1789 2286 in
1820 2224 1927 2303 caelis,
1946 2243 2091 2294 natusne.

280 2328 465 2417 specialiter
493 2339 603 2394 tamen
634 2328 833 2414 glorificatur
859 2328 951 2392 Deus
980 2329 1014 2391 in
1045 2326 1133 2392 cultu
1163 2350 1221 2392 suo
1246 2329 1335 2392 etin
1365 2326 1426 2409 his,
1457 2349 1540 2413 quae
1572 2328 1602 2392 ei
1632 2338 1866 2392 consecrantur
1896 2338 1928 2393 et

280 2436 538 2518 sanctificantur;
564 2437 804 2521 contempnitur
827 2445 935 2499 autern
958 2432 1000 2498 ab
1024 2434 1084 2515 his,
1108 2435 1164 2520 qui
1187 2435 1220 2497 in
1244 2443 1367 2497 tantam
1383 2435 1551 2498 vesaniam
1566 2445 1789 2521 prommpunt,
1813 2444 1848 2500 ut
1864 2432 1927 2499 sibi

280 2551 471 2607 consecrata
501 2542 628 2607 anferre
659 2565 722 2606 non
754 2540 937 2622 formident,
969 2539 1087 2627 quibus
1116 2539 1212 2604 valde
1243 2540 1538 2626 pertimescendum
1568 2552 1618 2605 est
1646 2539 1736 2622 illud,
1767 2540 1856 2627 quod
1879 2563 1926 2605 se·

280 2651 407 2736 quitur:
435 2650 501 2728 Qui
520 2664 621 2714 aanor
646 2663 863 2736 contempnunt
885 2673 932 2712 nte
955 2663 1045 2712 erunt
1067 2648 1229 2734 ignobiles.
1265 2646 1387 2732 Magna
1402 2668 1497 2732 porro
1514 2646 1701 2733 ignobilitas
1720 2658 1770 2712 est
1785 2647 1927 2735 aliquem
1946 2669 2099 2719 saccaro.

234 2787 263 2828 ω
280 2757 353 2820 Deo
376 2757 410 2819 in
434 2758 500 2821 suis
524 2758 660 2822 sacratis
683 2754 782 2821 rebus
805 2756 957 2819 iniuriam
979 2754 1100 2818 inferre
1124 2765 1157 2818 et
1179 2777 1200 2818 a
1221 2754 1388 2818 voluntate
1419 2764 1452 2818 et
1474 2755 1607 2820 servitio
1630 2753 1715 2818 illius
1739 2777 1774 2818 se
1798 2753 1927 2818 desiun·

280 2885 357 2948 gere
382 2873 414 2927 et
437 2862 537 2927 hostis
561 2864 610 2927 sui
634 2862 794 2927 voluntati
817 2873 849 2926 et
872 2860 1028 2947 obsequio
1052 2862 1249 2947 mancipare.

387 2987 471 3074 (45).
484 2987 558 3052 VH.
584 2988 691 3051 Ruina
702 3008 831 3073 quoque
843 2986 919 3050 Heli
935 2983 1112 3050 sacerdotis
1128 2984 1331 3071 filiorumque
1349 2986 1429 3067 eius,
1442 3007 1525 3071 quae
1542 2987 1576 3049 in
1591 2983 1705 3049 eodem
1719 2984 1801 3049 libro
1815 2984 1927 3050 Sama·
1947 2999 1974 3040 n.
1984 2997 2066 3044 ¹·120s·
2075 2998 2097 3046 ⁴»
2186 3005 2190 3010 ’

280 3094 361 3159 helis
385 3096 532 3181 sequitur
553 3094 649 3176 facta,
674 3116 738 3158 non
762 3093 865 3158 solum
888 3091 1045 3180 patribus,
1069 3091 1242 3155 sedetiam
1258 3090 1332 3155 filiis
1349 3101 1398 3155 est
1412 3090 1681 3179 pertimescenda.
1722 3091 1930 3179 Quapropter
1957 3054 2035 3100 nm

280 3198 427 3288 patribus
451 3200 647 3266 studendum
670 3211 729 3283 est,
754 3210 789 3264 ut
811 3199 895 3264 filios
918 3221 993 3263 suos
1016 3197 1150 3283 indigne
1175 3208 1272 3284 atque
1296 3196 1419 3262 inlicite
1435 3208 1568 3284 agentes
1585 3220 1730 3284 congma
1745 3199 1928 3263 invectione

234 3338 261 3378 n
281 3309 472 3394 corripiant,
504 3306 578 3371 filiis
609 3318 717 3372 autem
747 3305 985 3393 providendum
1015 3314 1074 3385 est,
1105 3327 1145 3368 ne
1177 3305 1267 3369 circa
1296 3326 1346 3386 ea,
1378 3326 1461 3391 quae
1485 3305 1628 3369 Domino
1659 3315 1715 3369 aut
1739 3315 1930 3369 consecrata

281 3425 355 3479 sunt
378 3424 434 3479 aut
457 3425 698 3495 consecrantur,
728 3412 889 3477 inlicitum
919 3410 998 3499 quid
1028 3421 1154 3496 gerant.
1200 3410 1363 3476 Inlicitum
1393 3410 1532 3476 dicimus
1560 3412 1691 3494 fectum,
1723 3410 1854 3498 quande
1878 3433 1927 3493 ea,

280 3543 364 3608 quae
388 3520 451 3585 illis
474 3521 524 3585 fas
547 3543 612 3585 non
636 3531 695 3603 est,
725 3543 745 3583 a
768 3518 857 3583 cultu
880 3518 991 3583 divino
1016 3517 1208 3582 abstrahunt
1238 3529 1271 3582 et
1293 3519 1363 3582 sine
1388 3517 1487 3582 dnbio
1511 3517 1654 3583 furmem
1678 3518 1812 3582 Domini
1835 3519 1869 3581 in
1893 3539 1928 3581 se

280 3629 454 3692 concitant.
500 3626 761 3713 Timendumque
783 3625 881 3690 valde
905 3636 963 3708 est,
993 3647 1034 3689 ne
1063 3624 1195 3689 tandem
1226 3625 1260 3689 in
1290 3624 1476 3688 auferendis
1505 3623 1603 3689 rebus
1627 3624 1700 3689 Deo
1724 3623 1841 3689 oblatis
1863 3624 1927 3689 tale

280 3736 433 3820 gignatur
455 3747 636 3821 peccatum,
664 3731 752 3820 qnod
775 3755 841 3797 non
863 3732 1015 3818 expietur
1036 3753 1098 3796 nec
1121 3732 1264 3795 victimis
1287 3754 1349 3796 nec
1373 3729 1572 3814 muneribus,
1603 3732 1698 3795 sicuti
1728 3753 1787 3818 pro
1811 3732 1927 3817 iniqui·

235 3872 262 3911 n
280 3852 346 3905 tate
370 3841 446 3906 Heli
469 3840 672 3927 filiorumque
697 3841 766 3905 eius
790 3862 810 3903 a
833 3839 974 3904 Domino
998 3837 1121 3902 dictum
1145 3859 1216 3902 esse
1241 3836 1389 3924 legimus.
1436 3836 1533 3903 Unde
1562 3839 1596 3901 in
1625 3837 1740 3902 eodem
1764 3835 1846 3901 libro
1869 3860 1929 3925 per

280 3947 488 4013 Samuhelem
511 3946 703 4035 prophetam
726 3946 767 4011 de
790 3945 868 4010 Heli
891 3945 1051 4009 Dominus
1075 3944 1235 4031 loquitur:
1259 3945 1300 4008 In
1324 3945 1376 4010 die
1400 3947 1457 4010 illo
1480 3946 1636 4010 sancitabo
1659 3945 1826 4009 advenam
1850 3945 1932 4009 Heli
1946 3965 2093 4015 man-ra

280 4059 397 4135 omnic,
429 4079 508 4141 qaae
540 4057 657 4119 locam
687 4079 756 4119 anm
785 4078 881 4140 anper
910 4052 1036 4117 domam
1060 4055 1145 4134 cirre,
1176 4054 1332 4139 inciptbm
1362 4066 1390 4116 et
1419 4052 1584 4137 corrrplebo.
1632 4051 1772 4116 Prcdixi
1792 4052 1874 4116 enirn
1899 4053 1932 4116 ei

280 4161 367 4248 qnod
395 4162 595 4227 indicaturus
624 4185 718 4226 casem
750 4161 873 4225 mnam
902 4162 970 4225 cias
1004 4162 1038 4224 t'n
1072 4173 1232 4223 aeternnm
1262 4173 1395 4245 propter
1430 4161 1627 4244 iniquitatem
1662 4160 1739 4238 eiua,
1775 4183 1809 4222 eo
1844 4157 1930 4243 qnod

278 4283 408 4334 nannet
429 4269 559 4356 a’ndt'pne
581 4293 673 4355 apere
688 4269 781 4355 filios
803 4291 876 4332 euos
898 4282 927 4331 et
947 4290 1009 4330 non
1032 4268 1189 4352 corripuit
1211 4290 1270 4330 eoa.
1318 4266 1445 4331 Idcirco
1468 4267 1580 4330 iuravi
1600 4264 1712 4330 domui
1730 4264 1819 4344 Heli,
1843 4264 1929 4349 qnod

235 4405 262 4444 ao
279 4399 341 4440 non
370 4378 513 4462 capietur
542 4378 697 4462 iniqnitas
726 4374 837 4439 domae
867 4376 934 4438 eine
964 4375 1101 4438 victimae
1131 4387 1160 4436 et
1187 4374 1369 4438 muneribus
1400 4397 1495 4458 eaque
1526 4375 1561 4436 in
1588 4386 1755 4436 aeternnm.
1802 4369 1926 4434 Adten-

279 4479 422 4545 dendum
446 4491 478 4545 et
500 4479 796 4568 pertimescendum
819 4478 916 4544 valde
946 4489 1006 4560 est,
1037 4477 1133 4564 quale
1164 4479 1206 4542 sit
1229 4477 1356 4542 facinus
1380 4477 1432 4542 vel
1455 4476 1624 4564 flagitium,
1658 4477 1745 4564 quod
1774 4499 1836 4540 nec
1859 4477 1925 4540 vic·

277 4587 365 4651 timis
395 4609 457 4652 nec
480 4586 669 4652 muneribus
693 4588 818 4674 expiari
841 4587 953 4672 possit,
984 4594 1017 4650 et
1046 4583 1291 4670 agnoscendum
1320 4583 1444 4671 liquido
1468 4595 1527 4666 est,
1559 4583 1646 4670 quod
1676 4594 1743 4648 tam
1773 4581 1926 4648 terribilis

277 4692 391 4758 divina
413 4695 642 4775 interminatio,
673 4716 756 4781 quae
787 4714 852 4757 non
875 4692 971 4757 modo
994 4691 1145 4772 victimis,
1176 4713 1291 4756 verum
1315 4692 1413 4755 etiam
1437 4689 1636 4776 quibuslibet
1658 4688 1846 4754 muneribus
1870 4711 1926 4753 ex·

278 4801 361 4886 piari
385 4799 599 4882 interdicitur,
630 4823 672 4864 ex
696 4798 822 4864 duobus
852 4796 1090 4885 contemptibus
1120 4799 1211 4862 nasci
1235 4796 1324 4862 nullo
1355 4796 1450 4861 modo
1481 4796 1658 4879 dubitatur,
1688 4819 1752 4861 uno
1783 4795 1925 4883 quidem,

232 4937 260 4977 ω
281 4928 345 4992 quo
369 4919 505 4993 paterna
528 4906 701 4993 disciplina
724 4929 804 4992 erga
826 4906 909 4970 filios
933 4904 1158 4991 delinquentes
1182 4915 1215 4968 et
1230 4904 1338 4969 Deum
1362 4905 1396 4967 in
1419 4905 1485 4968 suis
1509 4902 1636 4968 actibus
1659 4902 1701 4967 ad
1724 4901 1926 4967 iracundiam

385 5126 416 5175 V.
446 5127 462 5177 2
481 5120 635 5190 Dominum]
653 5126 743 5176 Deum
763 5125 799 5175 Μ.
873 5126 889 5174 3
907 5121 1030 5175 subolem
1048 5123 1109 5174 Ba.
1121 5125 1147 5173 3.
1166 5123 1200 5173 Μ
1207 5121 1250 5185 (l).
1324 5124 1340 5173 5
1359 5122 1494 5188 quoddam
1513 5121 1544 5172 L.

384 5232 433 5283 vl.
461 5230 607 5298 iplacare
628 5231 664 5282 Μ.
720 5226 818 5294 Deum]
836 5231 982 5280 Dominum
1001 5230 1060 5280 Ba.
1116 5225 1238 5295 81nter]
1256 5228 1461 5280 taceacovl.
1475 5229 1618 5294 praanittit
1635 5227 1695 5279 131.
1748 5227 1927 5294 peccaterdf.

278 5315 429 5385 minimum]
449 5322 559 5371 nimium
578 5337 642 5370 corr.
660 5321 694 5370 al.
713 5338 781 5370 man.
801 5320 942 5370 minimum
960 5319 1020 5380 B3,
1039 5320 1151 5370 nimium
1169 5319 1206 5370 Μ.
1287 5321 1320 5369 10
1339 5319 1424 5369 icirce
1443 5317 1480 5368 Μ.
1561 5319 1671 5370 modum
1690 5317 1727 5367 Μ.
1810 5318 1842 5367 13
1862 5332 1925 5367 con·

278 5415 400 5460 temnunt
417 5408 450 5460 L.
539 5412 571 5459 14
597 5408 771 5475 evangelium
790 5408 850 5470 B3,
871 5408 1048 5474 ewangelium
1067 5409 1103 5458 Μ.
1188 5411 1220 5459 15
1247 5413 1288 5458 est
1312 5409 1341 5457 in
1367 5402 1462 5469 caelis]
1491 5408 1519 5457 in
1545 5405 1628 5457 caelis
1648 5402 1727 5468 (celis
1746 5405 1806 5456 Ba.
1825 5401 1866 5470 Μ)
1885 5412 1927 5456 ast

233 5513 261 5553 ee
279 5498 338 5549 B2.
352 5503 377 5550 3.
397 5498 433 5548 Μ.
513 5499 546 5549 13
564 5496 729 5564 glorificavit
749 5497 780 5548 t.
858 5498 889 5548 l'l
911 5504 1001 5547 autem
1019 5497 1086 5548 derat
1102 5497 1135 5548 L.
1208 5503 1313 5548 tantum
1332 5496 1364 5547 t.
1439 5498 1471 5546 18
1491 5503 1533 5547 eat
1550 5495 1617 5546 deest
1634 5495 1671 5546 Μ.

384 5605 449 5656 VII.
477 5606 511 5655 23
530 5605 776 5671 pertimescendum
796 5604 832 5654 Μ.
899 5602 1082 5654 tornutium
1102 5604 1138 5658 Μ,
1206 5604 1278 5668 quod
1297 5602 1356 5653 Ba.
1424 5597 1544 5668 quando]
1563 5609 1694 5668 quantum
1715 5601 1751 5653 Μ.
1823 5602 1856 5653 at
1876 5595 1926 5665 est]

279 5695 437 5758 contingere
455 5693 517 5744 add.
535 5693 595 5746 Ba.
608 5697 634 5744 3.
653 5693 689 5744 Μ.
763 5693 905 5743 abstraunt
923 5691 983 5743 Ba.
1002 5693 1039 5743 Μ.
1121 5694 1154 5744 28
1174 5692 1382 5756 Timendumqui
1401 5692 1439 5741 Μ.
1518 5684 1683 5755 auferendis]
1702 5690 1848 5742 offerendis
1867 5689 1926 5740 Bt.

279 5785 313 5834 23
331 5784 480 5848 gignantur
499 5782 558 5833 B3.
579 5780 615 5833 Μ.
683 5784 818 5848 exspietur
836 5781 873 5832 Μ.
939 5782 1054 5832 victimis
1072 5781 1105 5832 L.
1178 5784 1212 5833 32
1232 5782 1361 5847 incipiam
1377 5781 1602 5846 -iniquitatem
1622 5781 1680 5830 eius
1698 5779 1789 5830 darant
1806 5778 1838 5829 L.
1902 5779 1927 5830 ei

277 5872 344 5923 deest
362 5871 460 5924 1323.
480 5873 516 5923 Μ.
591 5875 625 5923 40
644 5871 813 5938 deliquentes
832 5870 869 5920 Μ,
