4884 6717
251 523 463 580 APPENDIX.
482 523 511 579 7.
528 522 805 580 FRAGMENTUM
821 522 1067 581 HISTORICUM
1083 525 1136 580 DE
1154 524 1341 582 concnno
1354 525 1673 591 AQUISGRANENSI
1689 527 1725 582 A.
1740 525 1816 584 816.
1841 520 1911 584 833‘

250 721 286 775 ut
308 707 484 774 femoraliis
496 713 516 790 1,
541 708 654 792 laneis,
680 710 832 792 camisiis,
857 710 1007 797 pelliciis,
1037 708 1133 794 botis,
1166 712 1338 798 caperonis
1370 711 1411 777 de
1434 712 1551 799 palliis,
1583 712 1741 795 almuciis,
1773 736 1906 800 cooper-

249 817 351 896 toriis,
386 814 624 881 auricularihus
659 817 692 882 et
725 838 785 904 pro
820 816 955 881 infirmis
990 816 1135 883 culcitris
1169 820 1216 883 uti
1251 830 1394 906 possent,
1429 818 1654 906 indultumque
1686 831 1736 885 est
1766 819 1839 902 illis,
1870 830 1907 885 ιιι

250 924 378 1009 magnis
402 921 673 988 sollemnitatibus
696 922 835 1009 plurima
857 921 1002 988 habeant
1024 924 1150 990 fercula
1173 947 1247 990 cum
1263 927 1357 1012 panis
1381 925 1527 991 formulis
1551 936 1584 991 et
1605 926 1724 1014 phialis
1748 927 1906 1014 pigmenti

249 1039 382 1116 propter
405 1028 560 1094 honorem
584 1029 834 1094 sollemnitatum
857 1042 891 1094 et
912 1028 1115 1096 nobilitatem
1138 1031 1350 1114 Francorum,
1374 1055 1440 1097 non
1462 1043 1596 1121 propter
1619 1034 1905 1120 ingurgitationem

219 1137 383 1218 sventris,
414 1134 474 1200 sed
504 1135 548 1203 ad
577 1136 818 1223 reparationem
848 1137 986 1201 virtutis.
1033 1137 1078 1202 Et
1106 1139 1183 1224 quia
1213 1138 1320 1203 oleum
1351 1138 1509 1204 olivarum
1539 1162 1605 1204 non
1627 1139 1750 1205 habent
1773 1141 1904 1223 Franci,

249 1241 421 1308 voluerunt
445 1243 600 1331 episcopi,
625 1252 661 1307 ut
681 1241 753 1308 oleo
770 1240 896 1307 lardivo
911 1254 1052 1309 utantur.
1089 1242 1272 1309 Voluerunt
1287 1246 1430 1333 insuper,
1455 1245 1674 1311 concordante
1690 1245 1904 1311 illustrissimo

249 1348 429 1431 Ludovico,
456 1360 493 1414 nt
515 1348 666 1414 monachi
688 1349 723 1413 in
746 1349 812 1413 suis
836 1350 1051 1431 monasteriis,
1082 1372 1167 1436 qnae
1191 1352 1225 1415 in
1248 1350 1494 1434 villis,cast1is,
1525 1350 1638 1438 burgis
1662 1363 1694 1417 et
1718 1350 1905 1418 civitatibus

250 1454 381 1538 habent,
412 1454 537 1542 absque
567 1453 815 1520 conturbatione
841 1467 997 1520 maneant
1019 1455 1186 1539 laicorum,
1218 1468 1463 1545 statueruntque
1494 1460 1649 1546 episcopi,
1686 1458 1904 1524 concordante

251 1561 381 1627 domino
404 1585 501 1649 papa,
525 1572 562 1627 ut
584 1562 735 1627 monachi
759 1584 779 1626 a
802 1563 896 1648 gravi
920 1584 1018 1652 opere
1042 1575 1075 1627 et
1090 1562 1201 1628 labore
1217 1576 1353 1651 propter
1368 1564 1569 1629 honestatem
1586 1565 1761 1630 sacerdotii
1777 1577 1906 1631 cessent

206 1700 233 1739 ro
251 1679 284 1734 et
313 1669 385 1734 loco
418 1668 539 1734 laboris
570 1667 614 1752 ad
644 1669 740 1734 horas
770 1668 912 1755 psalmos
937 1668 1094 1755 quosdam
1118 1672 1301 1735 nominatos
1324 1693 1383 1758 pro
1407 1671 1491 1735 vivis
1516 1681 1548 1736 et
1571 1670 1732 1737 defunctis
1754 1670 1905 1737 fidelibus
1934 1719 1936 1723 -

251 1787 384 1841 cantent
407 1799 481 1842 cum
505 1774 705 1841 orationibus
730 1775 897 1858 ordinatis,
921 1776 1171 1864 volueruntque,
1201 1787 1238 1841 ut
1267 1777 1418 1843 monachi
1449 1779 1482 1841 in
1505 1777 1634 1842 Pascha
1656 1789 1689 1843 et
1711 1779 1905 1843 Pentecoste

251 1882 518 1949 consuetudinem
542 1884 576 1948 in
598 1884 732 1948 servitio
756 1883 868 1947 divino
891 1893 1023 1948 teneant
1045 1883 1266 1948 Romanorum
1274 1889 1296 1949 ².

359 2079 492 2151 lpalliis]
510 2083 685 2162 pelliis'Mud.
766 2083 1003 2135 2surioclaribus
1021 2084 1091 2135 Mat.
1172 2080 1321 2147 blardirol
1340 2083 1377 2135 ita
1395 2084 1905 2153 Mal.,taruin0wrr.1>ucan9es.v.

167 2240 173 2250 ·
251 2173 350 2225 oleum.
423 2167 622 2236 'linsuis1in
640 2174 724 2239 suppl.
742 2173 836 2224 eccui.

207 2378 233 2419 rs
301 2401 304 2408 .
360 2353 390 2424 1)
414 2354 526 2412 Deliis
550 2352 884 2412 etaliismorsdclrorwu
908 2353 1623 2432 ulmetiumcflDocanqesotverlirsinysuis.
1693 2355 1724 2425 2)
1747 2354 1906 2412 Rodbertus

250 2461 337 2520 oddus
366 2460 531 2518 monasterii
554 2459 684 2518 Molcsmi
706 2460 872 2536 proposuit:
895 2462 1009 2518 Victum
1040 2467 1069 2516 et
1098 2462 1231 2516 vestitum
1260 2461 1357 2518 labore
1384 2480 1516 2518 manuum
1539 2471 1696 2517 nostrarum
1719 2463 1903 2519 vindicemus.

251 2571 278 2625 A
301 2569 481 2625 femoralibus
505 2575 535 2625 et
558 2568 694 2623 staminiis
717 2567 893 2639 pelliciisque
914 2567 1070 2623 secundmh
1086 2569 1213 2640 regulam
1231 2560 1338 2642 (sancti
1353 2564 1511 2645 Benedicti)
1535 2569 1736 2625 abstineamus.
1772 2571 1904 2626 Decimus

252 2684 281 2733 et
295 2676 452 2732 oblationes
468 2674 590 2742 clericis,
616 2674 665 2745 qni
681 2675 806 2730 dioecmi
821 2674 1003 2742 famulantur,
1020 2674 1221 2746 relinquamus.
1260 2672 1459 2749 Opportserunt
1480 2675 1611 2732 rrronaclu'
1633 2676 1706 2732 inter
1728 2675 1805 2732 alia:
1828 2677 1904 2732 Dicit

253 2825 261 2840 .
279 2825 286 2839 .
306 2824 313 2838 .
329 2789 442 2838 sanctus
458 2782 647 2837 Benedictus:
672 2781 852 2836 Vestimenta
867 2781 1000 2837 fratribus
1016 2782 1171 2836 secundum
1187 2782 1310 2837 locorum
1326 2782 1504 2852 qualitatem,
1527 2783 1575 2838 ubi
1590 2782 1729 2850 habitant,
1746 2784 1791 2839 sel
1807 2801 1904 2839 aarum

175 2943 180 2950 ,
207 2891 419 2963 intemperiem
443 2891 560 2956 dentur3
585 2890 633 2960 qui
656 2889 685 2943 in
708 2887 818 2959 frigidis
841 2888 1016 2960 regionibus,
1040 2889 1169 2960 amplius,
1194 2889 1224 2942 in
1247 2889 1345 2943 calidis
1368 2906 1435 2944 nero
1458 2889 1549 2944 minus
1572 2889 1717 2961 indigent:
1741 2889 1812 2946 haec
1837 2909 1905 2962 ergo

252 2997 438 3054 consideratio
461 3013 552 3068 penes
575 2995 709 3051 abbatem
733 3001 777 3050 est
800 2987 927 3071 (Regula
942 2993 1091 3051 Benedicti
1113 3014 1137 3050 c.
1153 2998 1195 3053 55
1219 2994 1262 3051 ed.
1286 2993 1431 3071 Woelfflin
1450 3015 1484 3070 p.
1501 2989 1566 3073 51).
1601 2994 1647 3050 Sic
1672 2996 1757 3052 ctiam
1781 2997 1817 3051 de
1842 2998 1905 3053 cibo

254 3113 284 3161 et
307 3111 374 3177 potu
405 3111 434 3160 et
463 3103 538 3159 omni
568 3103 781 3158 conversatione
812 3101 934 3157 humana
955 3102 1072 3174 provide
1096 3108 1241 3173 temperat
1264 3109 1295 3157 ct
1318 3102 1451 3173 disponit,
1482 3110 1514 3157 ut
1535 3104 1628 3158 omnia
1650 3110 1810 3159 mensurate
1834 3102 1904 3158 fiarrt

222 3239 231 3254 ·
252 3218 368 3284 propter
390 3211 594 3283 pusillanimes,
620 3216 650 3264 et
674 3210 783 3282 absque
806 3209 1071 3266 murmurationibus
1094 3210 1161 3264 sint.
1199 3209 1345 3265 Abbatem
1368 3226 1483 3281 quoque
1500 3228 1683 3282 summopere
1707 3210 1850 3277 admonet,
1874 3219 1904 3264 ut

253 3318 374 3373 omnium
397 3317 622 3373 imbecillitatem
646 3317 818 3372 consideret.
857 3317 1005 3371 Fratribus
1029 3315 1144 3372 infirmis
1167 3322 1221 3371 aut
1241 3315 1372 3371 delicatis
1395 3316 1482 3372 talem
1506 3334 1620 3387 operam
1643 3316 1690 3371 sel
1714 3322 1801 3372 artem
1825 3317 1904 3372 iubet

207 3446 235 3486 ss
254 3425 369 3496 iniungi,
401 3429 432 3477 ut
454 3442 507 3479 nec
531 3424 613 3479 otiosi
636 3424 693 3478 sint
716 3441 770 3479 nec
793 3421 929 3478 violentia
951 3423 1055 3479 laboris
1078 3423 1270 3494 opprimantur
1294 3430 1324 3478 ct
1355 3422 1540 3495 effringantur
1569 3417 1629 3496 (cs.
1653 3421 1688 3478 ib.
1713 3442 1736 3478 c.
1753 3425 1813 3494 48,-
1843 3424 1861 3479 Ι.
1886 3424 1904 3479 l.

247 3551 281 3608 p.
298 3521 408 3608 resq.)
434 3569 443 3586 .
469 3572 475 3585 .
501 3570 509 3587 .
540 3531 646 3602 Magna
675 3549 740 3601 pars
769 3529 911 3584 hominum
941 3529 968 3584 in
999 3529 1097 3584 calidis
1120 3529 1284 3601 regionibus
1307 3535 1387 3584 caret
1410 3528 1591 3584 femoralibus
1613 3529 1770 3600 tunicisque
1794 3530 1904 3598 inuitur,

253 3636 449 3714 utlmuliercs,
473 3636 543 3691 laris
567 3645 597 3692 et
620 3637 773 3706 talaribus3
799 3654 917 3708 quorum
939 3637 1172 3691 consuetudinem
1187 3653 1244 3691 non
1263 3636 1416 3704 abhorret,
1432 3637 1484 3691 sed
1508 3635 1688 3707 amplectitur
1710 3637 1776 3691 inde
1799 3654 1903 3709 propa·

185 3739 191 3751 ’
252 3751 335 3817 gatus
358 3745 456 3816 ibique
481 3744 638 3822 consistens
662 3744 859 3799 monachorum
890 3760 1008 3799 cuneus.
1054 3743 1109 3797 Ast
1139 3760 1237 3798 omnes
1265 3743 1362 3816 populi
1392 3743 1501 3798 braccis
1524 3749 1640 3797 utuntur
1663 3743 1689 3798 in
1714 3744 1830 3798 occiduo
1854 3744 1904 3798 cli·

252 3860 328 3908 mate
352 3870 406 3907 nec
431 3852 471 3907 eis
495 3859 552 3906 tam
575 3869 634 3934 pro!
649 3849 755 3922 frigore
780 3868 863 3921 quarn
886 3868 937 3921 pro
961 3851 1104 3906 dedecore
1136 3858 1239 3905 norunt
1270 3869 1378 3906 carere.
1426 3847 1536 3913 Quibus
1559 3868 1611 3921 pro
1633 3851 1725 3905 causis
1749 3851 1824 3906 idem
1847 3869 1905 3906 mos

209 3980 236 4019 so
254 3967 298 4016 est
321 3960 350 4014 in
373 3965 469 4014 nostro
492 3958 601 4025 ordine,
626 3975 680 4013 nec
704 3957 795 4026 illum,
820 3957 867 4027 qui
892 3958 968 4011 utilis
993 3964 1022 4013 et
1044 3957 1181 4013 honestus
1205 3964 1260 4024 est,
1291 3957 1418 4012 volumus
1445 3958 1619 4028 relinquere.
1645 3998 1652 4013 .
1679 3999 1686 4012 .
1713 3998 1720 4013 .
1766 3958 1798 4012 In
1822 3957 1905 4013 Italia

255 4073 285 4121 et
300 4065 465 4122 Palaestina
488 4073 518 4120 et
542 4065 603 4119 aliis
627 4064 790 4136 regionibus
814 4064 980 4135 quibusdam
1003 4063 1071 4119 satis
1094 4064 1240 4119 abundant
1263 4063 1366 4131 olivae,
1391 4064 1470 4118 cuius
1493 4063 1588 4119 fructu
1611 4065 1696 4119 ditati
1719 4066 1755 4119 ad
1780 4066 1905 4120 diversos

255 4191 320 4230 esus
343 4172 515 4229 condiendos
538 4189 594 4227 non
618 4171 747 4242 indigent
768 4171 922 4242 sagimine3
947 4171 1023 4241 quod
1047 4171 1128 4226 nobis
1151 4170 1196 4225 bic
1221 4174 1379 4226 clementer
1401 4188 1566 4226 concessum
1591 4177 1645 4238 est,
1670 4172 1833 4227 carentibus
1849 4170 1906 4242 olei

253 4279 436 4352 pinguedine.
484 4276 567 4342 Quod
595 4296 663 4334 uero
692 4278 822 4333 manibus
851 4278 1109 4359 nostrianuotidie
1140 4296 1196 4332 non
1228 4277 1397 4344 laboramus,
1430 4277 1609 4349 plurimorum
1639 4278 1700 4332 dire
1731 4278 1906 4333 stimulamur

254 4387 510 4458 redargutionibus,
541 4387 594 4442 sed
624 4385 763 4441 sincerum
793 4386 822 4439 in
849 4384 944 4440 diuino
967 4384 1044 4439 cultu
1067 4384 1192 4440 laborem
1216 4385 1355 4440 audacter
1377 4385 1534 4452 obiicimus,
1565 4402 1651 4456 quem
1673 4385 1710 4440 ab
1732 4385 1905 4440 authenticis

210 4512 236 4553 as
253 4494 405 4567 magistris,
436 4494 544 4548 diutina
573 4492 685 4548 divinae
716 4491 788 4562 legis
818 4491 1000 4548 observantia
1021 4492 1159 4562 probatis,
1182 4490 1248 4547 olim
1272 4491 1428 4546 didicimus.
1475 4491 1659 4563 Dagobertus
1682 4510 1730 4547 rer
1756 4498 1786 4547 et
1809 4491 1904 4546 Theo-

255 4601 367 4658 dericus
389 4609 473 4674 atque
496 4598 614 4655 Carolus
630 4599 751 4670 Magnus
774 4598 926 4669 imperator
947 4597 1052 4669 aliique
1076 4615 1160 4669 reges
1184 4605 1213 4653 et
1229 4597 1353 4670 Augusti
1376 4597 1513 4653 coenobia
1535 4598 1640 4654 devote
1664 4598 1851 4652 condiderunt
1876 4604 1905 4652 et

255 4708 291 4764 de
321 4709 378 4762 suis
408 4707 569 4764 redditibus
599 4706 636 4760 ad
665 4705 771 4760 victum
801 4711 831 4760 et
860 4705 996 4759 restitum
1025 4722 1168 4760 servorum
1190 4703 1247 4760 Dei
1273 4704 1397 4759 ubertim
1426 4712 1614 4775 erogaverunt
1641 4704 1905 4774 multitudinemque

255 4814 391 4870 clientum
413 4815 450 4870 sd
474 4813 615 4871 exteriora
636 4812 792 4868 ministeria
813 4810 937 4884 pleniter
961 4810 1103 4883 explenda
1125 4810 1308 4866 subiecerunt
1331 4810 1537 4882 monachosque
1568 4810 1737 4866 lectionibus
1768 4817 1798 4866 et
1821 4810 1906 4865 sacris

255 4922 428 4977 orationibus
451 4938 503 4993 pro
526 4920 635 4975 cunctis
657 4917 890 4976 benefactoribus
920 4919 978 4972 suis
1005 4925 1034 4974 et
1063 4917 1237 4974 coelestibus
1266 4918 1407 4989 mysteriis
1437 4918 1562 4972 intentos
1592 4935 1655 4973 essc
1686 4917 1904 4972 constituerunt.

210 5046 238 5086 so
255 5028 364 5084 Exinde
387 5028 546 5100 principum
569 5026 748 5081 institutione
773 5032 804 5082 et
828 5025 938 5080 diutina
961 5025 1166 5081 consuetudine
1197 5025 1333 5078 usitatum
1364 5033 1408 5079 est
1432 5025 1460 5079 in
1484 5022 1588 5090 Gallia,
1618 5032 1650 5078 ut
1673 5024 1769 5078 rustici
1793 5022 1905 5086 ruralia,

256 5135 328 5191 sicut
351 5135 448 5203 decet,
472 5139 613 5206 peragant
636 5151 725 5204 opera
749 5139 778 5189 et
799 5133 873 5187 servi
897 5130 1011 5188 servilia
1033 5131 1136 5203 passim
1160 5138 1314 5187 exerceant
1336 5149 1434 5203 opera,
1458 5130 1585 5186 monachi
1601 5138 1705 5198 sutem,
1730 5130 1778 5201 qui
1793 5137 1906 5202 sponte,

255 5242 362 5298 relictis
384 5242 467 5297 huius
489 5240 586 5295 mundi
609 5239 792 5306 vanitatibus,
824 5239 886 5312 regi
916 5255 1016 5310 regum
1037 5237 1171 5304 militant,
1202 5237 1401 5293 claustralibus
1431 5237 1521 5310 septis
1551 5244 1583 5292 ut
1610 5236 1684 5293 filiae
1708 5237 1784 5309 regis
1808 5236 1906 5308 quiete

257 5348 408 5416 insideant,
439 5365 543 5403 arcana
571 5364 669 5402 sacrae
694 5347 765 5418 legis
788 5346 913 5419 legendo
943 5344 1110 5418 perquirant
1133 5351 1172 5411 et,
1196 5344 1263 5399 inde
1287 5361 1401 5417 semper
1430 5345 1613 5410 meditantes,
1645 5342 1831 5398 taciturnitati
1855 5343 1907 5397 de·

256 5453 430 5510 lectabiliter
452 5454 592 5523 insistant,
617 5471 635 5508 a
656 5452 750 5526 pravis
775 5460 805 5507 et
827 5452 924 5508 otiosis
947 5450 1122 5506 sermonibus
1145 5467 1176 5506 os
1195 5469 1276 5505 suum
1292 5458 1454 5518 coerceant,
1478 5450 1631 5506 Davidicos
1646 5448 1764 5521 hymnos
1780 5448 1907 5519 aliasque

211 5577 238 5618 aa
256 5562 389 5633 mysticas
411 5560 619 5616 modulationes
642 5567 726 5615 nocte
751 5559 856 5630 dieque
880 5558 1003 5614 creatori
1026 5557 1175 5614 concinant
1199 5557 1318 5628 aliisque
1342 5558 1452 5613 mundis
1476 5565 1505 5613 et
1529 5556 1637 5612 idoneis
1653 5555 1764 5611 actrlsus
1780 5555 1907 5626 quotidie

256 5668 384 5740 agendis,
416 5676 500 5740 prout
523 5667 595 5723 ratio
619 5666 758 5738 exegerit,
790 5665 945 5722 secundum
967 5671 1126 5736 praecepta
1151 5665 1287 5720 maiorum
1310 5664 1470 5719 intendant.
1495 5703 1503 5718 .
1529 5703 1536 5718 .
1563 5703 1570 5718 .
1616 5663 1672 5718 Pro
1695 5663 1773 5717 rictu
1795 5662 1908 5733 proprio

256 5774 382 5832 decimae
406 5774 532 5831 fidelium
555 5774 603 5830 sel
626 5772 786 5829 oblationes
815 5770 944 5844 generali
975 5772 1146 5827 auctoritate
1178 5772 1374 5828 conceduntur
1397 5771 1506 5826 cleriels
1530 5777 1561 5826 ct
1584 5769 1640 5826 Dei
1664 5768 1806 5824 ministris.
1833 5809 1840 5822 .
1866 5808 1874 5822 .
1900 5809 1907 5822 .

256 5880 314 5937 Nos
338 5889 435 5937 autem
459 5889 489 5938 et
512 5880 610 5936 ordine
636 5887 666 5935 et
690 5877 783 5936 officio
806 5878 902 5936 clerici
925 5896 1031 5933 sumus.
1056 5918 1064 5933 .
1090 5920 1097 5933 .
1143 5877 1347 5933 Ecclesiastica
1377 5877 1463 5949 igitur
1486 5875 1627 5932 beneficis
1648 5876 1709 5932 inre
1731 5874 1909 5947 possidemus

308 5996 354 6040 Lb.
370 5996 471 6037 consuta
484 5996 514 6036 ΙΙ.
1645 5997 1695 6047 ¹05
