4884 6717
546 528 611 590 544
1015 530 1067 586 44.
1104 528 1323 587 coucmmu
1344 528 1573 586 Pamsmusn
1597 528 1634 584 A.
1655 526 1730 584 825.

546 748 630 802 quem
660 729 729 784 nihil
759 730 859 800 ntique
890 729 963 784 latet
990 758 1027 767 -
1052 728 1174 782 omnium
1205 727 1280 782 enim
1309 728 1411 782 merita
1439 727 1518 781 norit
1545 754 1595 792 —,
1630 724 1832 796 suffragatione
1867 741 1923 778 non
1955 741 2026 794 opus
2056 730 2111 789 est,
2146 723 2198 778 sed

543 843 639 892 mente
664 837 778 890 devota.

650 934 734 997 Item
757 930 961 1017 Augustinus
985 933 1018 995 in
1042 929 1125 995 libro
1149 929 1190 995 de
1213 953 1294 994 vera
1317 909 1491 1017 religione:
1515 934 1696 1005 nullum1‚
1721 929 1835 1015 inquit,
1861 955 1985 993 errorem
2008 936 2197 1010 inreligiose

544 1068 607 1106 esse
630 1050 769 1122 potuisse,
802 1050 825 1104 si
848 1050 941 1104 anima
970 1065 1021 1119 pro
1045 1048 1108 1102 Deo
1131 1064 1181 1102 suo
1205 1064 1261 1102 non
1285 1047 1393 1103 coleret
1417 1047 1536 1102 animam
1559 1053 1609 1101 aut
1633 1062 1733 1117 corpus
1757 1051 1807 1099 aut
1830 1043 2001 1100 fantasmata
2031 1062 2093 1110 sna,
2124 1062 2197 1115 quae

543 1157 612 1211 nihil
635 1164 701 1211 sunt
725 1156 802 1211 aliud
826 1174 911 1226 qnam
935 1156 970 1209 de
995 1155 1090 1226 specie
1115 1154 1238 1225 corporis
1262 1170 1397 1225 corporeo
1420 1171 1505 1209 sensu
1529 1154 1659 1208 adtracta
1681 1150 1827 1224 figmenta.
2216 1157 2230 1197 ⁶

649 1255 732 1318 Item
756 1255 789 1316 in
814 1252 946 1316 eodem:
979 1257 1064 1322 Non?
1087 1262 1123 1314 sit
1153 1261 1234 1315 nobis
1264 1261 1363 1332 religio
1393 1261 1575 1315 humanorum
1598 1276 1715 1330 operum
1738 1263 1843 1313 cultus.
1890 1258 2024 1314 Meliores
2048 1258 2121 1314 enim
2145 1259 2197 1329 ipsi

543 1370 677 1437 artifices,
702 1371 750 1442 qui
774 1369 843 1424 talia
865 1368 1076 1434 fabricantur,
1102 1385 1171 1439 quos
1195 1375 1291 1422 tamen
1315 1366 1409 1422 colere
1433 1385 1490 1421 nou
1512 1367 1659 1422 debemus.
1695 1366 1759 1421 Non
1774 1367 1812 1420 sit
1827 1365 1908 1420 nobis
1924 1365 2025 1436 religio
2040 1366 2070 1419 in
2089 1364 2197 1420 fantas-

542 1479 664 1532 matibus
688 1477 801 1532 nostris.
848 1476 951 1531 Melius
976 1484 1034 1531 est
1057 1475 1131 1530 enirn
1155 1474 1362 1545 qualecumque
1386 1491 1483 1528 verum
1508 1491 1591 1545 quam
1614 1491 1706 1538 omne,
1739 1473 1873 1544 quicquid
1903 1490 1955 1544 pro
1985 1472 2101 1527 arbitrio
2129 1470 2198 1543 tingi

542 1593 649 1658 potest,
675 1591 705 1640 et
729 1593 825 1639 tamen
848 1584 967 1638 animam
991 1583 1089 1653 ipsam,
1123 1582 1250 1652 quamvis
1273 1581 1365 1635 anima
1387 1599 1456 1636 vera
1479 1581 1525 1646 sit,
1557 1598 1619 1634 cum
1642 1579 1715 1635 falsa
1737 1579 1916 1651 imaginatur,
1948 1579 2041 1634 colere
2065 1596 2121 1634 non
2145 1579 2196 1633 dc-

543 1694 651 1748 bemus.
699 1690 801 1745 Melior
831 1697 876 1745 est
905 1706 974 1743 vera
1004 1688 1110 1760 stipula
1140 1706 1224 1758 quam
1254 1687 1301 1741 lux
1330 1687 1408 1742 inani
1431 1687 1602 1759 cogitatione
1626 1704 1677 1757 pro
1700 1686 1871 1757 suspicantis
1894 1686 2042 1742 voluntate
2066 1685 2196 1752 formata,
2217 1701 2243 1739 ro

546 1808 575 1855 et
599 1807 695 1853 tamen
718 1796 861 1868 stipulam,
886 1814 969 1866 quam
993 1796 1129 1850 sentimus
1154 1801 1184 1849 et
1207 1795 1359 1865 tangimus,
1383 1794 1525 1851 dementis
1550 1801 1594 1848 est
1618 1794 1735 1848 credere
1760 1792 1918 1847 colendam.

651 1895 732 1959 Item
764 1894 851 1958 idem
882 1895 914 1956 in
944 1892 1027 1957 libro
1052 1892 1094 1955 X.
1127 1891 1167 1955 de
1200 1892 1332 1955 civitate
1355 1890 1438 1954 Dei:
1470 1895 1584 1954 Multa³
1607 1900 1731 1970 denique
1763 1900 1799 1954 de
1831 1899 1910 1954 cultu
1940 1900 2035 1954 divino
2061 1905 2198 1971 usurpata

543 2019 620 2078 sunt,
652 2030 726 2083 quae
751 2012 902 2066 honoribus
927 2009 1109 2065 deferrentur
1138 2008 1275 2074 humanis,
1307 2008 1366 2063 sive
1397 2007 1554 2062 humilitate
1585 2007 1670 2061 nimia
1695 2007 1754 2061 siue
1785 2006 1945 2061 adolatione
1975 2005 2126 2077 pestifera,
2157 2007 2198 2061 ita

543 2128 640 2175 tamen
662 2127 694 2174 ut
718 2119 820 2189 quibus
844 2136 879 2172 ea
902 2115 1086 2171 deferrentur
1108 2115 1234 2169 homines
1254 2114 1440 2180 haberentur,
1465 2113 1514 2184 qui
1537 2114 1671 2168 dicuntur
1693 2113 1806 2168 colendi
1826 2119 1856 2167 et
1871 2113 2038 2180 venerandi,
2062 2113 2086 2167 si
2101 2119 2197 2168 autem

543 2228 662 2282 multum
687 2227 726 2282 cis
750 2227 874 2291 additur,
899 2223 1044 2279 adorandi.
1092 2221 1162 2286 Quis
1185 2238 1253 2276 vero
1277 2220 1491 2276 sacrificandum
1521 2221 1633 2275 censuit
1662 2220 1716 2274 nisi
1744 2219 1781 2286 ci,
1812 2236 1896 2289 quem
1919 2220 2013 2274 Deum
2043 2227 2093 2274 aut
2116 2220 2197 2275 scivit
2216 2232 2242 2272 rs

543 2342 593 2388 ant
615 2336 728 2405 putarit
751 2341 799 2387 aut
823 2331 925 2386 finxit?

649 2430 735 2494 Item
759 2431 792 2492 in
817 2428 933 2493 eodem
956 2426 1039 2491 libro
1064 2428 1269 2513 questionum
1292 2424 1521 2489 LXXXIIII.:
1552 2429 1728 2489 Minoribus⁴
1751 2433 1838 2489 rebus
1860 2434 1973 2488 intenta
1994 2433 2096 2500 anima,
2127 2450 2197 2504 quas

542 2566 594 2619 per
617 2565 720 2618 corpus
744 2544 928 2617 corporaliter
950 2544 1029 2610 facit,
1054 2545 1145 2597 minus
1169 2542 1282 2597 inheret
1305 2543 1360 2612 ipsi
1382 2559 1506 2596 summae
1531 2541 1705 2612 sapientiae,
1735 2541 1783 2612 qui
1806 2558 1874 2596 vero
1898 2539 1967 2595 talia
1989 2557 2077 2611 opera
2101 2540 2197 2595 colunt

542 2661 679 2726 qnantum
702 2653 881 2708 deviaverint
904 2669 922 2705 a
944 2651 1079 2718 veritate,
1109 2650 1173 2704 hinc
1197 2649 1320 2721 intelligi
1343 2656 1450 2720 potest,
1482 2648 1557 2719 quia,
1588 2648 1612 2702 si
1642 2648 1704 2719 ipsa
1733 2646 1894 2702 animalium
1917 2663 2034 2718 corpora
2056 2647 2195 2713 colerent,

542 2779 615 2833 quae
647 2760 736 2814 multo
770 2758 959 2814 excellentius
992 2758 1132 2812 fabricata
1163 2765 1230 2811 sunt
1263 2764 1293 2811 et
1326 2772 1442 2826 qnorum
1474 2761 1541 2808 sunt
1574 2754 1622 2808 illa
1654 2754 1839 2820 imitamenta,
1876 2754 1944 2825 quid
1980 2754 2020 2808 eis
2055 2753 2196 2809 infelicius
2215 2768 2242 2806 rc

542 2867 721 2923 diceremus?

648 2965 731 3029 Item
766 2962 829 3027 ibi:
868 2967 954 3035 Qua⁵
983 2973 1093 3027 ratione
1126 2988 1216 3042 qnare
1248 2971 1418 3025 auctoritate
1449 2969 1585 3040 imagines
1614 2968 1778 3040 angelorum
1808 2967 1856 3022 vel
1887 2967 2004 3022 aliorum
2036 2975 2195 3022 sanctorum

541 3081 702 3136 adorandae
730 3081 787 3134 sint
817 3080 916 3150 cisque
949 3080 1095 3133 incensum
1123 3077 1286 3149 ponendum
1314 3077 1346 3130 et
1368 3065 1541 3130 luminaria
1564 3063 1803 3145 concinnanda,
1827 3092 1890 3129 curn
1913 3074 1967 3144 ipsi
1990 3075 2081 3128 sancti
2101 3072 2196 3146 angeli

542 3194 588 3243 vel
612 3187 703 3243 sancti
726 3188 852 3241 homines
876 3205 906 3241 se
931 3186 1040 3240 adorari
1063 3175 1235 3238 vetuerint.

647 3282 745 3349 Unde
769 3282 884 3347 beatus
908 3283 1110 3368 Augustinus
1133 3282 1166 3344 in
1190 3279 1274 3345 libro
1299 3280 1341 3344 X.
1367 3279 1407 3343 de
1432 3280 1563 3343 civitate
1587 3278 1652 3343 Dei
1675 3279 1760 3342 inter
1783 3289 1914 3342 caetera
1937 3280 1984 3343 sic
2012 3280 2073 3342 ait:
2105 3288 2194 3342 Puta·
2214 3302 2241 3341 so

542 3396 669 3457 verunt⁶
692 3401 807 3471 qnidam
830 3399 1019 3455 deferendum
1041 3399 1175 3454 honorem
1198 3396 1307 3469 angelis
1331 3396 1378 3452 vel
1401 3396 1544 3451 adorando
1567 3396 1614 3450 rel
1637 3394 1830 3464 sacrificando,
1856 3395 1904 3465 qui
1928 3395 2052 3450 debetur
2065 3394 2140 3462 Deo,
2166 3403 2195 3451 et

542 3526 639 3564 eorum
662 3513 728 3561 sunt
752 3507 949 3561 ammonitione
973 3506 1107 3577 prohibiti
1132 3505 1256 3575 iussique
1280 3504 1332 3559 hoc
1357 3502 1470 3558 deterre
1493 3504 1530 3569 ei,
1547 3503 1591 3557 cui
1607 3503 1655 3557 uni
1671 3501 1715 3556 fas
1731 3519 1794 3558 esse
1812 3509 1960 3557 noverunt.
1999 3501 2105 3556 Imitati
2128 3509 2195 3556 sunt

541 3616 658 3687 angelos
682 3623 793 3668 sanctos
818 3614 903 3668 ctiam
927 3613 1053 3668 homines
1077 3612 1167 3666 sancti
1191 3612 1258 3666 Dei.
1305 3611 1378 3665 Nam
1401 3609 1506 3664 Paulus
1530 3617 1560 3664 et
1583 3608 1729 3664 Barnabas
1753 3609 1781 3662 in
1805 3609 1949 3680 Lycaonia
1972 3608 2048 3663 facto
2072 3609 2194 3680 quodam

493 3709 498 3719 ’
542 3721 676 3777 miraculo
699 3722 828 3776 sanitatis
852 3722 945 3792 putati
969 3727 1034 3774 sunt
1059 3720 1108 3786 dii,
1134 3720 1232 3789 cisque
1249 3718 1383 3790 Lycaonii
1404 3717 1531 3770 victimas
1552 3715 1693 3771 immolare
1718 3715 1879 3782 voluerunt,
1904 3716 1980 3786 quod
2004 3733 2020 3771 a
2043 3734 2074 3771 se
2097 3715 2194 3770 humili

542 3832 652 3902 pietate
677 3839 856 3885 removentes
881 3829 931 3895 eis,
956 3828 985 3881 in
1009 3845 1093 3898 quem
1116 3827 1278 3892 crederent,
1303 3825 1543 3880 annuntiaverunt
1566 3823 1670 3877 Deum.
2213 3842 2241 3882 ω

648 3927 692 3990 Et
715 3937 788 4013 post
810 3948 933 4012 paueat
960 3927 1186 4004 Quaecumque7
1209 3933 1296 4004 igitur
1318 3931 1481 3986 immortalis
1504 3937 1643 4001 potestas,
1661 3930 1840 4000 quantalibet
1860 3937 2058 4002 potestate
2075 3930 2112 3984 sit
2127 3947 2194 4001 pre·

542 4044 612 4106 dita,
643 4044 667 4097 si
690 4060 739 4097 nos
764 4042 857 4114 diligit
880 4042 953 4095 sicut
977 4059 1007 4095 se
1032 4042 1129 4111 ipsam,
1162 4040 1188 4093 ei
1218 4038 1280 4092 vult
1310 4056 1373 4092 esse
1397 4037 1536 4103 subditos,
1568 4043 1600 4092 ut
1629 4037 1706 4091 beati
1738 4038 1833 4104 simus,
1865 4039 1910 4092 cui
1941 4045 1972 4093 et
1995 4037 2057 4108 ipsa
2079 4037 2194 4092 subdita

541 4150 626 4205 beata
650 4157 705 4204 est.
745 4147 775 4203 Si
799 4166 866 4220 ergo
890 4166 944 4202 non
970 4148 1036 4202 colit
1059 4148 1164 4212 Deum,
1188 4147 1291 4200 misera
1315 4152 1369 4211 est,
1394 4145 1460 4215 quia
1482 4145 1609 4214 privatur
1631 4144 1706 4198 Deo.
1748 4142 1778 4198 Si
1801 4151 1897 4199 autent
1920 4145 1987 4199 colit
2010 4145 2114 4211 Deum,
2138 4160 2193 4198 non

540 4258 602 4311 vult
625 4275 655 4311 se
679 4256 734 4310 coli
756 4272 807 4327 pro
830 4256 904 4310 Dco.
939 4254 984 4308 Illi
1009 4254 1082 4308 enim
1105 4254 1200 4325 potius
1224 4252 1335 4306 divinae
1359 4251 1521 4306 sententiae
1545 4249 1715 4321 suffragatur
1738 4255 1768 4305 et
1792 4251 1952 4306 dilectionis
1975 4251 2080 4306 viribus
2103 4251 2192 4318 favet,

409 4368 521 4411 cenred.
542 4365 608 4435 quia
630 4364 766 4434 scriptum
791 4368 851 4416 est:
878 4359 1055 4437 Sacrificant
1078 4359 1131 4415 diis
1155 4356 1353 4428 audeatur,
1378 4356 1434 4413 nisi
1456 4355 1531 4412 Deo
1554 4355 1614 4412 soli.
1650 4357 1731 4424 Nam,
1757 4364 1789 4411 ut
1805 4357 1986 4414 aliataceam
2009 4376 2094 4424 nune,
2119 4376 2192 4430 quae
2212 4375 2239 4415 st

426 4424 503 4476 raso.

540 4471 688 4543 pertinent
718 4469 755 4523 ad
785 4468 927 4539 religionis
957 4468 1134 4538 obsequium,
1167 4482 1223 4537 quo
1253 4465 1354 4520 colitur
1383 4466 1474 4530 Deus,
1502 4462 1669 4518 sacrificium
1691 4472 1770 4520 carte
1794 4464 1888 4519 nullus
1911 4465 2053 4520 hominum
2077 4472 2121 4521 est
2144 4465 2193 4536 qui

541 4578 647 4633 audeat
670 4577 766 4630 dicere
790 4576 890 4631 deberi
913 4575 965 4629 nisi
988 4574 1040 4628 soli
1062 4575 1136 4628 Deo.

648 4674 731 4738 Item
755 4674 789 4736 in
813 4672 926 4736 eodem
951 4672 984 4735 in
1008 4672 1211 4757 expositione
1235 4666 1507 4755 psalmicum:
1531 4673 1689 4733 Homines⁸
1712 4685 1808 4733 autem
1830 4686 1942 4732 sanctos
1966 4678 2123 4744 adtendite,
2144 4677 2192 4749 qui

541 4799 607 4845 sunt
631 4791 735 4846 similes
759 4789 878 4861 angelis.
927 4786 996 4841 Cum
1027 4787 1169 4842 inveneris
1198 4785 1339 4839 hominem
1369 4784 1493 4854 aliquem
1519 4791 1648 4839 sanctum
1677 4801 1788 4838 serrum
1810 4784 1877 4851 Dei,
1909 4785 1933 4839 si
1962 4784 2085 4840 volucris
2114 4784 2192 4839 illum

649 4958 758 5025 3vera]
778 4970 871 5013 vetera
891 4962 917 5011 1'.
986 4962 1157 5026 lpotnisset
1176 4959 1202 5009 V.
1271 4957 1524 5023 Squalemcumqno
1541 4956 1569 5005 V.
1636 4958 1761 5008 tianima
1780 4960 1840 5023 ipsa
1859 4957 1887 5009 V.
1956 4957 2158 5008 13deferentur
2176 4958 2241 5007 l'so

540 5052 580 5103 hic
598 5061 621 5102 et
638 5052 719 5117 iufra.
795 5052 825 5102 17
847 5045 927 5113 Item]
947 5050 1118 5099 LXXXIIII.
1133 5048 1276 5114 praemittit
1295 5047 1321 5095 V.
1394 5040 1576 5109 Lxxxlml
1595 5045 1640 5096 troc
1658 5047 1709 5097 loeo
1726 5046 1792 5097 deest
1810 5046 1837 5095 V.
1913 5049 1945 5097 19
1968 5048 2147 5099 deviaverunt
2165 5047 2192 5096 V.

542 5145 576 5194 20
595 5136 674 5206 quae]
694 5156 817 5205 quaeque
838 5140 864 5189 Γ,
950 5137 1050 5189 multos
1071 5138 1098 5186 V.
1188 5139 1221 5187 23
1241 5142 1305 5186 sunt
1324 5135 1352 5186 V.
1443 5137 1476 5185 25
1495 5128 1539 5199 X.]
1558 5135 1607 5185 XI.
1627 5135 1655 5184 V.
1746 5137 1780 5186 26
1799 5130 1927 5201 quilque
1947 5136 1975 5186 V.
2066 5138 2100 5187 32
2120 5137 2193 5187 beati

541 5226 637 5293 simus]
659 5231 831 5281 beatissimos
851 5229 878 5277 V.
970 5230 1003 5277 33
1023 5221 1093 5290 Deo]
1114 5243 1130 5277 a
1148 5227 1209 5275 Deo
1230 5225 1256 5275 V.
1349 5225 1382 5274 35
1402 5218 1467 5289 qua]
1486 5226 1551 5290 quia
1571 5224 1598 5274 V.
1690 5223 1852 5275 Sacrificant
1872 5220 1934 5290 diis]
1954 5225 2145 5277 Sacrificandis
2166 5225 2193 5275 V.

543 5322 576 5371 36
595 5314 658 5385 quo]
677 5319 749 5384 quod
769 5318 796 5366 Γ.
870 5311 986 5383 estqui]
1006 5318 1067 5381 quis
1087 5315 1114 5364 V.
1188 5317 1220 5366 37
1241 5313 1340 5365 debers
1361 5313 1388 5362 V.

652 5457 681 5540 1)
704 5465 735 5520 V.
759 5483 849 5539 supra
867 5483 901 5539 p.
919 5467 979 5522 493
1003 5464 1020 5519 l.
1043 5467 1083 5520 33
1098 5481 1159 5537 sqq.
1259 5458 1289 5528 2)
1312 5459 1343 5515 V.
1368 5479 1458 5535 supra
1476 5481 1509 5536 p.
1526 5465 1588 5520 493
1611 5461 1629 5516 l.
1648 5464 1688 5520 36
1699 5480 1760 5537 sqq.
1864 5451 1894 5538 3)
1917 5460 1949 5517 V.
1972 5480 2063 5536 supra
2081 5481 2114 5537 p.
2131 5464 2192 5521 494
2212 5483 2241 5522 ss

542 5573 560 5627 l.
581 5574 676 5647 taqq.
768 5563 799 5648 4)
822 5570 854 5626 V.
870 5589 961 5645 aspra
979 5591 1011 5645 p.
1029 5572 1089 5628 494
1113 5570 1131 5624 l.
1153 5571 1248 5643 9sqq.
1336 5558 1367 5644 5)
1390 5566 1422 5622 V.
1438 5586 1528 5642 supra
1546 5587 1579 5642 p.
1596 5569 1657 5627 494
1680 5569 1698 5624 l.
1719 5571 1757 5627 14
1772 5587 1845 5644 sqq,
1868 5569 1922 5624 aed
1940 5567 2026 5624 verba
2049 5587 2106 5625 aon
2129 5577 2195 5627 emt

542 5676 700 5754 Augustini,
735 5685 766 5733 at
794 5684 968 5751 putaverunt
998 5675 1192 5751 epitomatorea
1221 5667 1277 5748 (cf.
1301 5674 1374 5730 Item
1397 5670 1458 5749 ibi),
1493 5675 1545 5730 sed
1565 5693 1585 5730 a
1613 5673 1793 5748 synodalibus
1816 5671 2024 5732 Parioimuibus
2052 5675 2195 5751 constater

542 5805 568 5841 v.
594 5784 676 5840 etiarn
695 5803 728 5859 p.
746 5789 808 5842 529
831 5785 850 5838 I.
868 5786 908 5841 49
919 5802 991 5859 sqq,
1015 5781 1061 5837 ubi
1076 5780 1220 5837 Ambrosio
1244 5779 1452 5838 adscribuntur.
1530 5771 1561 5856 6)
1584 5780 1616 5837 V.
1639 5799 1729 5855 supra
1747 5800 1780 5856 p.
1797 5784 1858 5842 494
1879 5783 1897 5837 l.
1916 5785 1956 5841 18
1967 5800 2028 5857 sqq.
2106 5773 2137 5861 7)
2162 5782 2192 5838 V.

541 5910 633 5966 supra
650 5910 684 5966 p.
702 5894 762 5949 494
781 5891 799 5946 l.
816 5897 930 5965 23aqq.
1022 5881 1053 5964 8)
1076 5887 1107 5943 V.
1131 5907 1221 5963 supra
1240 5907 1273 5962 p.
1290 5890 1351 5946 494
1374 5888 1392 5942 l.
1411 5889 1451 5944 39
1461 5906 1522 5962 sqq.
