<?xml version="1.0" encoding="UTF-8"?>
<!DOCTYPE html PUBLIC "-//W3C//DTD XHTML 1.0 Transitional//EN"
    "http://www.w3.org/TR/xhtml1/DTD/xhtml1-transitional.dtd">
<html xmlns="http://www.w3.org/1999/xhtml" xml:lang="en" lang="en">
 <head>
  <title>
</title>
<meta http-equiv="Content-Type" content="text/html;charset=utf-8" />
  <meta name='ocr-system' content='tesseract 3.04.00' />
  <meta name='ocr-capabilities' content='ocr_page ocr_carea ocr_par ocr_line ocrx_word'/>
</head>
<body>
  <div class='ocr_page' id='page_1' title='image "./monumentagerman02gescgoog/monumentagerman02gescgoog_0127.png"; bbox 0 0 4884 6717; ppageno 0'>
   <div class='ocr_carea' id='block_1_1' title="bbox 715 506 1901 573">
    <p class='ocr_par' dir='ltr' id='par_1_1' title="bbox 715 506 1901 573">
     <span class='ocr_line' id='line_1_1' title="bbox 715 506 1901 573; baseline 0 -3"><span class='ocrx_word' id='word_1_1' title='bbox 715 515 767 571; x_wconf 80' lang='lat'><strong>44.</strong></span> <span class='ocrx_word' id='word_1_2' title='bbox 804 514 1023 572; x_wconf 84' lang='lat' dir='ltr'><strong>CONCILIUM</strong></span> <span class='ocrx_word' id='word_1_3' title='bbox 1045 514 1276 573; x_wconf 76' lang='lat' dir='ltr'>PARISIENSE</span> <span class='ocrx_word' id='word_1_4' title='bbox 1300 515 1336 571; x_wconf 74' lang='lat' dir='ltr'><strong>A.</strong></span> <span class='ocrx_word' id='word_1_5' title='bbox 1361 514 1435 572; x_wconf 82' lang='lat'><strong>825.</strong></span> <span class='ocrx_word' id='word_1_6' title='bbox 1836 506 1901 570; x_wconf 83' lang='grc'><strong>539</strong></span> 
     </span>
    </p>
   </div>
   <div class='ocr_carea' id='block_1_2' title="bbox 202 708 1901 2069">
    <p class='ocr_par' dir='ltr' id='par_1_2' title="bbox 209 708 1901 1317">
     <span class='ocr_line' id='line_1_2' title="bbox 245 708 1901 785; baseline -0.004 -15"><span class='ocrx_word' id='word_1_7' title='bbox 245 714 320 770; x_wconf 87' lang='lat' dir='ltr'><strong>enim</strong></span> <span class='ocrx_word' id='word_1_8' title='bbox 343 714 505 785; x_wconf 75' lang='lat' dir='ltr'>agnovisset</span> <span class='ocrx_word' id='word_1_9' title='bbox 536 713 564 766; x_wconf 94' lang='lat' dir='ltr'><strong>in</strong></span> <span class='ocrx_word' id='word_1_10' title='bbox 588 710 730 768; x_wconf 85' lang='lat' dir='ltr'><strong>Caesarea</strong></span> <span class='ocrx_word' id='word_1_11' title='bbox 755 711 879 783; x_wconf 91' lang='lat' dir='ltr'><strong>Philippi</strong></span> <span class='ocrx_word' id='word_1_12' title='bbox 910 712 1026 767; x_wconf 79' lang='lat' dir='ltr'><strong>civitate</strong></span> <span class='ocrx_word' id='word_1_13' title='bbox 1051 713 1195 779; x_wconf 81' lang='lat' dir='ltr'><strong>Feniciae,</strong></span> <span class='ocrx_word' id='word_1_14' title='bbox 1224 730 1308 783; x_wconf 90' lang='lat' dir='ltr'><strong>quam</strong></span> <span class='ocrx_word' id='word_1_15' title='bbox 1330 711 1455 767; x_wconf 80' lang='lat' dir='ltr'><strong>Pansam</strong></span> <span class='ocrx_word' id='word_1_16' title='bbox 1479 712 1629 777; x_wconf 81' lang='lat' dir='ltr'><strong>vocabant,</strong></span> <span class='ocrx_word' id='word_1_17' title='bbox 1661 711 1770 782; x_wconf 77' lang='lat' dir='ltr'><strong>insigne</strong></span> <span class='ocrx_word' id='word_1_18' title='bbox 1795 708 1901 764; x_wconf 76' lang='lat' dir='ltr'>Christi</span> 
     </span>
     <span class='ocr_line' id='line_1_3' title="bbox 221 816 1900 892; baseline 0 -20"><span class='ocrx_word' id='word_1_19' title='bbox 221 857 224 872; x_wconf 79' lang='lat'><strong>.</strong></span> <span class='ocrx_word' id='word_1_20' title='bbox 247 839 311 876; x_wconf 90' lang='lat' dir='ltr'><strong>esse</strong></span> <span class='ocrx_word' id='word_1_21' title='bbox 334 820 522 884; x_wconf 80' lang='lat' dir='ltr'><strong>simulacrum,</strong></span> <span class='ocrx_word' id='word_1_22' title='bbox 553 819 629 892; x_wconf 90' lang='lat' dir='ltr'><strong>quod</strong></span> <span class='ocrx_word' id='word_1_23' title='bbox 659 819 803 890; x_wconf 87' lang='lat' dir='ltr'><strong>sanguinis</strong></span> <span class='ocrx_word' id='word_1_24' title='bbox 832 817 954 875; x_wconf 87' lang='lat' dir='ltr'><strong>liberata</strong></span> <span class='ocrx_word' id='word_1_25' title='bbox 983 818 1119 891; x_wconf 88' lang='lat' dir='ltr'><strong>profluvio</strong></span> <span class='ocrx_word' id='word_1_26' title='bbox 1143 819 1360 884; x_wconf 86' lang='lat' dir='ltr'><strong>constituerat,</strong></span> <span class='ocrx_word' id='word_1_27' title='bbox 1393 836 1427 873; x_wconf 94' lang='lat' dir='ltr'><strong>eo</strong></span> <span class='ocrx_word' id='word_1_28' title='bbox 1458 818 1588 889; x_wconf 88' lang='lat' dir='ltr'><strong>deposito</strong></span> <span class='ocrx_word' id='word_1_29' title='bbox 1612 835 1691 872; x_wconf 80' lang='lat' dir='ltr'><strong>suani</strong></span> <span class='ocrx_word' id='word_1_30' title='bbox 1713 816 1753 871; x_wconf 91' lang='lat' dir='ltr'><strong>ibi</strong></span> <span class='ocrx_word' id='word_1_31' title='bbox 1776 823 1900 872; x_wconf 85' lang='lat' dir='ltr'><strong>statuam</strong></span> 
     </span>
     <span class='ocr_line' id='line_1_4' title="bbox 246 924 1901 997; baseline -0.002 -15"><span class='ocrx_word' id='word_1_32' title='bbox 246 927 403 982; x_wconf 84' lang='lat' dir='ltr'><strong>collocarit.</strong></span> <span class='ocrx_word' id='word_1_33' title='bbox 451 924 533 990; x_wconf 85' lang='lat' dir='ltr'><strong>Quae</strong></span> <span class='ocrx_word' id='word_1_34' title='bbox 564 926 688 981; x_wconf 88' lang='lat' dir='ltr'><strong>violento</strong></span> <span class='ocrx_word' id='word_1_35' title='bbox 718 926 784 997; x_wconf 83' lang='lat' dir='ltr'><strong>igne</strong></span> <span class='ocrx_word' id='word_1_36' title='bbox 815 925 852 981; x_wconf 92' lang='lat' dir='ltr'><strong>de</strong></span> <span class='ocrx_word' id='word_1_37' title='bbox 883 926 963 981; x_wconf 88' lang='lat' dir='ltr'><strong>caelo</strong></span> <span class='ocrx_word' id='word_1_38' title='bbox 994 926 1116 981; x_wconf 77' lang='lat' dir='ltr'><strong>cadente</strong></span> <span class='ocrx_word' id='word_1_39' title='bbox 1147 927 1223 981; x_wconf 91' lang='lat' dir='ltr'><strong>circa</strong></span> <span class='ocrx_word' id='word_1_40' title='bbox 1252 925 1313 979; x_wconf 90' lang='lat' dir='ltr'><strong>eius</strong></span> <span class='ocrx_word' id='word_1_41' title='bbox 1342 931 1443 996; x_wconf 86' lang='lat' dir='ltr'><strong>pectus</strong></span> <span class='ocrx_word' id='word_1_42' title='bbox 1474 924 1564 978; x_wconf 89' lang='lat' dir='ltr'><strong>divisa</strong></span> <span class='ocrx_word' id='word_1_43' title='bbox 1593 931 1638 979; x_wconf 90' lang='lat' dir='ltr'><strong>est</strong></span> <span class='ocrx_word' id='word_1_44' title='bbox 1667 931 1697 978; x_wconf 93' lang='lat' dir='ltr'><strong>et</strong></span> <span class='ocrx_word' id='word_1_45' title='bbox 1728 931 1814 995; x_wconf 89' lang='lat' dir='ltr'><strong>caput</strong></span> <span class='ocrx_word' id='word_1_46' title='bbox 1837 941 1901 978; x_wconf 91' lang='lat' dir='ltr'><strong>cum</strong></span> 
     </span>
     <span class='ocr_line' id='line_1_5' title="bbox 246 1029 1900 1104; baseline -0.002 -16"><span class='ocrx_word' id='word_1_47' title='bbox 246 1034 356 1090; x_wconf 81' lang='lat' dir='ltr'><strong>cervice</strong></span> <span class='ocrx_word' id='word_1_48' title='bbox 380 1052 437 1088; x_wconf 89' lang='lat' dir='ltr'><strong>una</strong></span> <span class='ocrx_word' id='word_1_49' title='bbox 459 1039 541 1104; x_wconf 88' lang='lat' dir='ltr'><strong>parte</strong></span> <span class='ocrx_word' id='word_1_50' title='bbox 565 1033 710 1088; x_wconf 88' lang='lat' dir='ltr'><strong>delectum</strong></span> <span class='ocrx_word' id='word_1_51' title='bbox 733 1039 821 1103; x_wconf 88' lang='lat' dir='ltr'><strong>atque</strong></span> <span class='ocrx_word' id='word_1_52' title='bbox 845 1033 874 1086; x_wconf 93' lang='lat' dir='ltr'><strong>in</strong></span> <span class='ocrx_word' id='word_1_53' title='bbox 897 1041 976 1088; x_wconf 87' lang='lat' dir='ltr'><strong>terra</strong></span> <span class='ocrx_word' id='word_1_54' title='bbox 998 1032 1099 1100; x_wconf 73' lang='lat' dir='ltr'><strong>fixum,</strong></span> <span class='ocrx_word' id='word_1_55' title='bbox 1129 1033 1241 1103; x_wconf 87' lang='lat' dir='ltr'><strong>reliqua</strong></span> <span class='ocrx_word' id='word_1_56' title='bbox 1271 1049 1339 1086; x_wconf 89' lang='lat' dir='ltr'><strong>vero</strong></span> <span class='ocrx_word' id='word_1_57' title='bbox 1369 1049 1435 1102; x_wconf 88' lang='lat' dir='ltr'><strong>pars</strong></span> <span class='ocrx_word' id='word_1_58' title='bbox 1463 1037 1582 1086; x_wconf 88' lang='lat' dir='ltr'><strong>actenus</strong></span> <span class='ocrx_word' id='word_1_59' title='bbox 1612 1030 1720 1085; x_wconf 80' lang='lat' dir='ltr'><strong>restitit</strong></span> <span class='ocrx_word' id='word_1_60' title='bbox 1751 1037 1781 1084; x_wconf 90' lang='lat' dir='ltr'><strong>et</strong></span> <span class='ocrx_word' id='word_1_61' title='bbox 1804 1029 1900 1084; x_wconf 86' lang='lat' dir='ltr'><strong>fulmi-</strong></span> 
     </span>
     <span class='ocr_line' id='line_1_6' title="bbox 209 1135 1900 1210; baseline -0.004 -12"><span class='ocrx_word' id='word_1_62' title='bbox 209 1141 327 1199; x_wconf 88' lang='lat' dir='ltr'><strong>snibus</strong></span> <span class='ocrx_word' id='word_1_63' title='bbox 362 1141 466 1195; x_wconf 89' lang='lat' dir='ltr'><strong>indicia</strong></span> <span class='ocrx_word' id='word_1_64' title='bbox 499 1140 666 1194; x_wconf 78' lang='lat' dir='ltr'><strong>reservavit.</strong></span> <span class='ocrx_word' id='word_1_65' title='bbox 724 1137 854 1194; x_wconf 78' lang='lat' dir='ltr'><strong>Statuam</strong></span> <span class='ocrx_word' id='word_1_66' title='bbox 887 1157 955 1194; x_wconf 90' lang='lat' dir='ltr'><strong>vero</strong></span> <span class='ocrx_word' id='word_1_67' title='bbox 987 1137 1092 1193; x_wconf 88' lang='lat' dir='ltr'><strong>Christi</strong></span> <span class='ocrx_word' id='word_1_68' title='bbox 1127 1147 1195 1194; x_wconf 91' lang='lat' dir='ltr'><strong>tunc</strong></span> <span class='ocrx_word' id='word_1_69' title='bbox 1226 1139 1340 1210; x_wconf 91' lang='lat' dir='ltr'><strong>quidem</strong></span> <span class='ocrx_word' id='word_1_70' title='bbox 1369 1138 1474 1209; x_wconf 88' lang='lat' dir='ltr'><strong>pagani</strong></span> <span class='ocrx_word' id='word_1_71' title='bbox 1508 1137 1657 1192; x_wconf 81' lang='lat' dir='ltr'><strong>trahentes</strong></span> <span class='ocrx_word' id='word_1_72' title='bbox 1687 1135 1900 1208; x_wconf 84' lang='lat' dir='ltr'><strong>confregerunt.</strong></span> 
     </span>
     <span class='ocr_line' id='line_1_7' title="bbox 246 1244 1681 1317; baseline -0.001 -17"><span class='ocrx_word' id='word_1_73' title='bbox 246 1246 351 1302; x_wconf 85' lang='lat' dir='ltr'><strong>Postea</strong></span> <span class='ocrx_word' id='word_1_74' title='bbox 373 1264 440 1302; x_wconf 90' lang='lat' dir='ltr'><strong>vero</strong></span> <span class='ocrx_word' id='word_1_75' title='bbox 464 1245 617 1301; x_wconf 81' lang='lat' dir='ltr'><strong>Christiani</strong></span> <span class='ocrx_word' id='word_1_76' title='bbox 640 1244 809 1317; x_wconf 80' lang='lat' dir='ltr'><strong>colligentes</strong></span> <span class='ocrx_word' id='word_1_77' title='bbox 833 1247 860 1299; x_wconf 92' lang='lat' dir='ltr'><strong>iu</strong></span> <span class='ocrx_word' id='word_1_78' title='bbox 885 1245 1022 1301; x_wconf 84' lang='lat' dir='ltr'><strong>ecclesia</strong></span> <span class='ocrx_word' id='word_1_79' title='bbox 1044 1246 1264 1312; x_wconf 90' lang='lat' dir='ltr'><strong>condiderunt,</strong></span> <span class='ocrx_word' id='word_1_80' title='bbox 1289 1262 1344 1316; x_wconf 87' lang='lat' dir='ltr'><strong>quo</strong></span> <span class='ocrx_word' id='word_1_81' title='bbox 1368 1251 1485 1298; x_wconf 89' lang='lat' dir='ltr'><strong>actenus</strong></span> <span class='ocrx_word' id='word_1_82' title='bbox 1508 1249 1681 1299; x_wconf 88' lang='lat' dir='ltr'><strong>reservatur.</strong></span> 
     </span>
    </p>

    <p class='ocr_par' dir='ltr' id='par_1_3' title="bbox 246 1340 1901 1640">
     <span class='ocr_line' id='line_1_8' title="bbox 353 1340 1900 1429; baseline -0.002 -22"><span class='ocrx_word' id='word_1_83' title='bbox 353 1342 441 1424; x_wconf 80' lang='lat' dir='ltr'><strong>Quid</strong></span> <span class='ocrx_word' id='word_1_84' title='bbox 464 1343 581 1406; x_wconf 90' lang='lat' dir='ltr'><strong>mirum</strong></span> <span class='ocrx_word' id='word_1_85' title='bbox 606 1344 633 1406; x_wconf 94' lang='lat' dir='ltr'><strong>si</strong></span> <span class='ocrx_word' id='word_1_86' title='bbox 656 1344 764 1428; x_wconf 88' lang='lat' dir='ltr'><strong>imago</strong></span> <span class='ocrx_word' id='word_1_87' title='bbox 789 1341 911 1407; x_wconf 83' lang='lat' dir='ltr'><strong>Christi</strong></span> <span class='ocrx_word' id='word_1_88' title='bbox 934 1365 954 1405; x_wconf 86' lang='lat' dir='ltr'><strong>a</strong></span> <span class='ocrx_word' id='word_1_89' title='bbox 978 1341 1104 1406; x_wconf 86' lang='lat' dir='ltr'><strong>Iuliano</strong></span> <span class='ocrx_word' id='word_1_90' title='bbox 1128 1353 1278 1429; x_wconf 88' lang='lat' dir='ltr'><strong>apostata</strong></span> <span class='ocrx_word' id='word_1_91' title='bbox 1307 1342 1350 1405; x_wconf 91' lang='lat' dir='ltr'><strong>sit</strong></span> <span class='ocrx_word' id='word_1_92' title='bbox 1380 1340 1528 1427; x_wconf 86' lang='lat' dir='ltr'><strong>deposita</strong></span> <span class='ocrx_word' id='word_1_93' title='bbox 1558 1351 1590 1405; x_wconf 93' lang='lat' dir='ltr'><strong>et</strong></span> <span class='ocrx_word' id='word_1_94' title='bbox 1621 1363 1639 1404; x_wconf 89' lang='lat' dir='ltr'><strong>a</strong></span> <span class='ocrx_word' id='word_1_95' title='bbox 1663 1342 1800 1428; x_wconf 84' lang='lat' dir='ltr'><strong>paganis</strong></span> <span class='ocrx_word' id='word_1_96' title='bbox 1825 1363 1900 1405; x_wconf 91' lang='lat' dir='ltr'><strong>con-</strong></span> 
     </span>
     <span class='ocr_line' id='line_1_9' title="bbox 246 1447 1901 1537; baseline -0.002 -23"><span class='ocrx_word' id='word_1_97' title='bbox 246 1450 366 1532; x_wconf 87' lang='lat' dir='ltr'><strong>fracta,</strong></span> <span class='ocrx_word' id='word_1_98' title='bbox 399 1472 474 1514; x_wconf 91' lang='lat' dir='ltr'><strong>cum</strong></span> <span class='ocrx_word' id='word_1_99' title='bbox 508 1450 579 1537; x_wconf 89' lang='lat' dir='ltr'><strong>ipse</strong></span> <span class='ocrx_word' id='word_1_100' title='bbox 611 1472 630 1513; x_wconf 91' lang='lat' dir='ltr'><strong>a</strong></span> <span class='ocrx_word' id='word_1_101' title='bbox 661 1448 788 1536; x_wconf 86' lang='lat' dir='ltr'><strong>Caipha</strong></span> <span class='ocrx_word' id='word_1_102' title='bbox 822 1448 1029 1514; x_wconf 87' lang='lat' dir='ltr'><strong>adiudicatus</strong></span> <span class='ocrx_word' id='word_1_103' title='bbox 1064 1460 1097 1513; x_wconf 89' lang='lat' dir='ltr'><strong>ct</strong></span> <span class='ocrx_word' id='word_1_104' title='bbox 1127 1471 1147 1513; x_wconf 88' lang='lat' dir='ltr'><strong>a</strong></span> <span class='ocrx_word' id='word_1_105' title='bbox 1176 1447 1308 1513; x_wconf 90' lang='lat' dir='ltr'><strong>Iudaeis</strong></span> <span class='ocrx_word' id='word_1_106' title='bbox 1342 1449 1384 1512; x_wconf 91' lang='lat' dir='ltr'><strong>sit</strong></span> <span class='ocrx_word' id='word_1_107' title='bbox 1415 1447 1615 1512; x_wconf 65' lang='lat' dir='ltr'><strong>crucifixus?</strong></span> <span class='ocrx_word' id='word_1_108' title='bbox 1670 1452 1771 1512; x_wconf 84' lang='lat' dir='ltr'><strong>Nunc¹</strong></span> <span class='ocrx_word' id='word_1_109' title='bbox 1808 1455 1901 1528; x_wconf 89' lang='lat' dir='ltr'><strong>qualis</strong></span> 
     </span>
     <span class='ocr_line' id='line_1_10' title="bbox 247 1553 1901 1640; baseline -0.001 -20"><span class='ocrx_word' id='word_1_110' title='bbox 247 1567 380 1622; x_wconf 88' lang='lat' dir='ltr'><strong>discretio</strong></span> <span class='ocrx_word' id='word_1_111' title='bbox 410 1567 448 1621; x_wconf 91' lang='lat' dir='ltr'><strong>sit</strong></span> <span class='ocrx_word' id='word_1_112' title='bbox 478 1567 607 1622; x_wconf 89' lang='lat' dir='ltr'><strong>tenenda</strong></span> <span class='ocrx_word' id='word_1_113' title='bbox 636 1584 705 1637; x_wconf 88' lang='lat' dir='ltr'><strong>erga</strong></span> <span class='ocrx_word' id='word_1_114' title='bbox 733 1573 893 1621; x_wconf 88' lang='lat' dir='ltr'><strong>sanctorum</strong></span> <span class='ocrx_word' id='word_1_115' title='bbox 917 1567 1053 1637; x_wconf 83' lang='lat' dir='ltr'><strong>imagines</strong></span> <span class='ocrx_word' id='word_1_116' title='bbox 1077 1572 1108 1620; x_wconf 88' lang='lat' dir='ltr'><strong>et</strong></span> <span class='ocrx_word' id='word_1_117' title='bbox 1130 1566 1308 1620; x_wconf 89' lang='lat' dir='ltr'><strong>historiarum</strong></span> <span class='ocrx_word' id='word_1_118' title='bbox 1330 1565 1468 1636; x_wconf 84' lang='lat' dir='ltr'><strong>picturas,</strong></span> <span class='ocrx_word' id='word_1_119' title='bbox 1499 1553 1654 1640; x_wconf 86' lang='lat' dir='ltr'><strong>epistolae</strong></span> <span class='ocrx_word' id='word_1_120' title='bbox 1678 1563 1847 1619; x_wconf 81' lang='lat' dir='ltr'><strong>sanctissimi</strong></span> <span class='ocrx_word' id='word_1_121' title='bbox 1870 1569 1901 1618; x_wconf 91' lang='lat' dir='ltr'><strong>et</strong></span> 
     </span>
    </p>

    <p class='ocr_par' dir='ltr' id='par_1_4' title="bbox 202 1661 1899 2069">
     <span class='ocr_line' id='line_1_11' title="bbox 202 1661 1899 1749; baseline -0.004 -17"><span class='ocrx_word' id='word_1_122' title='bbox 202 1694 229 1732; x_wconf 89' lang='lat' dir='ltr'><strong>ro</strong></span> <span class='ocrx_word' id='word_1_123' title='bbox 247 1674 354 1744; x_wconf 84' lang='lat' dir='ltr'><strong>egregii</strong></span> <span class='ocrx_word' id='word_1_124' title='bbox 378 1673 440 1738; x_wconf 90' lang='lat' dir='ltr'><strong>viri,</strong></span> <span class='ocrx_word' id='word_1_125' title='bbox 463 1663 551 1727; x_wconf 85' lang='lat' dir='ltr'><strong>vitae</strong></span> <span class='ocrx_word' id='word_1_126' title='bbox 575 1661 805 1744; x_wconf 75' lang='lat' dir='ltr'><strong>memorabilia,</strong></span> <span class='ocrx_word' id='word_1_127' title='bbox 830 1661 978 1727; x_wconf 84' lang='lat' dir='ltr'><strong>doctrina</strong></span> <span class='ocrx_word' id='word_1_128' title='bbox 1002 1673 1035 1726; x_wconf 86' lang='lat' dir='ltr'><strong>et</strong></span> <span class='ocrx_word' id='word_1_129' title='bbox 1058 1662 1245 1749; x_wconf 83' lang='lat' dir='ltr'><strong>eloquentia</strong></span> <span class='ocrx_word' id='word_1_130' title='bbox 1267 1670 1445 1726; x_wconf 84' lang='lat' dir='ltr'><strong>ammirabilis</strong></span> <span class='ocrx_word' id='word_1_131' title='bbox 1469 1670 1615 1741; x_wconf 88' lang='lat' dir='ltr'><strong>tot-iusque</strong></span> <span class='ocrx_word' id='word_1_132' title='bbox 1632 1670 1788 1726; x_wconf 90' lang='lat' dir='ltr'><strong>catholicae</strong></span> <span class='ocrx_word' id='word_1_133' title='bbox 1806 1670 1899 1725; x_wconf 89' lang='lat' dir='ltr'><strong>ccele-</strong></span> 
     </span>
     <span class='ocr_line' id='line_1_12' title="bbox 246 1765 1899 1854; baseline -0.001 -22"><span class='ocrx_word' id='word_1_134' title='bbox 246 1780 303 1834; x_wconf 83' lang='lat' dir='ltr'><strong>siae</strong></span> <span class='ocrx_word' id='word_1_135' title='bbox 327 1770 440 1834; x_wconf 87' lang='lat' dir='ltr'><strong>eximii</strong></span> <span class='ocrx_word' id='word_1_136' title='bbox 463 1770 610 1854; x_wconf 87' lang='lat' dir='ltr'><strong>magistri</strong></span> <span class='ocrx_word' id='word_1_137' title='bbox 634 1778 712 1834; x_wconf 84' lang='lat' dir='ltr'><strong>beati</strong></span> <span class='ocrx_word' id='word_1_138' title='bbox 729 1777 859 1850; x_wconf 81' lang='lat' dir='ltr'><strong>Gregorii</strong></span> <span class='ocrx_word' id='word_1_139' title='bbox 875 1795 968 1850; x_wconf 86' lang='lat' dir='ltr'><strong>papae</strong></span> <span class='ocrx_word' id='word_1_140' title='bbox 993 1792 1013 1832; x_wconf 89' lang='lat' dir='ltr'><strong>a</strong></span> <span class='ocrx_word' id='word_1_141' title='bbox 1029 1779 1144 1834; x_wconf 89' lang='lat' dir='ltr'><strong>sancta</strong></span> <span class='ocrx_word' id='word_1_142' title='bbox 1159 1769 1307 1833; x_wconf 88' lang='lat' dir='ltr'><strong>Romana</strong></span> <span class='ocrx_word' id='word_1_143' title='bbox 1331 1767 1409 1832; x_wconf 88' lang='lat' dir='ltr'><strong>sede</strong></span> <span class='ocrx_word' id='word_1_144' title='bbox 1433 1789 1493 1852; x_wconf 87' lang='lat' dir='ltr'><strong>per</strong></span> <span class='ocrx_word' id='word_1_145' title='bbox 1515 1765 1737 1831; x_wconf 87' lang='lat' dir='ltr'><strong>venerabilem</strong></span> <span class='ocrx_word' id='word_1_146' title='bbox 1760 1767 1899 1854; x_wconf 88' lang='lat' dir='ltr'><strong>Deoqne</strong></span> 
     </span>
     <span class='ocr_line' id='line_1_13' title="bbox 246 1871 1899 1963; baseline -0.001 -24"><span class='ocrx_word' id='word_1_147' title='bbox 246 1874 430 1958; x_wconf 83' lang='lat' dir='ltr'><strong>amabilem,</strong></span> <span class='ocrx_word' id='word_1_148' title='bbox 455 1876 601 1941; x_wconf 89' lang='lat' dir='ltr'><strong>eiusdem</strong></span> <span class='ocrx_word' id='word_1_149' title='bbox 624 1876 728 1940; x_wconf 89' lang='lat' dir='ltr'><strong>sancti</strong></span> <span class='ocrx_word' id='word_1_150' title='bbox 752 1877 824 1958; x_wconf 86' lang='lat' dir='ltr'><strong>viri,</strong></span> <span class='ocrx_word' id='word_1_151' title='bbox 856 1876 933 1962; x_wconf 91' lang='lat' dir='ltr'><strong>quia</strong></span> <span class='ocrx_word' id='word_1_152' title='bbox 964 1878 1012 1940; x_wconf 89' lang='lat' dir='ltr'><strong>sic</strong></span> <span class='ocrx_word' id='word_1_153' title='bbox 1035 1876 1158 1963; x_wconf 86' lang='lat' dir='ltr'><strong>placuit</strong></span> <span class='ocrx_word' id='word_1_154' title='bbox 1180 1876 1265 1956; x_wconf 90' lang='lat' dir='ltr'><strong>Deo,</strong></span> <span class='ocrx_word' id='word_1_155' title='bbox 1296 1895 1520 1939; x_wconf 86' lang='lat' dir='ltr'><strong>successorem</strong></span> <span class='ocrx_word' id='word_1_156' title='bbox 1543 1883 1675 1960; x_wconf 88' lang='lat' dir='ltr'><strong>totoque</strong></span> <span class='ocrx_word' id='word_1_157' title='bbox 1699 1871 1778 1937; x_wconf 91' lang='lat' dir='ltr'><strong>orbe</strong></span> <span class='ocrx_word' id='word_1_158' title='bbox 1802 1896 1899 1939; x_wconf 80' lang='lat' dir='ltr'><strong>vene-</strong></span> 
     </span>
     <span class='ocr_line' id='line_1_14' title="bbox 246 1979 1898 2069; baseline -0.001 -23"><span class='ocrx_word' id='word_1_159' title='bbox 246 1982 384 2047; x_wconf 91' lang='lat' dir='ltr'><strong>randum</strong></span> <span class='ocrx_word' id='word_1_160' title='bbox 407 1982 561 2048; x_wconf 89' lang='lat' dir='ltr'><strong>domnum</strong></span> <span class='ocrx_word' id='word_1_161' title='bbox 578 1983 763 2069; x_wconf 85' lang='lat' dir='ltr'><strong>Eugenium</strong></span> <span class='ocrx_word' id='word_1_162' title='bbox 787 1980 881 2046; x_wconf 88' lang='lat' dir='ltr'><strong>nobis</strong></span> <span class='ocrx_word' id='word_1_163' title='bbox 905 1981 1050 2047; x_wconf 83' lang='lat' dir='ltr'><strong>directae</strong></span> <span class='ocrx_word' id='word_1_164' title='bbox 1067 1982 1302 2048; x_wconf 87' lang='lat' dir='ltr'><strong>discretissima</strong></span> <span class='ocrx_word' id='word_1_165' title='bbox 1318 2004 1357 2045; x_wconf 91' lang='lat' dir='ltr'><strong>ac</strong></span> <span class='ocrx_word' id='word_1_166' title='bbox 1375 1980 1563 2067; x_wconf 89' lang='lat' dir='ltr'><strong>plenissima</strong></span> <span class='ocrx_word' id='word_1_167' title='bbox 1578 1981 1704 2045; x_wconf 85' lang='lat' dir='ltr'><strong>ratione</strong></span> <span class='ocrx_word' id='word_1_168' title='bbox 1720 1979 1898 2045; x_wconf 88' lang='lat' dir='ltr'><strong>declarant.</strong></span> 
     </span>
    </p>
   </div>
   <div class='ocr_carea' id='block_1_3' title="bbox 200 2106 1901 3366">
    <p class='ocr_par' dir='ltr' id='par_1_5' title="bbox 200 2106 1901 3366">
     <span class='ocr_line' id='line_1_15' title="bbox 352 2106 1899 2192; baseline -0.001 -21"><span class='ocrx_word' id='word_1_169' title='bbox 352 2108 431 2171; x_wconf 88' lang='lat' dir='ltr'><strong>XII.</strong></span> <span class='ocrx_word' id='word_1_170' title='bbox 467 2106 589 2173; x_wconf 85' lang='lat' dir='ltr'><strong>Scribit</strong></span> <span class='ocrx_word' id='word_1_171' title='bbox 612 2118 720 2172; x_wconf 88' lang='lat' dir='ltr'><strong>autem</strong></span> <span class='ocrx_word' id='word_1_172' title='bbox 744 2106 786 2171; x_wconf 91' lang='lat' dir='ltr'><strong>ad</strong></span> <span class='ocrx_word' id='word_1_173' title='bbox 803 2106 964 2171; x_wconf 87' lang='lat' dir='ltr'><strong>Serenum</strong></span> <span class='ocrx_word' id='word_1_174' title='bbox 979 2106 1218 2172; x_wconf 83' lang='lat' dir='ltr'><strong>Massiliensem</strong></span> <span class='ocrx_word' id='word_1_175' title='bbox 1242 2106 1448 2192; x_wconf 88' lang='lat' dir='ltr'><strong>episcopum:</strong></span> <span class='ocrx_word' id='word_1_176' title='bbox 1474 2110 1580 2178; x_wconf 83' lang='lat' dir='ltr'><strong>Qu0d²</strong></span> <span class='ocrx_word' id='word_1_177' title='bbox 1596 2113 1770 2169; x_wconf 83' lang='lat' dir='ltr'><strong>fraternitati</strong></span> <span class='ocrx_word' id='word_1_178' title='bbox 1786 2121 1899 2170; x_wconf 85' lang='lat' dir='ltr'><strong>vestrae</strong></span> 
     </span>
     <span class='ocr_line' id='line_1_16' title="bbox 201 2220 1899 2297; baseline -0.004 -14"><span class='ocrx_word' id='word_1_179' title='bbox 201 2244 227 2283; x_wconf 85' lang='lat' dir='ltr'><strong>rs</strong></span> <span class='ocrx_word' id='word_1_180' title='bbox 246 2232 303 2280; x_wconf 89' lang='lat' dir='ltr'><strong>tarn</strong></span> <span class='ocrx_word' id='word_1_181' title='bbox 326 2243 391 2281; x_wconf 91' lang='lat' dir='ltr'><strong>sera</strong></span> <span class='ocrx_word' id='word_1_182' title='bbox 413 2226 519 2297; x_wconf 90' lang='lat' dir='ltr'><strong>scripta</strong></span> <span class='ocrx_word' id='word_1_183' title='bbox 541 2225 766 2290; x_wconf 84' lang='lat' dir='ltr'><strong>transmittimus,</strong></span> <span class='ocrx_word' id='word_1_184' title='bbox 797 2241 854 2278; x_wconf 90' lang='lat' dir='ltr'><strong>non</strong></span> <span class='ocrx_word' id='word_1_185' title='bbox 876 2224 929 2279; x_wconf 89' lang='lat' dir='ltr'><strong>hoc</strong></span> <span class='ocrx_word' id='word_1_186' title='bbox 953 2225 1070 2296; x_wconf 87' lang='lat' dir='ltr'><strong>torpori,</strong></span> <span class='ocrx_word' id='word_1_187' title='bbox 1102 2224 1153 2279; x_wconf 90' lang='lat' dir='ltr'><strong>sed</strong></span> <span class='ocrx_word' id='word_1_188' title='bbox 1181 2221 1359 2294; x_wconf 87' lang='lat' dir='ltr'><strong>occupationi</strong></span> <span class='ocrx_word' id='word_1_189' title='bbox 1389 2222 1540 2292; x_wconf 87' lang='lat' dir='ltr'><strong>deputate,</strong></span> <span class='ocrx_word' id='word_1_190' title='bbox 1571 2220 1690 2276; x_wconf 88' lang='lat' dir='ltr'><strong>laterem</strong></span> <span class='ocrx_word' id='word_1_191' title='bbox 1718 2238 1786 2276; x_wconf 88' lang='lat' dir='ltr'><strong>vero</strong></span> <span class='ocrx_word' id='word_1_192' title='bbox 1816 2239 1899 2292; x_wconf 87' lang='lat' dir='ltr'><strong>prae-</strong></span> 
     </span>
     <span class='ocr_line' id='line_1_17' title="bbox 246 2327 1899 2402; baseline -0.001 -18"><span class='ocrx_word' id='word_1_193' title='bbox 246 2332 378 2398; x_wconf 91' lang='lat' dir='ltr'><strong>sentium,</strong></span> <span class='ocrx_word' id='word_1_194' title='bbox 409 2332 622 2386; x_wconf 89' lang='lat' dir='ltr'><strong>dilectissimum</strong></span> <span class='ocrx_word' id='word_1_195' title='bbox 650 2330 738 2385; x_wconf 87' lang='lat' dir='ltr'><strong>filium</strong></span> <span class='ocrx_word' id='word_1_196' title='bbox 767 2337 895 2385; x_wconf 89' lang='lat' dir='ltr'><strong>nostrum</strong></span> <span class='ocrx_word' id='word_1_197' title='bbox 919 2329 1078 2402; x_wconf 67' lang='lat' dir='ltr'><strong>Cpniacum,</strong></span> <span class='ocrx_word' id='word_1_198' title='bbox 1109 2328 1271 2384; x_wconf 87' lang='lat' dir='ltr'><strong>monasterii</strong></span> <span class='ocrx_word' id='word_1_199' title='bbox 1294 2335 1415 2400; x_wconf 90' lang='lat' dir='ltr'><strong>patrem,</strong></span> <span class='ocrx_word' id='word_1_200' title='bbox 1446 2327 1525 2382; x_wconf 78' lang='lat' dir='ltr'><strong>vobis</strong></span> <span class='ocrx_word' id='word_1_201' title='bbox 1554 2328 1583 2381; x_wconf 92' lang='lat' dir='ltr'><strong>in</strong></span> <span class='ocrx_word' id='word_1_202' title='bbox 1607 2328 1734 2382; x_wconf 90' lang='lat' dir='ltr'><strong>omuibus</strong></span> <span class='ocrx_word' id='word_1_203' title='bbox 1758 2345 1899 2383; x_wconf 87' lang='lat' dir='ltr'><strong>commen·</strong></span> 
     </span>
     <span class='ocr_line' id='line_1_18' title="bbox 245 2433 1900 2506; baseline -0.001 -16"><span class='ocrx_word' id='word_1_204' title='bbox 245 2440 354 2506; x_wconf 88' lang='lat' dir='ltr'><strong>damus,</strong></span> <span class='ocrx_word' id='word_1_205' title='bbox 389 2447 421 2493; x_wconf 93' lang='lat' dir='ltr'><strong>ut</strong></span> <span class='ocrx_word' id='word_1_206' title='bbox 450 2438 529 2493; x_wconf 90' lang='lat' dir='ltr'><strong>nulla</strong></span> <span class='ocrx_word' id='word_1_207' title='bbox 557 2439 630 2492; x_wconf 89' lang='lat' dir='ltr'><strong>hunc</strong></span> <span class='ocrx_word' id='word_1_208' title='bbox 660 2438 689 2492; x_wconf 94' lang='lat' dir='ltr'><strong>in</strong></span> <span class='ocrx_word' id='word_1_209' title='bbox 713 2437 882 2494; x_wconf 86' lang='lat' dir='ltr'><strong>Massiliensi</strong></span> <span class='ocrx_word' id='word_1_210' title='bbox 913 2438 1028 2493; x_wconf 79' lang='lat' dir='ltr'><strong>civitate</strong></span> <span class='ocrx_word' id='word_1_211' title='bbox 1059 2455 1136 2492; x_wconf 88' lang='lat' dir='ltr'><strong>mora</strong></span> <span class='ocrx_word' id='word_1_212' title='bbox 1165 2437 1306 2500; x_wconf 86' lang='lat' dir='ltr'><strong>detineat,</strong></span> <span class='ocrx_word' id='word_1_213' title='bbox 1342 2436 1393 2490; x_wconf 90' lang='lat' dir='ltr'><strong>sed</strong></span> <span class='ocrx_word' id='word_1_214' title='bbox 1424 2434 1460 2489; x_wconf 87' lang='lat' dir='ltr'><strong>ad</strong></span> <span class='ocrx_word' id='word_1_215' title='bbox 1491 2433 1609 2489; x_wconf 89' lang='lat' dir='ltr'><strong>fratrem</strong></span> <span class='ocrx_word' id='word_1_216' title='bbox 1640 2441 1670 2489; x_wconf 92' lang='lat' dir='ltr'><strong>et</strong></span> <span class='ocrx_word' id='word_1_217' title='bbox 1702 2435 1900 2506; x_wconf 86' lang='lat' dir='ltr'><strong>coepiscopum</strong></span> 
     </span>
     <span class='ocr_line' id='line_1_19' title="bbox 245 2537 1901 2617; baseline -0.002 -18"><span class='ocrx_word' id='word_1_218' title='bbox 245 2553 371 2600; x_wconf 82' lang='lat' dir='ltr'><strong>nostrum</strong></span> <span class='ocrx_word' id='word_1_219' title='bbox 394 2544 542 2617; x_wconf 89' lang='lat' dir='ltr'><strong>Suagrium</strong></span> <span class='ocrx_word' id='word_1_220' title='bbox 566 2563 628 2599; x_wconf 86' lang='lat' dir='ltr'><strong>curn</strong></span> <span class='ocrx_word' id='word_1_221' title='bbox 652 2545 811 2600; x_wconf 86' lang='lat' dir='ltr'><strong>sanctitatis</strong></span> <span class='ocrx_word' id='word_1_222' title='bbox 834 2553 946 2600; x_wconf 90' lang='lat' dir='ltr'><strong>vcstrac</strong></span> <span class='ocrx_word' id='word_1_223' title='bbox 970 2545 1073 2599; x_wconf 88' lang='lat' dir='ltr'><strong>solacio</strong></span> <span class='ocrx_word' id='word_1_224' title='bbox 1098 2544 1161 2598; x_wconf 91' lang='lat' dir='ltr'><strong>Deo</strong></span> <span class='ocrx_word' id='word_1_225' title='bbox 1184 2549 1357 2614; x_wconf 87' lang='lat' dir='ltr'><strong>protegente</strong></span> <span class='ocrx_word' id='word_1_226' title='bbox 1381 2539 1584 2612; x_wconf 84' lang='lat' dir='ltr'><strong>proficiscatur.</strong></span> <span class='ocrx_word' id='word_1_227' title='bbox 1623 2540 1762 2597; x_wconf 87' lang='lat' dir='ltr'><strong>Preterca</strong></span> <span class='ocrx_word' id='word_1_228' title='bbox 1785 2537 1901 2597; x_wconf 77' lang='lat' dir='ltr'><strong>indico⁸</strong></span> 
     </span>
     <span class='ocr_line' id='line_1_20' title="bbox 245 2648 1899 2723; baseline -0.002 -18"><span class='ocrx_word' id='word_1_229' title='bbox 245 2653 350 2707; x_wconf 88' lang='lat' dir='ltr'><strong>dudum</strong></span> <span class='ocrx_word' id='word_1_230' title='bbox 374 2654 410 2707; x_wconf 87' lang='lat' dir='ltr'><strong>ad</strong></span> <span class='ocrx_word' id='word_1_231' title='bbox 434 2670 484 2707; x_wconf 90' lang='lat' dir='ltr'><strong>nos</strong></span> <span class='ocrx_word' id='word_1_232' title='bbox 507 2652 684 2723; x_wconf 89' lang='lat' dir='ltr'><strong>pervenisse,</strong></span> <span class='ocrx_word' id='word_1_233' title='bbox 708 2652 784 2723; x_wconf 89' lang='lat' dir='ltr'><strong>quod</strong></span> <span class='ocrx_word' id='word_1_234' title='bbox 807 2651 970 2707; x_wconf 80' lang='lat' dir='ltr'><strong>fraternitas</strong></span> <span class='ocrx_word' id='word_1_235' title='bbox 994 2657 1100 2716; x_wconf 85' lang='lat' dir='ltr'><strong>vestra,</strong></span> <span class='ocrx_word' id='word_1_236' title='bbox 1117 2650 1254 2721; x_wconf 89' lang='lat' dir='ltr'><strong>quosdam</strong></span> <span class='ocrx_word' id='word_1_237' title='bbox 1270 2648 1420 2720; x_wconf 88' lang='lat' dir='ltr'><strong>imaginum</strong></span> <span class='ocrx_word' id='word_1_238' title='bbox 1437 2648 1600 2703; x_wconf 87' lang='lat' dir='ltr'><strong>adoratores</strong></span> <span class='ocrx_word' id='word_1_239' title='bbox 1616 2648 1767 2719; x_wconf 83' lang='lat' dir='ltr'><strong>aspiciens,</strong></span> <span class='ocrx_word' id='word_1_240' title='bbox 1784 2649 1899 2703; x_wconf 89' lang='lat' dir='ltr'><strong>casdem</strong></span> 
     </span>
     <span class='ocr_line' id='line_1_21' title="bbox 200 2754 1900 2831; baseline -0.004 -16"><span class='ocrx_word' id='word_1_241' title='bbox 200 2776 228 2815; x_wconf 84' lang='lat' dir='ltr'><strong>ro</strong></span> <span class='ocrx_word' id='word_1_242' title='bbox 246 2759 282 2813; x_wconf 90' lang='lat' dir='ltr'><strong>ab</strong></span> <span class='ocrx_word' id='word_1_243' title='bbox 313 2758 440 2814; x_wconf 90' lang='lat' dir='ltr'><strong>ecclesiis</strong></span> <span class='ocrx_word' id='word_1_244' title='bbox 470 2759 607 2830; x_wconf 89' lang='lat' dir='ltr'><strong>imagines</strong></span> <span class='ocrx_word' id='word_1_245' title='bbox 637 2759 778 2831; x_wconf 81' lang='lat' dir='ltr'><strong>confregit</strong></span> <span class='ocrx_word' id='word_1_246' title='bbox 807 2767 895 2830; x_wconf 89' lang='lat' dir='ltr'><strong>atque</strong></span> <span class='ocrx_word' id='word_1_247' title='bbox 926 2759 1056 2831; x_wconf 88' lang='lat' dir='ltr'><strong>proiecit.</strong></span> <span class='ocrx_word' id='word_1_248' title='bbox 1103 2758 1141 2811; x_wconf 86' lang='lat' dir='ltr'><strong>Et</strong></span> <span class='ocrx_word' id='word_1_249' title='bbox 1172 2756 1287 2827; x_wconf 92' lang='lat' dir='ltr'><strong>quidem</strong></span> <span class='ocrx_word' id='word_1_250' title='bbox 1316 2755 1408 2810; x_wconf 85' lang='lat' dir='ltr'><strong>zelum</strong></span> <span class='ocrx_word' id='word_1_251' title='bbox 1431 2772 1491 2821; x_wconf 93' lang='lat' dir='ltr'><strong>vos,</strong></span> <span class='ocrx_word' id='word_1_252' title='bbox 1521 2771 1558 2808; x_wconf 92' lang='lat' dir='ltr'><strong>ne</strong></span> <span class='ocrx_word' id='word_1_253' title='bbox 1589 2754 1658 2825; x_wconf 83' lang='lat' dir='ltr'><strong>quid</strong></span> <span class='ocrx_word' id='word_1_254' title='bbox 1687 2772 1770 2809; x_wconf 91' lang='lat' dir='ltr'><strong>manu</strong></span> <span class='ocrx_word' id='word_1_255' title='bbox 1793 2754 1900 2810; x_wconf 88' lang='lat' dir='ltr'><strong>facturn</strong></span> 
     </span>
     <span class='ocr_line' id='line_1_22' title="bbox 246 2861 1898 2937; baseline -0.002 -17"><span class='ocrx_word' id='word_1_256' title='bbox 246 2866 357 2920; x_wconf 87' lang='lat' dir='ltr'><strong>adorari</strong></span> <span class='ocrx_word' id='word_1_257' title='bbox 380 2866 478 2937; x_wconf 89' lang='lat' dir='ltr'><strong>possit,</strong></span> <span class='ocrx_word' id='word_1_258' title='bbox 503 2865 636 2921; x_wconf 87' lang='lat' dir='ltr'><strong>habuisse</strong></span> <span class='ocrx_word' id='word_1_259' title='bbox 660 2866 845 2933; x_wconf 80' lang='lat' dir='ltr'><strong>laudavimus,</strong></span> <span class='ocrx_word' id='word_1_260' title='bbox 870 2865 922 2920; x_wconf 92' lang='lat' dir='ltr'><strong>sed</strong></span> <span class='ocrx_word' id='word_1_261' title='bbox 946 2865 1078 2936; x_wconf 88' lang='lat' dir='ltr'><strong>frangere</strong></span> <span class='ocrx_word' id='word_1_262' title='bbox 1104 2863 1219 2919; x_wconf 89' lang='lat' dir='ltr'><strong>easdem</strong></span> <span class='ocrx_word' id='word_1_263' title='bbox 1242 2863 1379 2934; x_wconf 85' lang='lat' dir='ltr'><strong>imagines</strong></span> <span class='ocrx_word' id='word_1_264' title='bbox 1403 2879 1458 2916; x_wconf 90' lang='lat' dir='ltr'><strong>non</strong></span> <span class='ocrx_word' id='word_1_265' title='bbox 1483 2861 1616 2916; x_wconf 86' lang='lat' dir='ltr'><strong>debuisse</strong></span> <span class='ocrx_word' id='word_1_266' title='bbox 1640 2861 1804 2916; x_wconf 89' lang='lat' dir='ltr'><strong>iudicamus.</strong></span> <span class='ocrx_word' id='word_1_267' title='bbox 1851 2861 1898 2916; x_wconf 92' lang='lat' dir='ltr'><strong>Id-</strong></span> 
     </span>
     <span class='ocr_line' id='line_1_23' title="bbox 247 2968 1900 3045; baseline -0.002 -18"><span class='ocrx_word' id='word_1_268' title='bbox 247 2974 321 3028; x_wconf 91' lang='lat' dir='ltr'><strong>circo</strong></span> <span class='ocrx_word' id='word_1_269' title='bbox 344 2974 419 3028; x_wconf 91' lang='lat' dir='ltr'><strong>enirn</strong></span> <span class='ocrx_word' id='word_1_270' title='bbox 441 2974 554 3045; x_wconf 90' lang='lat' dir='ltr'><strong>pictura</strong></span> <span class='ocrx_word' id='word_1_271' title='bbox 576 2975 605 3028; x_wconf 93' lang='lat' dir='ltr'><strong>in</strong></span> <span class='ocrx_word' id='word_1_272' title='bbox 629 2972 757 3029; x_wconf 88' lang='lat' dir='ltr'><strong>ecclesiis</strong></span> <span class='ocrx_word' id='word_1_273' title='bbox 780 2973 943 3042; x_wconf 87' lang='lat' dir='ltr'><strong>adhibetur,</strong></span> <span class='ocrx_word' id='word_1_274' title='bbox 967 2981 999 3026; x_wconf 92' lang='lat' dir='ltr'><strong>ut</strong></span> <span class='ocrx_word' id='word_1_275' title='bbox 1023 2972 1062 3039; x_wconf 91' lang='lat' dir='ltr'><strong>hi,</strong></span> <span class='ocrx_word' id='word_1_276' title='bbox 1086 2972 1134 3042; x_wconf 92' lang='lat' dir='ltr'><strong>qui</strong></span> <span class='ocrx_word' id='word_1_277' title='bbox 1157 2970 1270 3026; x_wconf 88' lang='lat' dir='ltr'><strong>litteras</strong></span> <span class='ocrx_word' id='word_1_278' title='bbox 1285 2970 1427 3034; x_wconf 89' lang='lat' dir='ltr'><strong>nesciunt,</strong></span> <span class='ocrx_word' id='word_1_279' title='bbox 1451 2968 1543 3023; x_wconf 90' lang='lat' dir='ltr'><strong>saltim</strong></span> <span class='ocrx_word' id='word_1_280' title='bbox 1559 2969 1588 3022; x_wconf 94' lang='lat' dir='ltr'><strong>in</strong></span> <span class='ocrx_word' id='word_1_281' title='bbox 1603 2968 1761 3040; x_wconf 90' lang='lat' dir='ltr'><strong>parictibus</strong></span> <span class='ocrx_word' id='word_1_282' title='bbox 1776 2969 1900 3024; x_wconf 89' lang='lat' dir='ltr'><strong>videndo</strong></span> 
     </span>
     <span class='ocr_line' id='line_1_24' title="bbox 246 3074 1899 3152; baseline -0.002 -18"><span class='ocrx_word' id='word_1_283' title='bbox 246 3080 344 3152; x_wconf 85' lang='lat' dir='ltr'><strong>legant</strong></span> <span class='ocrx_word' id='word_1_284' title='bbox 368 3098 424 3152; x_wconf 91' lang='lat' dir='ltr'><strong>que</strong></span> <span class='ocrx_word' id='word_1_285' title='bbox 448 3081 546 3152; x_wconf 90' lang='lat' dir='ltr'><strong>legere</strong></span> <span class='ocrx_word' id='word_1_286' title='bbox 577 3081 605 3137; x_wconf 91' lang='lat' dir='ltr'><strong>in</strong></span> <span class='ocrx_word' id='word_1_287' title='bbox 635 3080 780 3135; x_wconf 88' lang='lat' dir='ltr'><strong>codicibus</strong></span> <span class='ocrx_word' id='word_1_288' title='bbox 810 3097 865 3134; x_wconf 89' lang='lat' dir='ltr'><strong>non</strong></span> <span class='ocrx_word' id='word_1_289' title='bbox 890 3079 997 3134; x_wconf 89' lang='lat' dir='ltr'><strong>valent.</strong></span> <span class='ocrx_word' id='word_1_290' title='bbox 1043 3078 1107 3133; x_wconf 86' lang='lat' dir='ltr'><strong>Tua</strong></span> <span class='ocrx_word' id='word_1_291' title='bbox 1131 3094 1198 3149; x_wconf 88' lang='lat' dir='ltr'><strong>ergo</strong></span> <span class='ocrx_word' id='word_1_292' title='bbox 1222 3075 1386 3132; x_wconf 82' lang='lat' dir='ltr'><strong>fraternitas</strong></span> <span class='ocrx_word' id='word_1_293' title='bbox 1411 3081 1441 3130; x_wconf 92' lang='lat' dir='ltr'><strong>et</strong></span> <span class='ocrx_word' id='word_1_294' title='bbox 1464 3074 1527 3130; x_wconf 86' lang='lat' dir='ltr'><strong>illas</strong></span> <span class='ocrx_word' id='word_1_295' title='bbox 1550 3092 1664 3129; x_wconf 87' lang='lat' dir='ltr'><strong>servare</strong></span> <span class='ocrx_word' id='word_1_296' title='bbox 1689 3081 1718 3129; x_wconf 89' lang='lat' dir='ltr'><strong>et</strong></span> <span class='ocrx_word' id='word_1_297' title='bbox 1742 3076 1779 3129; x_wconf 89' lang='lat' dir='ltr'><strong>ab</strong></span> <span class='ocrx_word' id='word_1_298' title='bbox 1804 3093 1899 3130; x_wconf 88' lang='lat' dir='ltr'><strong>earum</strong></span> 
     </span>
     <span class='ocr_line' id='line_1_25' title="bbox 247 3181 1899 3259; baseline -0.002 -18"><span class='ocrx_word' id='word_1_299' title='bbox 247 3188 365 3242; x_wconf 86' lang='lat' dir='ltr'><strong>adoratu</strong></span> <span class='ocrx_word' id='word_1_300' title='bbox 388 3186 522 3259; x_wconf 89' lang='lat' dir='ltr'><strong>populum</strong></span> <span class='ocrx_word' id='word_1_301' title='bbox 545 3187 696 3259; x_wconf 88' lang='lat' dir='ltr'><strong>prohibere</strong></span> <span class='ocrx_word' id='word_1_302' title='bbox 722 3187 832 3254; x_wconf 89' lang='lat' dir='ltr'><strong>debuit,</strong></span> <span class='ocrx_word' id='word_1_303' title='bbox 857 3187 990 3257; x_wconf 87' lang='lat' dir='ltr'><strong>quatinus</strong></span> <span class='ocrx_word' id='word_1_304' title='bbox 1015 3192 1045 3252; x_wconf 71' lang='lat' dir='ltr'><strong>et</strong></span> <span class='ocrx_word' id='word_1_305' title='bbox 1067 3184 1227 3240; x_wconf 87' lang='lat' dir='ltr'><strong>litterarum</strong></span> <span class='ocrx_word' id='word_1_306' title='bbox 1250 3183 1339 3238; x_wconf 87' lang='lat' dir='ltr'><strong>nescii</strong></span> <span class='ocrx_word' id='word_1_307' title='bbox 1354 3182 1495 3237; x_wconf 88' lang='lat' dir='ltr'><strong>haberent</strong></span> <span class='ocrx_word' id='word_1_308' title='bbox 1510 3182 1587 3237; x_wconf 90' lang='lat' dir='ltr'><strong>unde</strong></span> <span class='ocrx_word' id='word_1_309' title='bbox 1603 3182 1750 3236; x_wconf 89' lang='lat' dir='ltr'><strong>scientiam</strong></span> <span class='ocrx_word' id='word_1_310' title='bbox 1766 3181 1899 3237; x_wconf 86' lang='lat' dir='ltr'><strong>historiae</strong></span> 
     </span>
     <span class='ocr_line' id='line_1_26' title="bbox 201 3292 1311 3366; baseline -0.004 -18"><span class='ocrx_word' id='word_1_311' title='bbox 201 3293 415 3365; x_wconf 70' lang='lat' dir='ltr'><strong>recolligerent</strong></span> <span class='ocrx_word' id='word_1_312' title='bbox 439 3301 468 3350; x_wconf 87' lang='lat' dir='ltr'><strong>ct</strong></span> <span class='ocrx_word' id='word_1_313' title='bbox 491 3294 614 3366; x_wconf 90' lang='lat' dir='ltr'><strong>populus</strong></span> <span class='ocrx_word' id='word_1_314' title='bbox 638 3294 666 3348; x_wconf 90' lang='lat' dir='ltr'><strong>iu</strong></span> <span class='ocrx_word' id='word_1_315' title='bbox 689 3294 818 3365; x_wconf 88' lang='lat' dir='ltr'><strong>picturae</strong></span> <span class='ocrx_word' id='word_1_316' title='bbox 842 3293 1006 3348; x_wconf 88' lang='lat' dir='ltr'><strong>adoratione</strong></span> <span class='ocrx_word' id='word_1_317' title='bbox 1030 3292 1142 3346; x_wconf 88' lang='lat' dir='ltr'><strong>minime</strong></span> <span class='ocrx_word' id='word_1_318' title='bbox 1166 3296 1311 3362; x_wconf 89' lang='lat' dir='ltr'><strong>peccaret.</strong></span> 
     </span>
    </p>
   </div>
   <div class='ocr_carea' id='block_1_4' title="bbox 202 3406 1902 4661">
    <p class='ocr_par' dir='ltr' id='par_1_6' title="bbox 247 3406 1902 3810">
     <span class='ocr_line' id='line_1_27' title="bbox 354 3406 1902 3493; baseline -0.003 -20"><span class='ocrx_word' id='word_1_319' title='bbox 354 3409 448 3473; x_wconf 89' lang='lat' dir='ltr'>XIII.</span> <span class='ocrx_word' id='word_1_320' title='bbox 484 3409 567 3474; x_wconf 90' lang='lat' dir='ltr'><strong>Item</strong></span> <span class='ocrx_word' id='word_1_321' title='bbox 597 3410 631 3473; x_wconf 92' lang='lat' dir='ltr'><strong>in</strong></span> <span class='ocrx_word' id='word_1_322' title='bbox 662 3409 776 3474; x_wconf 92' lang='lat' dir='ltr'><strong>eodem</strong></span> <span class='ocrx_word' id='word_1_323' title='bbox 811 3407 854 3472; x_wconf 89' lang='lat' dir='ltr'><strong>ad</strong></span> <span class='ocrx_word' id='word_1_324' title='bbox 889 3406 1028 3472; x_wconf 87' lang='lat' dir='ltr'><strong>eundern</strong></span> <span class='ocrx_word' id='word_1_325' title='bbox 1063 3407 1269 3493; x_wconf 89' lang='lat' dir='ltr'><strong>episcopum:</strong></span> <span class='ocrx_word' id='word_1_326' title='bbox 1305 3408 1501 3469; x_wconf 78' lang='lat' dir='ltr'><strong>Litterarum⁴</strong></span> <span class='ocrx_word' id='word_1_327' title='bbox 1531 3419 1643 3469; x_wconf 85' lang='lat' dir='ltr'><strong>tuarum</strong></span> <span class='ocrx_word' id='word_1_328' title='bbox 1677 3414 1830 3485; x_wconf 87' lang='lat' dir='ltr'><strong>primordia</strong></span> <span class='ocrx_word' id='word_1_329' title='bbox 1860 3413 1902 3468; x_wconf 88' lang='lat' dir='ltr'><strong>ita</strong></span> 
     </span>
     <span class='ocr_line' id='line_1_28' title="bbox 248 3518 1902 3588; baseline -0.005 -6"><span class='ocrx_word' id='word_1_330' title='bbox 248 3526 453 3582; x_wconf 86' lang='lat' dir='ltr'><strong>sacerdotalem</strong></span> <span class='ocrx_word' id='word_1_331' title='bbox 476 3527 505 3580; x_wconf 92' lang='lat' dir='ltr'><strong>iu</strong></span> <span class='ocrx_word' id='word_1_332' title='bbox 528 3533 558 3582; x_wconf 91' lang='lat' dir='ltr'><strong>te</strong></span> <span class='ocrx_word' id='word_1_333' title='bbox 584 3545 648 3583; x_wconf 86' lang='lat' dir='ltr'><strong>esse</strong></span> <span class='ocrx_word' id='word_1_334' title='bbox 672 3525 893 3582; x_wconf 81' lang='lat' dir='ltr'><strong>benivolentiam</strong></span> <span class='ocrx_word' id='word_1_335' title='bbox 917 3523 1160 3588; x_wconf 87' lang='lat' dir='ltr'><strong>demonstrabant,</strong></span> <span class='ocrx_word' id='word_1_336' title='bbox 1192 3529 1223 3576; x_wconf 88' lang='lat' dir='ltr'><strong>ut</strong></span> <span class='ocrx_word' id='word_1_337' title='bbox 1254 3521 1342 3576; x_wconf 88' lang='lat' dir='ltr'><strong>maior</strong></span> <span class='ocrx_word' id='word_1_338' title='bbox 1364 3521 1445 3575; x_wconf 90' lang='lat' dir='ltr'><strong>nobis</strong></span> <span class='ocrx_word' id='word_1_339' title='bbox 1475 3518 1560 3576; x_wconf 86' lang='lat' dir='ltr'><strong>fieret</strong></span> <span class='ocrx_word' id='word_1_340' title='bbox 1584 3521 1620 3574; x_wconf 86' lang='lat' dir='ltr'><strong>dc</strong></span> <span class='ocrx_word' id='word_1_341' title='bbox 1644 3519 1826 3575; x_wconf 87' lang='lat' dir='ltr'><strong>fraternitate</strong></span> <span class='ocrx_word' id='word_1_342' title='bbox 1850 3527 1902 3574; x_wconf 87' lang='lat' dir='ltr'><strong>tua</strong></span> 
     </span>
     <span class='ocr_line' id='line_1_29' title="bbox 249 3627 1900 3699; baseline -0.003 -12"><span class='ocrx_word' id='word_1_343' title='bbox 249 3634 374 3699; x_wconf 70' lang='lat' dir='ltr'><strong>inentia,</strong></span> <span class='ocrx_word' id='word_1_344' title='bbox 412 3634 464 3688; x_wconf 90' lang='lat' dir='ltr'><strong>sed</strong></span> <span class='ocrx_word' id='word_1_345' title='bbox 499 3641 609 3688; x_wconf 88' lang='lat' dir='ltr'><strong>tantum</strong></span> <span class='ocrx_word' id='word_1_346' title='bbox 645 3651 739 3688; x_wconf 89' lang='lat' dir='ltr'><strong>carum</strong></span> <span class='ocrx_word' id='word_1_347' title='bbox 769 3631 833 3686; x_wconf 84' lang='lat' dir='ltr'><strong>finis</strong></span> <span class='ocrx_word' id='word_1_348' title='bbox 857 3650 874 3686; x_wconf 91' lang='lat' dir='ltr'><strong>a</strong></span> <span class='ocrx_word' id='word_1_349' title='bbox 896 3631 954 3685; x_wconf 89' lang='lat' dir='ltr'><strong>suis</strong></span> <span class='ocrx_word' id='word_1_350' title='bbox 984 3631 1117 3685; x_wconf 86' lang='lat' dir='ltr'><strong>dissensit</strong></span> <span class='ocrx_word' id='word_1_351' title='bbox 1149 3628 1246 3694; x_wconf 90' lang='lat' dir='ltr'><strong>initiis,</strong></span> <span class='ocrx_word' id='word_1_352' title='bbox 1277 3636 1308 3682; x_wconf 89' lang='lat' dir='ltr'><strong>ut</strong></span> <span class='ocrx_word' id='word_1_353' title='bbox 1338 3646 1395 3682; x_wconf 91' lang='lat' dir='ltr'><strong>non</strong></span> <span class='ocrx_word' id='word_1_354' title='bbox 1425 3627 1518 3694; x_wconf 90' lang='lat' dir='ltr'><strong>unius,</strong></span> <span class='ocrx_word' id='word_1_355' title='bbox 1549 3627 1600 3682; x_wconf 91' lang='lat' dir='ltr'><strong>sed</strong></span> <span class='ocrx_word' id='word_1_356' title='bbox 1631 3627 1805 3681; x_wconf 88' lang='lat' dir='ltr'><strong>diversarum</strong></span> <span class='ocrx_word' id='word_1_357' title='bbox 1836 3644 1900 3683; x_wconf 89' lang='lat' dir='ltr'><strong>esse</strong></span> 
     </span>
     <span class='ocr_line' id='line_1_30' title="bbox 247 3732 1899 3810; baseline -0.004 -17"><span class='ocrx_word' id='word_1_358' title='bbox 247 3740 383 3795; x_wconf 88' lang='lat' dir='ltr'><strong>mentium</strong></span> <span class='ocrx_word' id='word_1_359' title='bbox 406 3739 471 3794; x_wconf 86' lang='lat' dir='ltr'><strong>talis</strong></span> <span class='ocrx_word' id='word_1_360' title='bbox 495 3741 662 3795; x_wconf 85' lang='lat' dir='ltr'><strong>crederetur</strong></span> <span class='ocrx_word' id='word_1_361' title='bbox 686 3738 816 3810; x_wconf 90' lang='lat' dir='ltr'><strong>epistola.</strong></span> <span class='ocrx_word' id='word_1_362' title='bbox 853 3732 917 3792; x_wconf 79' lang='lat' dir='ltr'><strong>Ex⁶</strong></span> <span class='ocrx_word' id='word_1_363' title='bbox 940 3737 987 3791; x_wconf 88' lang='lat' dir='ltr'><strong>illo</strong></span> <span class='ocrx_word' id='word_1_364' title='bbox 1010 3745 1118 3804; x_wconf 89' lang='lat' dir='ltr'><strong>autem,</strong></span> <span class='ocrx_word' id='word_1_365' title='bbox 1143 3736 1219 3807; x_wconf 90' lang='lat' dir='ltr'><strong>qnod</strong></span> <span class='ocrx_word' id='word_1_366' title='bbox 1243 3736 1279 3790; x_wconf 89' lang='lat' dir='ltr'><strong>de</strong></span> <span class='ocrx_word' id='word_1_367' title='bbox 1304 3734 1415 3806; x_wconf 88' lang='lat' dir='ltr'><strong>scriptis</strong></span> <span class='ocrx_word' id='word_1_368' title='bbox 1439 3734 1552 3800; x_wconf 90' lang='lat' dir='ltr'><strong>nostris,</strong></span> <span class='ocrx_word' id='word_1_369' title='bbox 1576 3750 1650 3804; x_wconf 88' lang='lat' dir='ltr'><strong>quae</strong></span> <span class='ocrx_word' id='word_1_370' title='bbox 1667 3735 1703 3787; x_wconf 88' lang='lat' dir='ltr'><strong>ad</strong></span> <span class='ocrx_word' id='word_1_371' title='bbox 1720 3741 1749 3788; x_wconf 91' lang='lat' dir='ltr'><strong>tc</strong></span> <span class='ocrx_word' id='word_1_372' title='bbox 1766 3734 1899 3800; x_wconf 87' lang='lat' dir='ltr'><strong>misimus,</strong></span> 
     </span>
    </p>

    <p class='ocr_par' dir='ltr' id='par_1_7' title="bbox 202 3839 1901 4344">
     <span class='ocr_line' id='line_1_31' title="bbox 202 3839 1899 3917; baseline -0.002 -18"><span class='ocrx_word' id='word_1_373' title='bbox 202 3867 230 3906; x_wconf 73' lang='grc' dir='ltr'><strong>ω</strong></span> <span class='ocrx_word' id='word_1_374' title='bbox 248 3847 396 3916; x_wconf 84' lang='lat' dir='ltr'><strong>dubitasti,</strong></span> <span class='ocrx_word' id='word_1_375' title='bbox 421 3864 505 3917; x_wconf 88' lang='lat' dir='ltr'><strong>quam</strong></span> <span class='ocrx_word' id='word_1_376' title='bbox 528 3847 567 3900; x_wconf 92' lang='lat' dir='ltr'><strong>sis</strong></span> <span class='ocrx_word' id='word_1_377' title='bbox 589 3847 730 3912; x_wconf 90' lang='lat' dir='ltr'><strong>incautus,</strong></span> <span class='ocrx_word' id='word_1_378' title='bbox 755 3845 897 3917; x_wconf 86' lang='lat' dir='ltr'><strong>apparuit.</strong></span> <span class='ocrx_word' id='word_1_379' title='bbox 945 3843 1017 3898; x_wconf 85' lang='lat' dir='ltr'><strong>Nam</strong></span> <span class='ocrx_word' id='word_1_380' title='bbox 1047 3844 1070 3897; x_wconf 92' lang='lat' dir='ltr'><strong>si</strong></span> <span class='ocrx_word' id='word_1_381' title='bbox 1100 3842 1255 3914; x_wconf 82' lang='lat' dir='ltr'><strong>diligenter</strong></span> <span class='ocrx_word' id='word_1_382' title='bbox 1284 3857 1329 3909; x_wconf 89' lang='lat' dir='ltr'><strong>ea,</strong></span> <span class='ocrx_word' id='word_1_383' title='bbox 1361 3858 1434 3912; x_wconf 89' lang='lat' dir='ltr'><strong>quae</strong></span> <span class='ocrx_word' id='word_1_384' title='bbox 1458 3839 1585 3895; x_wconf 86' lang='lat' dir='ltr'><strong>fraterno</strong></span> <span class='ocrx_word' id='word_1_385' title='bbox 1615 3857 1709 3895; x_wconf 87' lang='lat' dir='ltr'><strong>amore</strong></span> <span class='ocrx_word' id='word_1_386' title='bbox 1734 3841 1899 3907; x_wconf 90' lang='lat' dir='ltr'><strong>monuimus,</strong></span> 
     </span>
     <span class='ocr_line' id='line_1_32' title="bbox 247 3946 1900 4020; baseline -0.003 -12"><span class='ocrx_word' id='word_1_387' title='bbox 247 3953 437 4020; x_wconf 88' lang='lat' dir='ltr'><strong>adtendisses,</strong></span> <span class='ocrx_word' id='word_1_388' title='bbox 467 3970 523 4008; x_wconf 90' lang='lat' dir='ltr'><strong>non</strong></span> <span class='ocrx_word' id='word_1_389' title='bbox 553 3953 642 4008; x_wconf 87' lang='lat' dir='ltr'><strong>solum</strong></span> <span class='ocrx_word' id='word_1_390' title='bbox 672 3953 784 4007; x_wconf 90' lang='lat' dir='ltr'><strong>minime</strong></span> <span class='ocrx_word' id='word_1_391' title='bbox 815 3951 987 4018; x_wconf 87' lang='lat' dir='ltr'><strong>dubitasses,</strong></span> <span class='ocrx_word' id='word_1_392' title='bbox 1018 3951 1069 4004; x_wconf 88' lang='lat' dir='ltr'><strong>scd</strong></span> <span class='ocrx_word' id='word_1_393' title='bbox 1100 3951 1192 4015; x_wconf 90' lang='lat' dir='ltr'><strong>immo,</strong></span> <span class='ocrx_word' id='word_1_394' title='bbox 1224 3948 1292 4020; x_wconf 88' lang='lat' dir='ltr'><strong>quid</strong></span> <span class='ocrx_word' id='word_1_395' title='bbox 1323 3955 1352 4002; x_wconf 90' lang='lat' dir='ltr'><strong>tc</strong></span> <span class='ocrx_word' id='word_1_396' title='bbox 1384 3947 1553 4002; x_wconf 86' lang='lat' dir='ltr'><strong>sacerdotali</strong></span> <span class='ocrx_word' id='word_1_397' title='bbox 1583 3946 1725 4017; x_wconf 82' lang='lat' dir='ltr'><strong>gravitate</strong></span> <span class='ocrx_word' id='word_1_398' title='bbox 1752 3955 1900 4018; x_wconf 88' lang='lat' dir='ltr'><strong>oporteret</strong></span> 
     </span>
     <span class='ocr_line' id='line_1_33' title="bbox 248 4053 1900 4132; baseline -0.003 -18"><span class='ocrx_word' id='word_1_399' title='bbox 248 4079 345 4132; x_wconf 86' lang='lat' dir='ltr'><strong>agere,</strong></span> <span class='ocrx_word' id='word_1_400' title='bbox 369 4061 559 4131; x_wconf 76' lang='lat' dir='ltr'><strong>cognovisses.</strong></span> <span class='ocrx_word' id='word_1_401' title='bbox 602 4059 704 4130; x_wconf 88' lang='lat' dir='ltr'><strong>Neque</strong></span> <span class='ocrx_word' id='word_1_402' title='bbox 730 4059 803 4114; x_wconf 89' lang='lat' dir='ltr'><strong>enim</strong></span> <span class='ocrx_word' id='word_1_403' title='bbox 827 4057 964 4129; x_wconf 74' lang='lat' dir='ltr'><strong>Cyriacus</strong></span> <span class='ocrx_word' id='word_1_404' title='bbox 988 4058 1121 4111; x_wconf 90' lang='lat' dir='ltr'><strong>diaconus</strong></span> <span class='ocrx_word' id='word_1_405' title='bbox 1144 4056 1244 4122; x_wconf 90' lang='lat' dir='ltr'><strong>abbas,</strong></span> <span class='ocrx_word' id='word_1_406' title='bbox 1269 4054 1316 4126; x_wconf 91' lang='lat' dir='ltr'><strong>qui</strong></span> <span class='ocrx_word' id='word_1_407' title='bbox 1340 4053 1507 4125; x_wconf 89' lang='lat' dir='ltr'><strong>scriptorum</strong></span> <span class='ocrx_word' id='word_1_408' title='bbox 1529 4059 1686 4108; x_wconf 88' lang='lat' dir='ltr'><strong>nostrorum</strong></span> <span class='ocrx_word' id='word_1_409' title='bbox 1707 4053 1828 4123; x_wconf 89' lang='lat' dir='ltr'><strong>portitor</strong></span> <span class='ocrx_word' id='word_1_410' title='bbox 1852 4074 1900 4110; x_wconf 83' lang='lat' dir='ltr'><strong>er·</strong></span> 
     </span>
     <span class='ocr_line' id='line_1_34' title="bbox 248 4160 1901 4238; baseline -0.003 -17"><span class='ocrx_word' id='word_1_411' title='bbox 248 4167 317 4232; x_wconf 93' lang='lat' dir='ltr'><strong>titit,</strong></span> <span class='ocrx_word' id='word_1_412' title='bbox 341 4166 423 4221; x_wconf 90' lang='lat' dir='ltr'><strong>istius</strong></span> <span class='ocrx_word' id='word_1_413' title='bbox 446 4166 611 4238; x_wconf 88' lang='lat' dir='ltr'><strong>disciplinae</strong></span> <span class='ocrx_word' id='word_1_414' title='bbox 635 4165 681 4220; x_wconf 90' lang='lat' dir='ltr'><strong>vel</strong></span> <span class='ocrx_word' id='word_1_415' title='bbox 706 4165 870 4221; x_wconf 88' lang='lat' dir='ltr'><strong>cruditionis</strong></span> <span class='ocrx_word' id='word_1_416' title='bbox 894 4164 958 4231; x_wconf 87' lang='lat' dir='ltr'><strong>fuit,</strong></span> <span class='ocrx_word' id='word_1_417' title='bbox 990 4172 1022 4218; x_wconf 89' lang='lat' dir='ltr'><strong>ut</strong></span> <span class='ocrx_word' id='word_1_418' title='bbox 1045 4163 1091 4220; x_wconf 85' lang='lat' dir='ltr'><strong>vel</strong></span> <span class='ocrx_word' id='word_1_419' title='bbox 1120 4163 1181 4235; x_wconf 91' lang='lat' dir='ltr'><strong>ipse</strong></span> <span class='ocrx_word' id='word_1_420' title='bbox 1205 4161 1283 4217; x_wconf 90' lang='lat' dir='ltr'><strong>aliud</strong></span> <span class='ocrx_word' id='word_1_421' title='bbox 1306 4161 1413 4228; x_wconf 90' lang='lat' dir='ltr'><strong>facere,</strong></span> <span class='ocrx_word' id='word_1_422' title='bbox 1438 4160 1510 4214; x_wconf 90' lang='lat' dir='ltr'><strong>sicut</strong></span> <span class='ocrx_word' id='word_1_423' title='bbox 1533 4167 1629 4232; x_wconf 89' lang='lat' dir='ltr'><strong>putas,</strong></span> <span class='ocrx_word' id='word_1_424' title='bbox 1653 4160 1775 4215; x_wconf 88' lang='lat' dir='ltr'><strong>auderet</strong></span> <span class='ocrx_word' id='word_1_425' title='bbox 1799 4161 1845 4216; x_wconf 90' lang='lat' dir='ltr'><strong>vel</strong></span> <span class='ocrx_word' id='word_1_426' title='bbox 1869 4169 1901 4216; x_wconf 90' lang='lat' dir='ltr'><strong>tu</strong></span> 
     </span>
     <span class='ocr_line' id='line_1_35' title="bbox 248 4267 1900 4344; baseline -0.003 -17"><span class='ocrx_word' id='word_1_427' title='bbox 248 4274 285 4327; x_wconf 85' lang='lat' dir='ltr'><strong>dc</strong></span> <span class='ocrx_word' id='word_1_428' title='bbox 310 4274 370 4328; x_wconf 90' lang='lat' dir='ltr'><strong>eius</strong></span> <span class='ocrx_word' id='word_1_429' title='bbox 393 4273 444 4327; x_wconf 89' lang='lat' dir='ltr'><strong>tibi</strong></span> <span class='ocrx_word' id='word_1_430' title='bbox 468 4291 588 4344; x_wconf 88' lang='lat' dir='ltr'><strong>persona</strong></span> <span class='ocrx_word' id='word_1_431' title='bbox 611 4272 799 4343; x_wconf 90' lang='lat' dir='ltr'><strong>suspicionem</strong></span> <span class='ocrx_word' id='word_1_432' title='bbox 823 4270 956 4327; x_wconf 87' lang='lat' dir='ltr'><strong>falsitatis</strong></span> <span class='ocrx_word' id='word_1_433' title='bbox 979 4289 1148 4326; x_wconf 88' lang='lat' dir='ltr'><strong>assumeres.</strong></span> <span class='ocrx_word' id='word_1_434' title='bbox 1195 4268 1253 4324; x_wconf 84' lang='lat' dir='ltr'><strong>Sed</strong></span> <span class='ocrx_word' id='word_1_435' title='bbox 1285 4269 1351 4322; x_wconf 91' lang='lat' dir='ltr'><strong>dum</strong></span> <span class='ocrx_word' id='word_1_436' title='bbox 1381 4267 1488 4322; x_wconf 90' lang='lat' dir='ltr'><strong>monita</strong></span> <span class='ocrx_word' id='word_1_437' title='bbox 1517 4267 1640 4321; x_wconf 88' lang='lat' dir='ltr'><strong>salubria</strong></span> <span class='ocrx_word' id='word_1_438' title='bbox 1670 4285 1790 4338; x_wconf 86' lang='lat' dir='ltr'><strong>pensare</strong></span> <span class='ocrx_word' id='word_1_439' title='bbox 1821 4275 1900 4340; x_wconf 90' lang='lat' dir='ltr'><strong>post-</strong></span> 
     </span>
    </p>

    <p class='ocr_par' dir='ltr' id='par_1_8' title="bbox 203 4370 1902 4661">
     <span class='ocr_line' id='line_1_36' title="bbox 203 4370 1902 4450; baseline -0.004 -14"><span class='ocrx_word' id='word_1_440' title='bbox 203 4398 229 4438; x_wconf 86' lang='lat' dir='ltr'><strong>ss</strong></span> <span class='ocrx_word' id='word_1_441' title='bbox 248 4381 339 4450; x_wconf 90' lang='lat' dir='ltr'><strong>ponis,</strong></span> <span class='ocrx_word' id='word_1_442' title='bbox 363 4379 492 4450; x_wconf 89' lang='lat' dir='ltr'><strong>contigit,</strong></span> <span class='ocrx_word' id='word_1_443' title='bbox 516 4387 547 4433; x_wconf 91' lang='lat' dir='ltr'><strong>ut</strong></span> <span class='ocrx_word' id='word_1_444' title='bbox 570 4380 625 4434; x_wconf 89' lang='lat' dir='ltr'><strong>iam</strong></span> <span class='ocrx_word' id='word_1_445' title='bbox 648 4396 703 4433; x_wconf 90' lang='lat' dir='ltr'><strong>non</strong></span> <span class='ocrx_word' id='word_1_446' title='bbox 728 4378 816 4433; x_wconf 89' lang='lat' dir='ltr'><strong>solnm</strong></span> <span class='ocrx_word' id='word_1_447' title='bbox 840 4385 916 4445; x_wconf 92' lang='lat' dir='ltr'><strong>actu,</strong></span> <span class='ocrx_word' id='word_1_448' title='bbox 940 4395 1037 4432; x_wconf 90' lang='lat' dir='ltr'><strong>verum</strong></span> <span class='ocrx_word' id='word_1_449' title='bbox 1062 4378 1148 4432; x_wconf 89' lang='lat' dir='ltr'><strong>etiam</strong></span> <span class='ocrx_word' id='word_1_450' title='bbox 1172 4394 1250 4431; x_wconf 88' lang='lat' dir='ltr'><strong>esses</strong></span> <span class='ocrx_word' id='word_1_451' title='bbox 1273 4374 1495 4444; x_wconf 85' lang='lat' dir='ltr'><strong>interrogatione</strong></span> <span class='ocrx_word' id='word_1_452' title='bbox 1527 4373 1687 4445; x_wconf 84' lang='lat' dir='ltr'><strong>culpabilis.</strong></span> <span class='ocrx_word' id='word_1_453' title='bbox 1734 4370 1902 4429; x_wconf 76' lang='lat' dir='ltr'><strong>Perlatnm⁶</strong></span> 
     </span>
     <span class='ocr_line' id='line_1_37' title="bbox 248 4480 1900 4558; baseline -0.002 -18"><span class='ocrx_word' id='word_1_454' title='bbox 248 4487 394 4558; x_wconf 83' lang='lat' dir='ltr'><strong>quidem</strong></span> <span class='ocrx_word' id='word_1_455' title='bbox 418 4487 455 4541; x_wconf 88' lang='lat' dir='ltr'><strong>ad</strong></span> <span class='ocrx_word' id='word_1_456' title='bbox 478 4504 528 4541; x_wconf 93' lang='lat' dir='ltr'><strong>nos</strong></span> <span class='ocrx_word' id='word_1_457' title='bbox 551 4486 656 4550; x_wconf 87' lang='lat' dir='ltr'><strong>fuerat,</strong></span> <span class='ocrx_word' id='word_1_458' title='bbox 689 4485 764 4557; x_wconf 90' lang='lat' dir='ltr'><strong>quod</strong></span> <span class='ocrx_word' id='word_1_459' title='bbox 795 4485 1003 4539; x_wconf 87' lang='lat' dir='ltr'><strong>inconsiderato</strong></span> <span class='ocrx_word' id='word_1_460' title='bbox 1033 4483 1094 4539; x_wconf 88' lang='lat' dir='ltr'><strong>zelo</strong></span> <span class='ocrx_word' id='word_1_461' title='bbox 1125 4500 1278 4538; x_wconf 89' lang='lat' dir='ltr'><strong>succensus</strong></span> <span class='ocrx_word' id='word_1_462' title='bbox 1307 4487 1467 4536; x_wconf 88' lang='lat' dir='ltr'><strong>sanctorum</strong></span> <span class='ocrx_word' id='word_1_463' title='bbox 1495 4480 1631 4551; x_wconf 85' lang='lat' dir='ltr'><strong>imagines</strong></span> <span class='ocrx_word' id='word_1_464' title='bbox 1661 4480 1713 4534; x_wconf 89' lang='lat' dir='ltr'><strong>sub</strong></span> <span class='ocrx_word' id='word_1_465' title='bbox 1743 4480 1796 4536; x_wconf 92' lang='lat' dir='ltr'><strong>hac</strong></span> <span class='ocrx_word' id='word_1_466' title='bbox 1820 4484 1900 4552; x_wconf 89' lang='lat' dir='ltr'><strong>quasi</strong></span> 
     </span>
     <span class='ocr_line' id='line_1_38' title="bbox 249 4587 1900 4661; baseline -0.003 -13"><span class='ocrx_word' id='word_1_467' title='bbox 249 4593 441 4658; x_wconf 84' lang='lat' dir='ltr'><strong>excusatione,</strong></span> <span class='ocrx_word' id='word_1_468' title='bbox 465 4611 501 4648; x_wconf 92' lang='lat' dir='ltr'><strong>ne</strong></span> <span class='ocrx_word' id='word_1_469' title='bbox 526 4593 635 4648; x_wconf 89' lang='lat' dir='ltr'><strong>adorari</strong></span> <span class='ocrx_word' id='word_1_470' title='bbox 659 4592 836 4659; x_wconf 89' lang='lat' dir='ltr'><strong>debuissent,</strong></span> <span class='ocrx_word' id='word_1_471' title='bbox 861 4590 1097 4661; x_wconf 88' lang='lat' dir='ltr'><strong>confregeris.</strong></span> <span class='ocrx_word' id='word_1_472' title='bbox 1134 4590 1171 4643; x_wconf 85' lang='lat' dir='ltr'><strong>Et</strong></span> <span class='ocrx_word' id='word_1_473' title='bbox 1187 4589 1303 4660; x_wconf 87' lang='lat' dir='ltr'><strong>quidem</strong></span> <span class='ocrx_word' id='word_1_474' title='bbox 1319 4588 1385 4659; x_wconf 91' lang='lat' dir='ltr'><strong>quia</strong></span> <span class='ocrx_word' id='word_1_475' title='bbox 1402 4605 1450 4642; x_wconf 86' lang='lat' dir='ltr'><strong>eas</strong></span> <span class='ocrx_word' id='word_1_476' title='bbox 1466 4587 1589 4642; x_wconf 90' lang='lat' dir='ltr'><strong>adorari</strong></span> <span class='ocrx_word' id='word_1_477' title='bbox 1613 4588 1764 4653; x_wconf 89' lang='lat' dir='ltr'><strong>vetuisses,</strong></span> <span class='ocrx_word' id='word_1_478' title='bbox 1788 4588 1900 4643; x_wconf 90' lang='lat' dir='ltr'><strong>omnino</strong></span> 
     </span>
    </p>
   </div>
   <div class='ocr_carea' id='block_1_5' title="bbox 202 4790 1901 5223">
    <p class='ocr_par' dir='ltr' id='par_1_9' title="bbox 202 4790 1901 5223">
     <span class='ocr_line' id='line_1_39' title="bbox 354 4790 1900 4867; baseline -0.004 -15"><span class='ocrx_word' id='word_1_479' title='bbox 354 4803 403 4853; x_wconf 78' lang='lat' dir='ltr'><strong>XI.</strong></span> <span class='ocrx_word' id='word_1_480' title='bbox 434 4803 586 4852; x_wconf 79' lang='lat' dir='ltr'><strong>ll&#39;enicae</strong></span> <span class='ocrx_word' id='word_1_481' title='bbox 606 4802 633 4851; x_wconf 81' lang='grc' dir='ltr'><strong>Γ.</strong></span> <span class='ocrx_word' id='word_1_482' title='bbox 725 4801 860 4867; x_wconf 88' lang='lat' dir='ltr'><strong>insignem</strong></span> <span class='ocrx_word' id='word_1_483' title='bbox 879 4800 906 4849; x_wconf 88' lang='lat' dir='ltr'><strong>V.</strong></span> <span class='ocrx_word' id='word_1_484' title='bbox 997 4798 1175 4850; x_wconf 63' lang='lat' dir='ltr'><strong>iliberatam</strong></span> <span class='ocrx_word' id='word_1_485' title='bbox 1197 4798 1223 4846; x_wconf 86' lang='grc' dir='ltr'><strong>Γ.</strong></span> <span class='ocrx_word' id='word_1_486' title='bbox 1309 4792 1379 4860; x_wconf 86' lang='lat' dir='ltr'><strong>3et]</strong></span> <span class='ocrx_word' id='word_1_487' title='bbox 1401 4803 1430 4847; x_wconf 91' lang='lat' dir='ltr'><strong>nt</strong></span> <span class='ocrx_word' id='word_1_488' title='bbox 1450 4796 1477 4846; x_wconf 85' lang='lat' dir='ltr'><strong>V.</strong></span> <span class='ocrx_word' id='word_1_489' title='bbox 1567 4790 1713 4859; x_wconf 78' lang='lat' dir='ltr'><strong>hindicia]</strong></span> <span class='ocrx_word' id='word_1_490' title='bbox 1733 4795 1853 4847; x_wconf 81' lang='lat' dir='ltr'><strong>indutias</strong></span> <span class='ocrx_word' id='word_1_491' title='bbox 1874 4797 1900 4846; x_wconf 88' lang='lat' dir='ltr'><strong>V.</strong></span> 
     </span>
     <span class='ocr_line' id='line_1_40' title="bbox 249 4883 1089 4954; baseline -0.004 -12"><span class='ocrx_word' id='word_1_492' title='bbox 249 4895 265 4942; x_wconf 78' lang='grc'>8</span> <span class='ocrx_word' id='word_1_493' title='bbox 283 4886 372 4954; x_wconf 82' lang='lat' dir='ltr'><strong>Nunc]</strong></span> <span class='ocrx_word' id='word_1_494' title='bbox 392 4892 460 4942; x_wconf 82' lang='lat' dir='ltr'><strong>Nam</strong></span> <span class='ocrx_word' id='word_1_495' title='bbox 481 4891 507 4941; x_wconf 87' lang='grc' dir='ltr'><strong>Γ.</strong></span> <span class='ocrx_word' id='word_1_496' title='bbox 581 4893 596 4940; x_wconf 84' lang='grc'>9</span> <span class='ocrx_word' id='word_1_497' title='bbox 616 4891 779 4942; x_wconf 87' lang='lat' dir='ltr'><strong>sanctissimi</strong></span> <span class='ocrx_word' id='word_1_498' title='bbox 798 4883 834 4954; x_wconf 88' lang='lat' dir='ltr'><strong>et]</strong></span> <span class='ocrx_word' id='word_1_499' title='bbox 853 4889 1041 4939; x_wconf 87' lang='lat' dir='ltr'><strong>sanctissimae</strong></span> <span class='ocrx_word' id='word_1_500' title='bbox 1061 4888 1089 4939; x_wconf 86' lang='lat' dir='ltr'><strong>V.</strong></span> 
     </span>
     <span class='ocr_line' id='line_1_41' title="bbox 202 4974 676 5045; baseline -0.008 -12"><span class='ocrx_word' id='word_1_501' title='bbox 202 4995 231 5033; x_wconf 82' lang='lat' dir='ltr'><strong>se</strong></span> <span class='ocrx_word' id='word_1_502' title='bbox 354 4980 420 5029; x_wconf 85' lang='lat' dir='ltr'><strong>xl1.</strong></span> <span class='ocrx_word' id='word_1_503' title='bbox 448 4983 482 5030; x_wconf 81' lang='lat'><strong>23</strong></span> <span class='ocrx_word' id='word_1_504' title='bbox 501 4974 564 5045; x_wconf 88' lang='lat' dir='ltr'><strong>qne]</strong></span> <span class='ocrx_word' id='word_1_505' title='bbox 583 4980 629 5044; x_wconf 84' lang='lat' dir='ltr'><strong>qui</strong></span> <span class='ocrx_word' id='word_1_506' title='bbox 650 4979 676 5029; x_wconf 89' lang='grc' dir='ltr'><strong>Γ.</strong></span> 
     </span>
     <span class='ocr_line' id='line_1_42' title="bbox 355 5058 1901 5130; baseline -0.004 -11"><span class='ocrx_word' id='word_1_507' title='bbox 355 5070 436 5119; x_wconf 83' lang='lat' dir='ltr'>XIII.</span> <span class='ocrx_word' id='word_1_508' title='bbox 464 5070 497 5120; x_wconf 79' lang='grc'><strong>27</strong></span> <span class='ocrx_word' id='word_1_509' title='bbox 518 5069 741 5120; x_wconf 87' lang='lat' dir='ltr'><strong>demonstrabunt</strong></span> <span class='ocrx_word' id='word_1_510' title='bbox 760 5067 788 5118; x_wconf 83' lang='lat' dir='ltr'><strong>V.</strong></span> <span class='ocrx_word' id='word_1_511' title='bbox 843 5069 877 5118; x_wconf 79' lang='lat'><strong>28</strong></span> <span class='ocrx_word' id='word_1_512' title='bbox 896 5068 1024 5119; x_wconf 87' lang='lat' dir='ltr'><strong>dissensit</strong></span> <span class='ocrx_word' id='word_1_513' title='bbox 1043 5061 1137 5130; x_wconf 88' lang='lat' dir='ltr'><strong>initiis]</strong></span> <span class='ocrx_word' id='word_1_514' title='bbox 1157 5065 1316 5116; x_wconf 87' lang='lat' dir='ltr'><strong>dissensisse</strong></span> <span class='ocrx_word' id='word_1_515' title='bbox 1336 5065 1364 5114; x_wconf 93' lang='lat' dir='ltr'><strong>in</strong></span> <span class='ocrx_word' id='word_1_516' title='bbox 1383 5065 1436 5114; x_wconf 91' lang='lat' dir='ltr'><strong>tuis</strong></span> <span class='ocrx_word' id='word_1_517' title='bbox 1457 5063 1483 5113; x_wconf 85' lang='grc' dir='ltr'><strong>Γ.</strong></span> <span class='ocrx_word' id='word_1_518' title='bbox 1546 5065 1580 5115; x_wconf 79' lang='grc'><strong>30</strong></span> <span class='ocrx_word' id='word_1_519' title='bbox 1598 5058 1735 5124; x_wconf 87' lang='lat' dir='ltr'><strong>incautus]</strong></span> <span class='ocrx_word' id='word_1_520' title='bbox 1757 5069 1854 5114; x_wconf 77' lang='lat' dir='ltr'><strong>camus</strong></span> <span class='ocrx_word' id='word_1_521' title='bbox 1873 5063 1901 5112; x_wconf 83' lang='lat' dir='ltr'><strong>V·</strong></span> 
     </span>
     <span class='ocr_line' id='line_1_43' title="bbox 249 5153 800 5223; baseline -0.002 -15"><span class='ocrx_word' id='word_1_522' title='bbox 249 5161 282 5210; x_wconf 79' lang='grc'><strong>32</strong></span> <span class='ocrx_word' id='word_1_523' title='bbox 302 5153 446 5222; x_wconf 85' lang='lat' dir='ltr'><strong>diaconus]</strong></span> <span class='ocrx_word' id='word_1_524' title='bbox 466 5158 504 5208; x_wconf 81' lang='lat' dir='ltr'><strong>itu</strong></span> <span class='ocrx_word' id='word_1_525' title='bbox 523 5158 550 5220; x_wconf 78' lang='grc' dir='ltr'><strong>Γ,</strong></span> <span class='ocrx_word' id='word_1_526' title='bbox 570 5158 706 5223; x_wconf 88' lang='lat' dir='ltr'><strong>quondam</strong></span> <span class='ocrx_word' id='word_1_527' title='bbox 727 5156 800 5223; x_wconf 62' lang='lat' dir='ltr'><strong>(freq.</strong></span> 
     </span>
    </p>
   </div>
   <div class='ocr_carea' id='block_1_6' title="bbox 202 5331 1903 6037">
    <p class='ocr_par' dir='ltr' id='par_1_10' title="bbox 202 5331 1903 6037">
     <span class='ocr_line' id='line_1_44' title="bbox 359 5331 1901 5415; baseline -0.003 -20"><span class='ocrx_word' id='word_1_528' title='bbox 359 5340 388 5410; x_wconf 88' lang='lat'><strong>1)</strong></span> <span class='ocrx_word' id='word_1_529' title='bbox 412 5340 443 5397; x_wconf 91' lang='lat' dir='ltr'><strong>V.</strong></span> <span class='ocrx_word' id='word_1_530' title='bbox 467 5359 558 5415; x_wconf 84' lang='lat' dir='ltr'><strong>supra</strong></span> <span class='ocrx_word' id='word_1_531' title='bbox 578 5359 610 5414; x_wconf 84' lang='lat' dir='ltr'><strong>p.</strong></span> <span class='ocrx_word' id='word_1_532' title='bbox 626 5342 691 5399; x_wconf 77' lang='lat'><strong>487</strong></span> <span class='ocrx_word' id='word_1_533' title='bbox 709 5341 728 5395; x_wconf 87' lang='lat' dir='ltr'><strong>l.</strong></span> <span class='ocrx_word' id='word_1_534' title='bbox 744 5343 786 5397; x_wconf 74' lang='lat'><strong>25</strong></span> <span class='ocrx_word' id='word_1_535' title='bbox 798 5358 859 5414; x_wconf 81' lang='lat' dir='ltr'><strong>sqq.</strong></span> <span class='ocrx_word' id='word_1_536' title='bbox 930 5337 960 5406; x_wconf 79' lang='grc'><strong>2)</strong></span> <span class='ocrx_word' id='word_1_537' title='bbox 985 5335 1143 5412; x_wconf 69' lang='lat' dir='ltr'><strong>Gregorius</strong></span> <span class='ocrx_word' id='word_1_538' title='bbox 1168 5335 1221 5406; x_wconf 78' lang='lat' dir='ltr'><strong>M,</strong></span> <span class='ocrx_word' id='word_1_539' title='bbox 1248 5334 1379 5412; x_wconf 79' lang='lat' dir='ltr'><strong>Epistola</strong></span> <span class='ocrx_word' id='word_1_540' title='bbox 1402 5335 1445 5390; x_wconf 84' lang='lat' dir='ltr'><strong>ad</strong></span> <span class='ocrx_word' id='word_1_541' title='bbox 1461 5333 1596 5392; x_wconf 82' lang='lat' dir='ltr'><strong>Serenum</strong></span> <span class='ocrx_word' id='word_1_542' title='bbox 1621 5331 1778 5409; x_wconf 75' lang='lat' dir='ltr'><strong>episcopum</strong></span> <span class='ocrx_word' id='word_1_543' title='bbox 1796 5333 1901 5391; x_wconf 74' lang='lat' dir='ltr'><strong>hlasei-</strong></span> 
     </span>
     <span class='ocr_line' id='line_1_45' title="bbox 249 5433 1900 5523; baseline -0.003 -20"><span class='ocrx_word' id='word_1_544' title='bbox 249 5448 378 5516; x_wconf 62' lang='lat' dir='ltr'><strong>necem</strong></span> <span class='ocrx_word' id='word_1_545' title='bbox 404 5443 477 5504; x_wconf 71' lang='grc' dir='ltr'><strong>ΜΘ.</strong></span> <span class='ocrx_word' id='word_1_546' title='bbox 503 5445 583 5523; x_wconf 61' lang='lat' dir='ltr'><strong>spp</strong></span> <span class='ocrx_word' id='word_1_547' title='bbox 607 5445 648 5516; x_wconf 83' lang='lat' dir='ltr'><strong>II,</strong></span> <span class='ocrx_word' id='word_1_548' title='bbox 668 5449 728 5505; x_wconf 85' lang='lat'><strong>195</strong></span> <span class='ocrx_word' id='word_1_549' title='bbox 751 5439 910 5519; x_wconf 65' lang='lat' dir='ltr'><strong>(leffe-E.</strong></span> <span class='ocrx_word' id='word_1_550' title='bbox 934 5463 964 5499; x_wconf 84' lang='lat' dir='ltr'><strong>n.</strong></span> <span class='ocrx_word' id='word_1_551' title='bbox 982 5439 1084 5516; x_wconf 82' lang='lat'><strong>1736).</strong></span> <span class='ocrx_word' id='word_1_552' title='bbox 1126 5441 1236 5500; x_wconf 81' lang='lat' dir='ltr'><strong>Verba:</strong></span> <span class='ocrx_word' id='word_1_553' title='bbox 1260 5441 1343 5506; x_wconf 86' lang='lat' dir='ltr'><strong>Quod</strong></span> <span class='ocrx_word' id='word_1_554' title='bbox 1366 5441 1539 5497; x_wconf 82' lang='lat' dir='ltr'><strong>fraternitati</strong></span> <span class='ocrx_word' id='word_1_555' title='bbox 1558 5469 1595 5479; x_wconf 90' lang='lat'>—</span> <span class='ocrx_word' id='word_1_556' title='bbox 1614 5441 1771 5496; x_wconf 88' lang='lat' dir='ltr'><strong>Praeterea</strong></span> <span class='ocrx_word' id='word_1_557' title='bbox 1794 5434 1826 5514; x_wconf 80' lang='lat' dir='ltr'><strong>(l.</strong></span> <span class='ocrx_word' id='word_1_558' title='bbox 1847 5433 1900 5516; x_wconf 77' lang='lat'><strong>18)</strong></span> 
     </span>
     <span class='ocr_line' id='line_1_46' title="bbox 202 5545 1900 5626; baseline -0.004 -16"><span class='ocrx_word' id='word_1_559' title='bbox 202 5579 232 5618; x_wconf 61' lang='grc' dir='ltr'><strong>ω</strong></span> <span class='ocrx_word' id='word_1_560' title='bbox 251 5554 279 5610; x_wconf 85' lang='lat' dir='ltr'><strong>iu</strong></span> <span class='ocrx_word' id='word_1_561' title='bbox 301 5552 437 5626; x_wconf 79' lang='lat' dir='ltr'><strong>synodica</strong></span> <span class='ocrx_word' id='word_1_562' title='bbox 461 5551 621 5610; x_wconf 79' lang='lat' dir='ltr'><strong>Parisicnai</strong></span> <span class='ocrx_word' id='word_1_563' title='bbox 642 5552 850 5610; x_wconf 71' lang='lat' dir='ltr'><strong>desiderantia.</strong></span> <span class='ocrx_word' id='word_1_564' title='bbox 925 5550 955 5620; x_wconf 89' lang='lat'><strong>3)</strong></span> <span class='ocrx_word' id='word_1_565' title='bbox 978 5549 1011 5606; x_wconf 89' lang='lat' dir='ltr'><strong>V.</strong></span> <span class='ocrx_word' id='word_1_566' title='bbox 1034 5569 1125 5625; x_wconf 84' lang='lat' dir='ltr'><strong>supra</strong></span> <span class='ocrx_word' id='word_1_567' title='bbox 1142 5551 1254 5625; x_wconf 70' lang='lat' dir='ltr'><strong>pssJ</strong></span> <span class='ocrx_word' id='word_1_568' title='bbox 1271 5549 1289 5605; x_wconf 85' lang='lat'><strong>1.</strong></span> <span class='ocrx_word' id='word_1_569' title='bbox 1307 5553 1432 5623; x_wconf 75' lang='lat' dir='ltr'><strong>2Saqq,</strong></span> <span class='ocrx_word' id='word_1_570' title='bbox 1451 5566 1485 5622; x_wconf 84' lang='lat' dir='ltr'><strong>p.</strong></span> <span class='ocrx_word' id='word_1_571' title='bbox 1503 5549 1566 5605; x_wconf 77' lang='lat'><strong>527</strong></span> <span class='ocrx_word' id='word_1_572' title='bbox 1584 5548 1602 5603; x_wconf 80' lang='lat' dir='ltr'><strong>l.</strong></span> <span class='ocrx_word' id='word_1_573' title='bbox 1621 5549 1732 5622; x_wconf 80' lang='lat' dir='ltr'><strong>15sqq.</strong></span> <span class='ocrx_word' id='word_1_574' title='bbox 1815 5545 1845 5614; x_wconf 79' lang='lat' dir='ltr'><strong>l)</strong></span> <span class='ocrx_word' id='word_1_575' title='bbox 1868 5546 1900 5604; x_wconf 86' lang='lat' dir='ltr'><strong>V.</strong></span> 
     </span>
     <span class='ocr_line' id='line_1_47' title="bbox 250 5647 1901 5736; baseline -0.004 -20"><span class='ocrx_word' id='word_1_576' title='bbox 250 5679 340 5736; x_wconf 81' lang='lat' dir='ltr'><strong>supra</strong></span> <span class='ocrx_word' id='word_1_577' title='bbox 359 5660 636 5735; x_wconf 77' lang='lat' dir='ltr'><strong>p.5071.10aqq.</strong></span> <span class='ocrx_word' id='word_1_578' title='bbox 721 5657 753 5728; x_wconf 79' lang='lat'><strong>5)</strong></span> <span class='ocrx_word' id='word_1_579' title='bbox 776 5657 868 5714; x_wconf 82' lang='lat' dir='ltr'><strong>Verba</strong></span> <span class='ocrx_word' id='word_1_580' title='bbox 891 5659 933 5713; x_wconf 85' lang='lat' dir='ltr'><strong>Er</strong></span> <span class='ocrx_word' id='word_1_581' title='bbox 957 5657 1004 5713; x_wconf 92' lang='lat' dir='ltr'><strong>illo</strong></span> <span class='ocrx_word' id='word_1_582' title='bbox 1024 5685 1062 5697; x_wconf 93' lang='lat'>-</span> <span class='ocrx_word' id='word_1_583' title='bbox 1080 5656 1228 5728; x_wconf 87' lang='lat' dir='ltr'><strong>culpabilis</strong></span> <span class='ocrx_word' id='word_1_584' title='bbox 1245 5647 1277 5730; x_wconf 83' lang='lat' dir='ltr'><strong>(i.</strong></span> <span class='ocrx_word' id='word_1_585' title='bbox 1295 5648 1347 5729; x_wconf 85' lang='lat'><strong>35)</strong></span> <span class='ocrx_word' id='word_1_586' title='bbox 1371 5655 1501 5730; x_wconf 77' lang='lat' dir='ltr'><strong>lequcmr</strong></span> <span class='ocrx_word' id='word_1_587' title='bbox 1516 5652 1545 5710; x_wconf 83' lang='lat' dir='ltr'><strong>in</strong></span> <span class='ocrx_word' id='word_1_588' title='bbox 1562 5650 1698 5729; x_wconf 74' lang='lat' dir='ltr'><strong>Gregorii</strong></span> <span class='ocrx_word' id='word_1_589' title='bbox 1714 5652 1757 5709; x_wconf 79' lang='lat' dir='ltr'><strong>M.</strong></span> <span class='ocrx_word' id='word_1_590' title='bbox 1775 5652 1901 5729; x_wconf 83' lang='lat' dir='ltr'><strong>epistola,</strong></span> 
     </span>
     <span class='ocr_line' id='line_1_48' title="bbox 254 5757 1903 5843; baseline -0.004 -20"><span class='ocrx_word' id='word_1_591' title='bbox 254 5765 326 5825; x_wconf 73' lang='lat' dir='ltr'><strong>MG.</strong></span> <span class='ocrx_word' id='word_1_592' title='bbox 351 5766 430 5843; x_wconf 69' lang='lat' dir='ltr'><strong>Dpp</strong></span> <span class='ocrx_word' id='word_1_593' title='bbox 455 5766 495 5835; x_wconf 78' lang='grc' dir='ltr'><strong>Π,</strong></span> <span class='ocrx_word' id='word_1_594' title='bbox 512 5769 575 5825; x_wconf 83' lang='lat'><strong>269</strong></span> <span class='ocrx_word' id='word_1_595' title='bbox 586 5785 628 5841; x_wconf 86' lang='lat' dir='ltr'><strong>sq.</strong></span> <span class='ocrx_word' id='word_1_596' title='bbox 653 5757 809 5840; x_wconf 62' lang='lat' dir='ltr'><strong>(Just-E.</strong></span> <span class='ocrx_word' id='word_1_597' title='bbox 833 5761 984 5838; x_wconf 80' lang='lat' dir='ltr'><strong>n.1800),</strong></span> <span class='ocrx_word' id='word_1_598' title='bbox 1008 5762 1207 5820; x_wconf 64' lang='lat' dir='ltr'><strong>desideranter</strong></span> <span class='ocrx_word' id='word_1_599' title='bbox 1230 5760 1259 5817; x_wconf 82' lang='lat' dir='ltr'><strong>in</strong></span> <span class='ocrx_word' id='word_1_600' title='bbox 1282 5760 1418 5835; x_wconf 79' lang='lat' dir='ltr'><strong>synodica</strong></span> <span class='ocrx_word' id='word_1_601' title='bbox 1442 5758 1609 5816; x_wconf 81' lang='lat' dir='ltr'><strong>Parisienai.</strong></span> <span class='ocrx_word' id='word_1_602' title='bbox 1702 5759 1733 5828; x_wconf 86' lang='grc'><strong>6)</strong></span> <span class='ocrx_word' id='word_1_603' title='bbox 1757 5759 1788 5816; x_wconf 86' lang='grc' dir='ltr'><strong>Γ.</strong></span> <span class='ocrx_word' id='word_1_604' title='bbox 1811 5779 1903 5835; x_wconf 84' lang='lat' dir='ltr'><strong>supra</strong></span> 
     </span>
     <span class='ocr_line' id='line_1_49' title="bbox 245 5872 1127 5949; baseline -0.01 -16"><span class='ocrx_word' id='word_1_605' title='bbox 245 5873 516 5949; x_wconf 77' lang='lat' dir='ltr'><strong>p.taet.1sqq.,</strong></span> <span class='ocrx_word' id='word_1_606' title='bbox 536 5891 569 5947; x_wconf 85' lang='lat' dir='ltr'><strong>p.</strong></span> <span class='ocrx_word' id='word_1_607' title='bbox 586 5874 649 5931; x_wconf 85' lang='grc'><strong>507</strong></span> <span class='ocrx_word' id='word_1_608' title='bbox 667 5872 686 5928; x_wconf 79' lang='lat' dir='ltr'><strong>i.</strong></span> <span class='ocrx_word' id='word_1_609' title='bbox 704 5874 742 5931; x_wconf 77' lang='lat'><strong>14</strong></span> <span class='ocrx_word' id='word_1_610' title='bbox 753 5890 825 5947; x_wconf 69' lang='lat' dir='ltr'><strong>sqq,</strong></span> <span class='ocrx_word' id='word_1_611' title='bbox 846 5891 878 5945; x_wconf 90' lang='lat' dir='ltr'><strong>p.</strong></span> <span class='ocrx_word' id='word_1_612' title='bbox 896 5873 959 5929; x_wconf 82' lang='lat'><strong>527</strong></span> <span class='ocrx_word' id='word_1_613' title='bbox 978 5872 997 5926; x_wconf 87' lang='lat' dir='ltr'><strong>l.</strong></span> <span class='ocrx_word' id='word_1_614' title='bbox 1014 5874 1056 5928; x_wconf 76' lang='lat'><strong>22</strong></span> <span class='ocrx_word' id='word_1_615' title='bbox 1067 5888 1127 5945; x_wconf 82' lang='lat' dir='ltr'><strong>sqq.</strong></span> 
     </span>
     <span class='ocr_line' id='line_1_50' title="bbox 1637 5980 1688 6037; baseline 0 0"><span class='ocrx_word' id='word_1_616' title='bbox 1637 5980 1688 6037; x_wconf 72' lang='lat'><strong>68*</strong></span> 
     </span>
    </p>
   </div>
   <div class='ocr_carea' id='block_1_7' title="bbox 0 0 2446 6709">
    <p class='ocr_par' dir='ltr' id='par_1_11' title="bbox 0 0 2446 6709">
     <span class='ocr_line' id='line_1_51' title="bbox 0 0 2446 6709; baseline 0 0"><span class='ocrx_word' id='word_1_617' title='bbox 0 0 2446 6709; x_wconf 95' lang='lat' dir='ltr'><strong> </strong></span> 
     </span>
    </p>
   </div>
  </div>
 </body>
</html>
