4884 6717
687 489 739 544 44.
775 486 994 544 CONCILIUM
1017 486 1245 543 Pnalslausa
1269 488 1307 542 A.
1329 484 1404 540 825.
1806 481 1870 544 519

216 693 349 755 potestas.
381 684 433 738 Est
453 684 510 738 alia
531 683 656 737 adoratio
677 683 781 737 umoris
800 683 922 753 proprie,
943 683 1013 737 sieut
1035 683 1120 738 Iaeob
1143 684 1270 737 adoravit
1289 684 1372 736 Esau.
1404 683 1454 736 Est
1469 683 1564 737 iterum
1581 684 1708 738 adoratio
1724 685 1872 739 seeundum
1890 704 1986 745 aaa.

216 792 345 862 gratiam,
367 790 437 844 sicin
457 789 600 844 Abraham
621 797 734 860 propter
756 807 862 860 agam,
884 806 967 860 quem
989 791 1097 860 aceepit
1117 807 1135 844 a
1155 788 1219 844 filiis
1234 790 1288 844 Etli
1312 790 1338 844 iu
1361 790 1530 860 sepulturam
1554 789 1639 844 Sarae
1661 791 1784 845 mulieris
1805 792 1873 862 eius,
1891 758 2026 870 tiliam,

206 905 247 966 ‚et
269 898 395 951 ailorarit
424 914 481 951 eos.
525 897 576 951 Est
603 896 700 950 iteruin
729 897 864 962 odoratio,
892 913 953 951 aum
983 897 1102 950 ereditur
1128 897 1225 967 aliqua
1253 896 1388 967 protectio
1416 897 1530 966 alipisei
1558 915 1575 950 a
1598 898 1873 968 supereminentibus,

219 1006 288 1058 meat
311 1004 395 1058 Iacob
416 1003 600 1058 Pharaonem.
644 1003 695 1057 Est
723 1020 789 1057 vera
818 1011 846 1056 et
867 1003 1018 1056 eertissima
1040 1003 1176 1072 arietatio,
1204 1021 1277 1075 quae
1300 1004 1350 1058 soli
1373 1003 1490 1057 debetur
1511 1004 1691 1074 omnipotenti
1713 1014 1741 1058 et
1763 1006 1873 1060 (livinae
1891 1033 2052 1084 drumm

183 1132 197 1172 s
219 1111 367 1180 maiestati,
398 1109 468 1164 aierit
492 1110 557 1164 dicit
585 1110 731 1180 seriptum:
762 1107 914 1166 Darniuum
939 1108 1030 1164 Deum
1055 1117 1130 1164 muni
1153 1108 1289 1165 adorabis
1319 1117 1345 1164 et
1372 1108 1414 1165 illi
1434 1109 1488 1166 soli
1509 1109 1623 1167 serr-ies.
1669 1112 1751 1166 Hane
1781 1121 1872 1166 autem
1892 1140 2001 1188 mm,
2010 1139 2044 1179 10.

219 1218 407 1272 adorationem
431 1218 467 1271 ad
488 1217 593 1271 nullam
614 1224 767 1270 crastinam
790 1216 855 1270 lieet
874 1216 1023 1270 transferre
1045 1233 1096 1270 nee
1118 1217 1145 1270 in
1167 1217 1330 1271 manufactis
1352 1217 1485 1271 inmutare
1509 1220 1541 1271 et
1565 1221 1683 1273 cetere

325 1314 529 1399 Augustinus
553 1315 586 1377 ia
608 1311 692 1377 libro
716 1314 820 1399 primo
851 1323 984 1377 sanetae
1014 1313 1177 1395 trinitatis,
1208 1336 1282 1378 eum
1313 1313 1354 1378 de
1379 1313 1502 1401 Spiritu
1533 1327 1645 1380 sancto
1677 1315 1872 1402 loqueretar,

219 1422 305 1486 inter
335 1432 444 1485 cetera
472 1421 594 1506 inquit:
625 1425 721 1483 Patri¹
749 1438 776 1483 et
805 1428 862 1483 filio
884 1447 994 1499 prorsus
1016 1428 1132 1500 Spiritus
1153 1439 1263 1484 satietas
1285 1431 1411 1501 aequalis
1433 1441 1461 1485 et
1483 1431 1511 1485 iu
1532 1432 1661 1486 trinitatis
1682 1433 1787 1486 unitate
1809 1451 1873 1486 eon·

220 1537 410 1592 substantialis
439 1545 467 1591 et
496 1545 666 1591 coaeternus.
712 1536 833 1590 blasima
861 1554 927 1590 vero
955 1536 1003 1590 illo
1031 1537 1093 1590 loeo
1123 1537 1189 1590 satis
1218 1546 1345 1607 apparet,
1374 1539 1448 1609 quod
1477 1538 1592 1608 Spiritus
1622 1547 1731 1593 sanetus
1758 1558 1813 1593 non
1840 1541 1873 1594 sit

177 1665 203 1704 ro
221 1653 357 1712 ereatura,
378 1643 424 1698 ubi
446 1630 572 1698 iubemur
593 1661 647 1697 uon
670 1644 772 1697 servire
794 1651 948 1712 creaturae,
969 1644 1018 1697 sed
1041 1644 1168 1706 erentori,
1190 1662 1243 1697 uon
1267 1662 1300 1698 eo
1322 1645 1414 1712 modo,
1436 1663 1492 1715 quo
1514 1646 1640 1699 iubemur
1660 1664 1710 1716 per
1731 1647 1873 1700 eui-itatem
1892 1673 2051 1723 gamm,

221 1753 323 1806 servire
345 1751 472 1816 invicem,
493 1751 568 1821 quod
591 1759 632 1802 est
654 1751 762 1804 Graece
784 1751 907 1818 duleuiu,
928 1751 976 1804 sed
999 1769 1033 1804 eo
1055 1752 1146 1816 modo,
1168 1767 1224 1821 quo
1247 1758 1351 1804 tanturn
1374 1751 1436 1804 Deo
1458 1751 1582 1816 servitiu,
1604 1753 1679 1821 quod
1703 1762 1743 1806 est
1765 1753 1874 1810 Graeee
1892 1779 2046 1829 etwas·

221 1858 350 1924 latreum,
371 1859 444 1912 unde
466 1858 600 1911 idolatrae
622 1857 758 1922 dieantur,
786 1856 834 1927 qui
856 1857 1007 1910 simulacris
1036 1874 1099 1910 eam
1121 1857 1278 1910 servitutem
1301 1857 1440 1924 exhibent,
1469 1875 1542 1927 quse
1571 1857 1687 1912 debetur
1709 1859 1780 1912 Deo.
1826 1859 1873 1914 Se·

222 1965 339 2018 rnmlum
360 1965 432 2018 haue
454 1965 525 2018 euim
547 1964 707 2017 servinrtem
723 1964 825 2017 dietum
842 1971 897 2016 est:
922 1961 1074 2018 Dominum
1097 1961 1189 2018 Deum
1212 1969 1287 2018 tirum
1311 1961 1447 2018 adorabis
1469 1971 1495 2018 et
1516 1962 1558 2018 illi
1579 1963 1632 2019 soli
1652 1964 1765 2021 seruies.
1804 1967 1874 2021 Nam
1894 1992 2045 2043 nummo,

222 2072 274 2125 boe
297 2070 448 2125 distinetins
469 2071 497 2125 in
519 2070 630 2125 Graeca
651 2072 785 2141 seriptum
807 2070 957 2124 invonitur:
981 2070 1107 2124 latreusis
1129 2070 1201 2124 enim
1222 2069 1316 2123 babet.
1352 2070 1440 2124 Porro
1462 2070 1484 2124 si
1505 2070 1555 2124 tuli
1578 2071 1709 2125 servitute
1731 2081 1874 2128 ereatruae

180 2198 205 2238 rs
223 2177 325 2232 servire
347 2178 531 2247 prohibemur,
553 2178 778 2248 ‹liraudoquidern
800 2177 900 2231 dietum
923 2187 977 2230 est:
1010 2175 1160 2232 Dominum
1183 2175 1275 2231 Deum
1307 2184 1382 2232 tuum
1412 2176 1547 2233 adorabis
1577 2186 1602 2233 et
1624 2176 1667 2232 illi
1687 2177 1741 2234 soli
1761 2178 1874 2249 seruies,
1894 2205 1923 2248 tn.

222 2285 295 2338 unde
312 2285 495 2353 etapostolus
511 2285 734 2352 detestatorem,
756 2284 804 2355 qui
821 2285 963 2338 eoluemut
978 2293 1006 2336 et
1022 2284 1174 2337 servieumt
1188 2292 1331 2337 creaturae
1348 2285 1536 2355 potiusquam
1552 2286 1669 2339 ereston'
1688 2314 1738 2354 -‚
1761 2304 1815 2340 non
1834 2295 1876 2341 est
1893 2313 2054 2364 erasurus.

224 2392 319 2462 utique
349 2399 476 2445 ereatura
505 2390 621 2462 Spiritus
647 2401 765 2460 sanetus,
794 2391 838 2445 eui
865 2391 902 2445 ab
931 2389 1056 2444 omnibus
1085 2391 1186 2444 salietis
1213 2391 1277 2444 talis
1299 2392 1415 2445 servitus
1437 2391 1581 2445 exhibetur
1602 2392 1714 2446 dicente
1736 2395 1875 2463 apostolor

224 2496 286 2553 Nos
309 2496 382 2553 enirn
403 2515 498 2554 sumtu
521 2496 692 2554 circunroisio
716 2496 837 2572 Spiritui
858 2496 917 2554 Dei
937 2495 1098 2566 servientes,
1122 2498 1196 2568 quod
1219 2509 1260 2550 est
1282 2498 1309 2550 in
1331 2497 1440 2552 Graeco
1463 2499 1638 2552 latreuontes.
1682 2499 1781 2553 Plures
1803 2500 1875 2554 enim
1895 2526 2010 2579 psum,

224 2605 333 2658 codices
355 2604 438 2658 etiam
459 2605 552 2658 Latini
575 2605 612 2657 sie
634 2603 746 2674 babeat,
769 2603 817 2679 qui
838 2603 940 2678 spiritu
963 2602 1021 2660 Dei
1041 2602 1185 2660 serviiuus.
1233 2605 1303 2658 Nam
1331 2604 1413 2658 latria
1435 2605 1535 2662 Greee.
1564 2605 1663 2659 Latine
1691 2607 1807 2660 serrium
1835 2608 1875 2661 di·

179 2737 207 2777 ,ο
225 2712 303 2772 eitur,
325 2729 398 2781 quae
421 2719 552 2781 qrrautum
574 2712 610 2764 ad
633 2729 727 2764 veram
748 2712 910 2782 religionem
932 2712 1039 2772 attinet.
1060 2729 1114 2765 nou
1136 2711 1187 2764 nisi
1209 2711 1255 2764 uni
1278 2719 1306 2764 et
1328 2711 1378 2765 soli
1401 2711 1463 2764 Deo
1485 2711 1601 2764 debetur
1624 2713 1657 2766 et
1680 2714 1799 2769 cetera.

331 2807 414 2872 Item
438 2808 613 2892 Augustini
637 2809 670 2871 in
693 2806 777 2872 libro
801 2808 841 2872 de
865 2810 994 2872 animae
1018 2809 1215 2894 quantitate:
1241 2815 1341 2871 Dens²
1365 2827 1456 2871 autem
1480 2819 1650 2872 inmortalem
1667 2819 1785 2873 animam
1801 2820 1876 2890 feeit,

226 2933 255 2977 ut
277 2924 383 2994 opinor,
404 2924 455 2977 nisi
478 2924 548 2977 forte
571 2923 619 2978 tibi
642 2925 724 2978 aliter
745 2924 861 2978 videtin.
906 2924 981 2995 Ergo
1002 2933 1032 2979 tu
1055 2926 1144 2979 velles
1157 2925 1228 2978 talia
1249 2923 1308 2978 lieri
1331 2924 1366 2978 ab
1388 2925 1550 2984 homiuibus,
1571 2925 1668 2994 (puelia
1690 2925 1767 2979 Deus
1789 2927 1876 2980 ierit?

225 3031 288 3084 Nou
318 3031 447 3100 alpaidem
475 3031 527 3084 hoe
556 3031 680 3096 dixerim,
707 3031 756 3085 sed
786 3031 1017 3100 quemadmodum
1048 3032 1106 3101 ipse
1136 3032 1288 3085 mirrortalis
1317 3033 1461 3085 iruuortale
1484 3032 1614 3101 ‹piiddam
1637 3032 1703 3086 feeit
1725 3034 1760 3087 ad
1782 3034 1875 3088 simili·

224 3137 346 3191 tuiliuem
368 3155 455 3202 suam,
477 3137 514 3190 sie
538 3147 566 3192 et
586 3155 646 3198 nos.
674 3138 833 3191 inmortales
853 3155 871 3190 a
893 3137 956 3191 Deo
977 3136 1053 3202 faeti,
1075 3139 1109 3192 ad
1131 3139 1333 3193 similitudinem
1355 3147 1474 3192 nostrum
1498 3140 1573 3209 ‹priod
1595 3139 1711 3192 taeiinus
1731 3139 1877 3194 inmortale

179 3269 207 3310 25
225 3261 286 3297 esse
309 3243 432 3298 deberet.
478 3244 565 3298 Reate
594 3244 709 3310 diceres,
738 3244 759 3298 si
788 3245 823 3297 ad
853 3245 911 3298 eius
939 3245 1085 3315 imaginem
1114 3245 1242 3316 pingeres
1271 3245 1404 3310 tabulam,
1433 3247 1507 3316 quod
1536 3247 1562 3298 iu
1592 3255 1620 3299 te
1650 3246 1794 3301 inmortale
1816 3265 1876 3302 esse

225 3352 324 3416 eredis,
350 3369 421 3405 nnue
445 3368 509 3404 vero
532 3352 559 3405 in
582 3369 616 3404 eu
638 3351 768 3420 exprimis
788 3351 990 3404 similitudinem
1012 3352 1143 3421 eorporis.
1165 3352 1241 3423 (laod
1264 3353 1387 3422 proserta
1409 3354 1525 3405 mortale
1548 3363 1598 3406 est.
1644 3353 1788 3417 Quomodo
1810 3371 1877 3425 ergo

225 3477 283 3511 suin
307 3459 401 3511 similis
423 3458 496 3520 Deo,
524 3476 586 3511 eum
612 3457 767 3511 inmortalia
789 3458 865 3511 nulla
892 3477 1002 3528 possum
1032 3459 1126 3512 faeere
1155 3467 1185 3512 ut
1213 3459 1282 3513 ille?
1329 3460 1472 3523 Quomodo
1500 3477 1550 3512 nee
1580 3459 1670 3530 imago
1693 3461 1815 3530 eorporis
1836 3461 1875 3515 tui

224 3572 317 3635 potest
337 3565 389 3618 hoe
412 3566 515 3628 valere,
538 3565 613 3635 quod
634 3574 710 3618 tuum
732 3583 831 3635 eorpus
853 3566 938 3626 valet,
965 3567 1002 3618 sie
1031 3566 1123 3620 aalma
1144 3585 1199 3619 nou
1221 3567 1374 3620 mirandum
1396 3575 1447 3626 est,
1476 3566 1496 3618 si
1520 3565 1671 3636 potentium
1694 3574 1798 3619 tautam
1821 3583 1876 3620 uon

224 3671 309 3724 habet
332 3679 463 3742 quautam
485 3672 542 3732 ille.
563 3672 599 3725 ud
621 3673 697 3726 euius
718 3672 920 3726 similitudinem
943 3672 1017 3726 faeta
1039 3683 1080 3726 est
1103 3675 1136 3726 et
1159 3672 1279 3726 cetera.

179 3803 208 3843 to
332 3768 459 3856 Isydori
484 3770 629 3855 episcopi
654 3768 694 3833 de
719 3770 861 3854 pictura:
891 3775 1023 3833 I'ietura³
1052 3789 1144 3834 autem
1171 3787 1214 3832 est
1243 3779 1333 3846 imago
1361 3780 1516 3849 exprimens
1543 3780 1661 3849 spamam
1689 3780 1728 3833 rei
1752 3780 1878 3848 alieuius,

225 3903 308 3957 qliae,
329 3886 393 3939 ‹liun
415 3887 472 3939 visa
494 3885 586 3952 fuerit,
607 3887 642 3939 ad
665 3886 880 3940 reeonlatiouem
903 3895 1021 3940 urentem
1042 3888 1155 3941 redneit.

332 3982 433 4047 Item:
458 3988 617 4046 l‘ieturam4
640 3993 712 4046 einim
727 3993 860 4064 Aegyptii
883 3994 1107 4062 exeogitsvenmt
1129 3994 1245 4064 priunuu
1267 3994 1390 4046 umbram
1413 3993 1528 4047 bominis
1550 3995 1628 4047 lineis
1650 3994 1871 4061 eireunnlnetam3

226 4100 320 4170 itaqiie
342 4099 419 4153 initio
440 4099 514 4164 talis,
535 4101 655 4153 seeuuda
677 4099 791 4168 siugulis
813 4100 959 4160 eoloribus,
985 4109 1084 4170 postea
1113 4101 1226 4156 ilirarsis
1253 4101 1347 4171 sieque
1370 4100 1503 4170 parilutim
1527 4118 1586 4152 sese
1608 4119 1653 4154 ars
1676 4101 1735 4171 ipsa
1757 4100 1878 4154 distinxit

227 4217 254 4260 et
277 4206 379 4260 invenit
401 4207 493 4260 lumen
514 4214 599 4277 atque
616 4206 724 4260 umbras
740 4207 965 4277 differentiasque
981 4209 1113 4261 eolouun.
1148 4202 1250 4262 l'rule5
1266 4217 1293 4261 et
1309 4225 1380 4261 uum
1397 4209 1513 4277 pistores
1529 4208 1603 4276 prius
1619 4207 1728 4260 umbras
1743 4208 1877 4277 ‹luasdsm

182 4335 209 4377 rs
227 4322 253 4366 et
276 4313 363 4368 lineas
385 4313 493 4367 suturae
515 4313 641 4384 imaginis
662 4315 774 4382 ducunt,
795 4314 893 4368 deinde
915 4314 1054 4368 coloribus
1075 4316 1214 4384 eompleut
1236 4322 1362 4367 tenentes
1384 4315 1505 4367 onliuem
1528 4313 1655 4367 iuventae
1678 4314 1752 4366 artis.

332 4410 432 4474 Item:
464 4417 600 4474 Colores6
629 4429 720 4474 utitem
743 4421 840 4488 dietus,
866 4422 940 4492 quod
969 4422 1061 4474 eulore
1084 4421 1153 4490 iguis
1175 4421 1218 4474 vel
1242 4421 1307 4474 solis
1330 4419 1506 4490 pertiriuutnr
1528 4420 1585 4472 sive
1608 4421 1682 4490 quod
1705 4420 1781 4474 initio
1803 4419 1876 4472 rola-

225 4526 335 4592 bantur,
356 4535 385 4581 ut
408 4545 529 4580 suurmse
553 4528 709 4581 subtilitatis
731 4528 879 4583 existerent
903 4531 935 4582 et
958 4531 1076 4582 cetera.

333 4623 428 4688 Unde
452 4626 591 4710 primum
616 4635 730 4688 exorto
754 4626 795 4688 sit
819 4627 851 4688 in
876 4624 1024 4689 ecelesiis
1045 4622 1259 4689 Orientalium
1285 4624 1462 4708 imaginum
1486 4621 1681 4686 destructio:
1709 4625 1878 4704 'Iyrsnnosl

225 4740 336 4811 qnidam
362 4740 414 4794 fuit
437 4741 564 4795 Selemau
586 4743 705 4802 nomine,
731 4743 896 4810 Aggareuus
925 4760 1036 4808 genere.
1082 4741 1142 4805 Quo
1175 4741 1305 4794 detrun-to
1336 4741 1466 4794 surressit
1489 4741 1626 4793 lluniarus
1655 4741 1681 4792 in
1711 4759 1806 4808 regno,
1833 4738 1876 4792 eui

177 4868 206 4906 so
224 4848 321 4901 iterum
344 4847 474 4900 suecessit
491 4848 600 4910 Ezidus,
622 4849 663 4900 vir
685 4849 767 4901 valde
789 4848 858 4901 levis
880 4857 906 4902 et
930 4848 1067 4918 iusipiens.
1103 4848 1191 4901 Huius
1213 4847 1284 4901 euim
1307 4847 1475 4917 teuilniribus
1498 4855 1555 4899 end
1579 4846 1691 4917 quidam
1716 4847 1740 4899 iu
1760 4844 1876 4899 meinis

333 5059 363 5106 11
385 5051 507 5118 duleuin]
527 5051 659 5102 bordei-rer
676 5057 711 5107 al.
724 5075 783 5106 mou
796 5073 917 5122 superior.
932 5055 963 5105 P.
1026 5059 1058 5106 12
1078 5051 1206 5118 lutreuinl
1219 5051 1351 5116 λατρεύειν
1363 5057 1397 5106 αἱ.
1410 5074 1469 5105 riou
1481 5073 1603 5121 superem,
1624 5055 1653 5104 I’.
1712 5055 1743 5104 18
1763 5053 1876 5118 Spiritui

224 5161 317 5195 eaorr.
338 5143 368 5195 P.
461 5148 493 5196 37
517 5141 620 5208 setara]
641 5145 668 5195 iu
686 5145 743 5196 edd.
761 5154 899 5212 aquantur
917 5146 962 5195 illa
981 5162 1010 5194 ee
1029 5146 1171 5210 stupa-stine
1188 5145 1319 5210 demmpta
1338 5141 1418 5198 lltem
1438 5146 1607 5210 Augustinus
1629 5169 1659 5177 ·-
1680 5142 1832 5193 illustratur
1849 5149 1876 5192 et

224 5235 323 5284 fruitur
342 5243 369 5284 et
388 5243 488 5292 cetera,
507 5235 580 5300 infra
595 5253 622 5300 p.
637 5239 690 5286 520
708 5236 724 5286 l.
741 5233 863 5296 14—31),
882 5253 945 5301 quae
964 5235 991 5284 in
1008 5234 1089 5284 ardice
1104 5243 1161 5299 past
1179 5235 1250 5284 rerba
1272 5234 1349 5283 l'ude
1363 5236 1476 5298 primam
1490 5250 1598 5283 -eum
1613 5233 1715 5284 bonore
1733 5233 1876 5282 restitutae

226 5331 254 5374 et
272 5331 373 5382 cetera,
391 5341 471 5389 supra
489 5325 506 5374 l.
519 5329 598 5374 311-
605 5343 633 5389 p.
647 5329 700 5375 520
719 5326 735 5376 l.
751 5329 792 5384 13,
812 5325 936 5388 equuus.

178 5552 207 5592 ω
335 5517 364 5600 1)
387 5524 568 5598 stupentibus.
592 5525 638 5582 De
661 5524 786 5581 trinitate
808 5523 829 5579 I
847 5543 869 5579 c.
889 5529 908 5582 6
930 5521 1025 5594 §iffi
1057 5523 1132 5598 Opp.
1155 5522 1236 5592 1711,
1255 5526 1324 5581 756.
1395 5515 1426 5592 21
1450 5522 1480 5578 V.
1504 5541 1594 5596 supra
1615 5541 1646 5596 p.
1663 5524 1724 5579 493
1747 5522 1765 5577 l.
1783 5525 1802 5578 3
1813 5541 1875 5596 sqq.

228 5625 257 5702 3)
281 5629 312 5686 V.
336 5650 426 5706 supra
444 5651 477 5705 p.
494 5635 553 5689 491
578 5633 595 5686 I.
613 5635 653 5690 16
663 5651 724 5705 sqq.
832 5623 862 5705 4)
886 5630 917 5686 V.
941 5649 1032 5704 aspra
1050 5651 1084 5704 p.
1101 5633 1159 5688 191
1184 5631 1202 5684 l.
1225 5634 1333 5704 tlsqq.
1437 5623 1468 5706 ὃ)
1492 5627 1628 5696 Isidrrus,
1654 5627 1776 5702 Etymol.
1801 5626 1882 5684 XIX

227 5758 249 5794 e.
267 5741 308 5796 16
329 5735 353 5808 ἕ
368 5743 406 5804 2,·
431 5735 504 5812 Opp.
522 5737 576 5806 IV,
593 5742 662 5796 136.
771 5729 802 5810 6)
826 5737 900 5794 Ibid.
926 5757 949 5793 c.
967 5739 1007 5795 17
1028 5733 1052 5806 ‚t'
1067 5741 1105 5804 2,·
1129 5738 1147 5792 I.
1165 5737 1182 5791 l.
1291 5731 1320 5798 'il
1347 5735 1453 5793 Cbncil.
1477 5734 1599 5792 lucam.
1623 5743 1678 5791 aet.
1703 5734 1753 5804 V.,·
1779 5733 1878 5790 Massi

226 5843 313 5912 riri,
330 5846 400 5902 197.
449 5841 497 5914 as.
522 5843 634 5914 nesea,
659 5845 677 5900 s
694 5845 713 5900 ι.
732 5843 788 5912 111,
806 5847 876 5902 374.
