4884 6717
367 1031 448 1073 azan.
457 1033 478 1081 8,
485 1035 517 1073 n.

377 4763 447 4804 hod.
455 4763 489 4812 20,
497 4762 517 4804 5.

543 493 606 555 542
1011 497 1063 553 44.
1100 496 1319 554 cononum
1342 496 1569 554 PARISIENSE
1593 499 1631 554 A.
1651 496 1725 554 825.

648 686 692 750 Et
715 696 750 750 ut
772 685 833 750 hoc
858 707 923 750 non
954 685 995 749 de
1025 684 1081 749 illa
1111 685 1254 771 imagine
1284 684 1353 750 sola
1383 684 1568 771 specialiter
1598 684 1720 750 dictum
1749 695 1891 771 putetur,
1922 683 2195 750 considerandum

542 803 600 876 cst,
629 792 717 879 quod
739 791 938 878 generaliter
962 790 1002 855 de
1027 792 1115 855 omni
1138 792 1280 877 imagine
1311 791 1502 878 subiungat:
1534 796 1593 855 Etl
1622 802 1758 866 notanda,
1788 791 1903 878 inquit,
1929 802 2100 872 proprietas,
2124 803 2194 857 deos

541 909 604 975 coli,
629 910 779 981 imaginem
802 909 913 964 adorari
937 908 1045 974 dicunt,
1070 907 1146 978 quod
1170 915 1320 979 utrumque
1345 908 1433 964 servis
1455 909 1512 963 Dei
1536 925 1593 962 non
1616 908 1758 963 convenit.

646 1007 729 1070 Item
753 1006 963 1071 Hieronimus
993 1005 1026 1068 in
1057 1006 1260 1092 expositione
1291 1004 1533 1069 Hiezechihelis
1563 1005 1737 1091 prophete:
1774 1010 1835 1069 Et²
1868 1013 2047 1090 septuepinta
2076 1014 2133 1071 viri
2160 1016 2196 1072 de

538 1121 693 1178 senioribus
716 1123 814 1180 domus
836 1120 931 1178 [nuel
952 1129 979 1177 et
1000 1119 1148 1177 lechoniaa
1164 1120 1246 1198 filius
1270 1120 1391 1195 Septen
1414 1119 1508 1176 stabat
1529 1119 1559 1176 in
1583 1119 1672 1177 medio
1695 1138 1789 1177 eorum
1812 1120 1944 1177 stantiam
1968 1129 2035 1177 aute
2051 1120 2226 1197 picturatus

539 1235 565 1284 et
585 1226 774 1304 obsequiaque
797 1226 916 1284 habebat
938 1226 1087 1284 turibulum
1111 1226 1141 1283 in
1164 1247 1251 1284 manu
1273 1247 1335 1297 aaa,
1368 1234 1394 1284 et
1422 1246 1514 1303 vapor
1543 1226 1660 1284 nebulae
1690 1227 1724 1283 de
1747 1234 1809 1284 ture
1831 1227 2025 1304 consurgebat.
2072 1227 2193 1292 Quando

538 1336 607 1390 dicit
631 1338 816 1407 septuaginta
838 1335 911 1390 viros
934 1334 1022 1390 fuisse
1047 1336 1084 1390 de
1108 1336 1264 1390 senioribus
1288 1336 1387 1389 domus
1409 1334 1509 1402 Israel,
1534 1336 1582 1405 qui
1605 1341 1740 1390 tenerent
1763 1334 1889 1390 turibula
1904 1336 2042 1402 manibus,
2065 1337 2193 1391 ostendit

537 1442 641 1497 multos
666 1449 696 1496 et
720 1443 788 1497 alios
812 1442 900 1497 fuisse
925 1443 1112 1514 presbiteros,
1145 1443 1193 1513 qui
1217 1442 1269 1496 hoc
1293 1460 1348 1496 non
1372 1441 1527 1507 faciebant,
1557 1443 1609 1496 sed
1632 1440 1751 1497 forsitan
1773 1443 1899 1513 peccatis
1923 1442 1984 1497 aliis
2008 1444 2192 1511 tenebantur,

537 1567 681 1620 unumque
705 1550 816 1605 nomine
840 1548 1000 1604 lechoniam
1024 1547 1111 1602 filiurn
1135 1548 1250 1620 Saphan
1273 1549 1388 1604 stetisse
1413 1549 1441 1602 in
1464 1544 1558 1603 medio
1586 1565 1681 1603 eorum
1698 1549 1778 1619 quasi
1794 1549 1949 1621 principem
1965 1549 2081 1605 sceleris
2098 1568 2193 1606 eorum

537 1663 625 1726 atque
649 1656 800 1727 sacrilegii,
825 1657 874 1726 qui
896 1656 998 1710 omissa
1020 1656 1157 1726 religione
1174 1655 1231 1710 Dei
1254 1655 1387 1710 colebant
1410 1654 1486 1710 idola
1509 1662 1540 1709 ct
1563 1656 1591 1709 in
1615 1655 1722 1727 templo
1738 1672 1794 1710 non
1810 1656 1966 1711 adorabant
1982 1657 2191 1724 Dominum,
2214 1671 2239 1710 ro

538 1763 617 1816 cuins
642 1770 702 1817 erat
727 1762 874 1834 templum,
906 1764 958 1817 sed
981 1763 1107 1833 picturas
1130 1761 1281 1832 parietum.

645 1860 830 1923 Finnianus
860 1859 1051 1923 Lactantius
1082 1859 1116 1921 in
1146 1857 1229 1922 libro
1252 1858 1279 1922 I.
1311 1857 1351 1922 de
1382 1858 1465 1923 falsa
1495 1858 1668 1944 religione:
1702 1866 1777 1932 Quid
1786 1863 1809 1934 ³,
1839 1860 1954 1946 inquit,
1983 1887 2055 1941 opus
2085 1879 2130 1926 est
2158 1889 2194 1926 ea

538 1975 643 2042 colere,
669 1976 771 2046 quibus
795 1976 914 2031 careas?
959 1975 1055 2029 Virtus
1086 1975 1159 2029 enim
1183 1974 1304 2029 colenda
1327 1982 1381 2043 est,
1412 1992 1468 2030 non
1492 1976 1584 2047 imago
1607 1976 1736 2042 virtutis,
1769 1981 1798 2030 et
1830 1975 1950 2030 colenda
1977 1994 2033 2031 non
2056 1976 2193 2032 sacrificio

540 2082 635 2152 aliquo
659 2090 707 2136 aut
732 2090 795 2138 ture
820 2090 870 2137 aut
893 2082 1057 2153 precatione
1081 2083 1209 2148 solemni,
1234 2083 1286 2136 sed
1309 2082 1456 2137 voluntate
1480 2081 1541 2137 sola
1563 2089 1650 2152 atque
1675 2083 1829 2153 proposito.

645 2178 688 2242 Et
711 2180 812 2244 infra:
837 2185 930 2244 Nam⁴
954 2189 1053 2260 religio
1077 2207 1110 2243 ac
1133 2190 1281 2243 veneratio
1304 2190 1383 2243 nulla
1406 2190 1461 2244 alia
1483 2189 1536 2242 nisi
1561 2187 1642 2242 unius
1666 2188 1723 2242 Dei
1747 2189 1874 2244 tenenda
1904 2195 1958 2244 est.
2006 2187 2081 2253 Quid
2105 2192 2193 2262 igitur
2213 2204 2239 2244 ro

538 2314 609 2367 opus
634 2304 687 2362 est,
713 2315 729 2350 o
752 2297 795 2349 vir
818 2296 1036 2366 sapientissime,
1067 2302 1162 2350 tantos
1192 2301 1320 2367 sumptus
1350 2293 1568 2366 vel·fingendis
1591 2293 1638 2349 vel
1662 2294 1788 2348 colendis
1811 2296 1978 2367 imaginibus
2002 2291 2214 2369 impenderet

539 2402 657 2457 Firmius
683 2410 712 2456 ct
736 2403 926 2474 incorruptius
949 2402 1086 2473 templum
1112 2409 1156 2456 est
1180 2419 1314 2472 corpus
1338 2402 1504 2456 humanum:
1529 2401 1582 2455 boc
1604 2401 1700 2473 potius
1722 2408 1849 2469 ornetur,
1873 2401 1926 2457 hoc
1941 2402 2016 2458 veris
2031 2404 2192 2458 numinibus

539 2510 701 2580 impleatur.
750 2510 809 2564 Has
831 2527 919 2563 vero
949 2508 1035 2562 falsas
1066 2509 1293 2563 consecrationes
1324 2509 1454 2579 sequitur
1483 2509 1559 2578 quod
1588 2525 1708 2564 necesse
1739 2515 1798 2562 est:
1832 2509 1880 2580 qui
1910 2509 1984 2563 enim
2007 2510 2047 2564 sic
2070 2511 2192 2566 virtutes

538 2616 645 2682 colunt,
676 2617 704 2670 id
736 2626 780 2670 cst
809 2617 856 2686 qui
880 2616 992 2671 umbras
1017 2621 1046 2670 et
1070 2615 1206 2687 imagines
1231 2615 1366 2669 virtutum
1389 2621 1600 2680 consectantur,
1632 2634 1666 2670 ea
1688 2616 1760 2686 ipsa,
1785 2633 1857 2687 qnae
1885 2634 1954 2671 vera
1982 2626 2059 2684 sunt,
2090 2624 2190 2673 tenere

537 2741 593 2778 non
616 2730 745 2795 possunt.
2212 2738 2240 2777 ao

645 2820 727 2885 Item
751 2819 838 2884 idem
862 2820 896 2883 iu
920 2819 1036 2883 eodem
1060 2840 1159 2905 opere
1182 2818 1265 2882 libro
1290 2818 1351 2882 II.:
1375 2822 1513 2898 Duplici⁵
1536 2847 1604 2901 ergo
1628 2830 1737 2884 ratione
1762 2838 1899 2901 peccatur
1922 2831 1958 2884 ab
1982 2831 2192 2903 insipientibus,

537 2939 656 3009 primum
680 2938 754 3008 quod
779 2937 933 3004 clementa,
965 2936 994 2990 id
1018 2941 1063 2991 cst
1088 2936 1143 2990 Dei
1166 2953 1264 3006 opera,
1295 2935 1359 2990 Deo
1382 2934 1567 3005 praeferunt:
1599 2936 1703 2990 deinde
1728 2937 1802 3007 quod
1834 2936 2039 2993 clementorum
2069 2939 2191 3010 ipsorum

537 3041 642 3114 figuras
664 3043 786 3097 humana
809 3044 905 3115 specie
930 3043 1139 3115 conprehensas
1162 3042 1268 3096 colunt.

644 3140 727 3203 Item
758 3141 845 3225 ipse:
878 3145 976 3204 Nihil⁶
999 3150 1076 3203 aliud
1106 3149 1264 3215 adoremus,
1296 3147 1365 3202 nihil
1396 3148 1519 3203 colamus
1549 3149 1603 3202 nisi
1632 3147 1718 3202 solius
1747 3148 1864 3204 artificis
1893 3152 2079 3223 parentisque
2103 3152 2191 3206 nostri

538 3257 650 3310 unicum
674 3272 787 3310 nomen.
835 3254 928 3327 Supra
951 3274 1029 3326 ergo,
1061 3273 1116 3309 non
1147 3256 1220 3310 infra
1250 3261 1294 3310 est
1317 3255 1493 3309 Dominus
1516 3272 1570 3309 nec
1593 3255 1622 3309 in
1645 3256 1700 3309 ima
1722 3256 1827 3327 potius,
1856 3257 1908 3311 sed
1938 3258 1967 3312 in
1994 3275 2102 3312 summa
2123 3258 2190 3314 reli·
2211 3271 2238 3311 aa

538 3363 633 3434 gione,
657 3380 713 3433 qua
737 3364 918 3434 quaerendus
942 3370 996 3416 est.

645 3460 689 3524 Et
712 3460 813 3524 infra:
838 3463 937 3523 Nihili
960 3475 1056 3540 potest
1081 3486 1144 3524 esse
1169 3467 1295 3523 caeleste
1319 3469 1347 3521 in
1372 3485 1407 3523 ea
1429 3487 1471 3534 rc,
1491 3485 1565 3539 quae
1583 3467 1617 3523 fit
1634 3487 1668 3523 ex
1684 3475 1775 3536 terra:
1801 3469 1937 3540 quicquid
1954 3470 2027 3525 enim
2043 3471 2192 3526 simulatur

538 3575 640 3630 salsum
665 3595 728 3630 esse
752 3594 871 3630 necesse
896 3582 941 3629 est
965 3594 1018 3630 uec
1041 3582 1139 3645 potest
1163 3593 1293 3646 umquam
1317 3575 1377 3629 veri
1399 3592 1501 3630 nomen
1524 3576 1654 3646 accipere
1679 3576 1755 3646 quod
1778 3576 1928 3632 veritatem
1951 3577 2016 3632 fuco
2040 3584 2071 3632 ct
2097 3579 2190 3634 imita-

538 3683 616 3737 tione
640 3684 785 3739 mentitur.

645 3780 727 3843 Item
751 3781 839 3866 ipse:
864 3787 963 3843 Nihil⁸
985 3788 1146 3854 colendum,
1172 3788 1248 3858 quod
1271 3788 1359 3843 oculis
1382 3787 1546 3843 mortalibus
1569 3789 1704 3844 cernitur.
2211 3805 2239 3845 ao

644 3885 789 3950 Isidorus
813 3888 846 3950 in
870 3885 952 3951 libro
977 3884 1275 3971 ethimologiarum:
1299 3891 1436 3949 Picturai‘
1459 3902 1553 3949 autem
1577 3903 1619 3951 est
1642 3896 1734 3968 imago
1759 3896 1917 3968 exprimens
1940 3898 2065 3967 speciem
2081 3900 2123 3954 rei
2139 3899 2190 3954 ali-

539 4003 628 4070 cuius,
660 4021 744 4073 quae,
775 4004 841 4056 dum
872 4004 930 4057 visa
961 4002 1057 4068 fuerit,
1089 4003 1125 4057 ad
1155 4001 1380 4057 recordationem
1410 4009 1532 4056 mentem
1562 4003 1684 4057 reducit.
1732 4003 1847 4058 Pictura
1877 4011 1973 4058 autem
2003 4005 2080 4060 dicta
2110 4006 2191 4076 quasi

539 4107 650 4164 fictura.
696 4110 748 4163 Est
773 4109 846 4164 enim
871 4110 961 4181 imago
985 4108 1062 4176 ficta,
1093 4126 1149 4164 non
1173 4109 1288 4177 veritas,
1311 4109 1376 4163 hinc
1399 4114 1429 4163 et
1452 4107 1557 4175 fucate,
1582 4109 1611 4163 id
1636 4117 1681 4164 est
1705 4111 1826 4180 quodam
1849 4110 1925 4177 fuco,
1949 4111 2075 4167 colore
2099 4113 2190 4181 inlita,

539 4215 607 4269 nihil
631 4214 698 4270 fidei
723 4226 753 4271 et
777 4217 906 4271 veritatis
929 4215 1073 4270 habens.
1121 4215 1205 4271 Unde
1231 4222 1261 4270 ct
1284 4223 1349 4269 sunt
1372 4216 1513 4286 quaedam
1535 4215 1674 4286 picturae,
1706 4235 1779 4287 quae
1804 4234 1921 4288 corpora
1943 4219 2072 4273 veritatis
2096 4220 2190 4274 studio

539 4322 638 4376 eoloris
662 4323 805 4377 excedunt
830 4329 860 4376 et
883 4321 978 4390 fidem,
1004 4323 1071 4376 dum
1094 4340 1199 4393 augere
1224 4324 1411 4389 contendunt,
1436 4322 1472 4377 ad
1496 4322 1673 4377 mendacium
1695 4323 1865 4394 provehunt.
2210 4338 2238 4377 ee

646 4418 837 4504 Fulgentius
862 4420 894 4483 in
918 4418 1000 4483 libro
1025 4418 1066 4483 de
1082 4418 1147 4483 fide
1167 4417 1210 4482 ad
1226 4418 1408 4482 Donatum:
1435 4423 1545 4493 Quia¹⁰
1560 4429 1620 4500 ipse
1637 4430 1717 4483 Deus
1733 4430 1784 4483 sibi
1801 4430 1852 4484 soli
1868 4431 2047 4501 praecipiens
2063 4439 2188 4486 tantum·

538 4536 620 4590 modo
643 4535 822 4590 sortiendum
847 4554 935 4606 seque
960 4537 1061 4591 iubens
1084 4554 1102 4590 a
1123 4535 1257 4591 fidelibus
1280 4536 1453 4590 adorandum
1468 4553 1582 4607 prorsus
1595 4536 1754 4600 interdixit,
1777 4554 1813 4590 ne
1831 4537 1894 4607 quis
1910 4538 2015 4592 audeat
2032 4546 2190 4594 creaturam

538 4643 656 4697 adorare
681 4649 888 4713 creaturaeque
913 4643 1068 4710 deservire,
1091 4649 1246 4715 propterca
1269 4643 1296 4695 in
1320 4639 1376 4697 fine
1401 4642 1475 4696 illius
1498 4642 1646 4713 praecepti
1670 4643 1706 4696 dc
1731 4643 1869 4711 omnibus,
1901 4661 1975 4714 quae
1999 4646 2117 4712 creavit,
2149 4647 2191 4701 ita

538 4749 676 4820 loquitur:
702 4748 766 4804 Non
791 4747 926 4805 adorabis
948 4767 983 4804 en
1005 4766 1057 4804 nec
1078 4747 1182 4805 seruies
1205 4748 1253 4805 eis.

645 4847 689 4910 Et
712 4857 784 4932 post
807 4868 930 4933 pauca:
955 4856 1033 4910 Vera
1043 4851 1068 4889 ¹¹
1092 4856 1166 4909 enim
1190 4856 1290 4928 religio
1313 4856 1342 4910 in
1365 4857 1446 4911 unius
1471 4862 1582 4911 constat
1606 4856 1661 4912 Dei
1685 4858 1811 4912 servitio.
2209 4869 2238 4909 sc

648 5068 664 5115 4
684 5066 863 5131 expositionis
882 5065 910 5114 V.
1001 5067 1017 5115 6
1037 5074 1097 5134 ture
1116 5065 1156 5115 bic
1174 5074 1198 5115 ct
1215 5064 1288 5130 infre
1307 5064 1333 5113 t'.
1427 5067 1459 5115 12
1478 5063 1548 5115 falso
1568 5065 1596 5113 V.
1683 5067 1715 5116 13
1735 5064 1851 5116 colenda
1870 5062 1934 5131 non]
1954 5066 2069 5119 colendo
2089 5085 2143 5119 nou
2162 5068 2190 5118 V.

540 5156 572 5204 14
591 5149 760 5219 precatione]
781 5155 984 5218 praedicatione
1005 5154 1032 5203 l'.
1125 5156 1157 5204 19
1177 5154 1205 5204 id
1225 5149 1275 5217 cst]
1294 5154 1366 5204 idem
1386 5153 1413 5204 V.
1505 5155 1538 5203 23
1561 5153 1764 5218 conprehensus
1783 5154 1811 5204 V.
1902 5158 1936 5206 26
1960 5158 2143 5221 quaerendum
2163 5157 2190 5208 V.

538 5259 592 5307 «pua
611 5243 677 5293 deest
696 5243 723 5292 V.
797 5239 924 5306 331u00]
945 5243 1171 5308 quodamiterum
1189 5242 1250 5293 odd.
1270 5242 1298 5290 l'.
1371 5243 1405 5292 38
1423 5243 1502 5291 finem
1523 5241 1550 5293 V.

631 5425 660 5494 1)
683 5424 714 5480 V.
739 5443 829 5499 supro
848 5444 881 5500 p.
899 5427 958 5483 491
983 5426 1000 5480 l.
1019 5426 1091 5500 qu.
1222 5423 1253 5493 2)
1277 5424 1308 5480 V.
1332 5442 1422 5498 supra
1440 5443 1474 5498 p.
1492 5426 1550 5482 491
1575 5424 1593 5478 l.
1614 5427 1654 5483 24
1670 5442 1731 5499 sqq.
1862 5424 1892 5494 3)
1916 5426 1948 5482 V.
1972 5447 2062 5504 supra
2082 5449 2114 5504 p.
2131 5432 2190 5488 491

539 5531 557 5584 l.
576 5537 615 5587 33
626 5550 688 5606 sqq.
781 5531 811 5598 4)
835 5531 868 5587 V.
892 5550 981 5606 snpra
1001 5551 1033 5607 p.
1052 5535 1110 5591 491
1135 5533 1153 5587 Ι.
1172 5535 1210 5588 35
1222 5549 1284 5605 sqq.
1384 5528 1415 5598 5)
1439 5528 1471 5586 V.
1494 5548 1585 5604 cupra
1602 5549 1636 5604 p.
1653 5533 1715 5589 492
1738 5532 1757 5586 l.
1774 5534 1811 5590 11
1824 5551 1885 5608 sqq.
1992 5534 2022 5604 6)
2045 5535 2077 5591 V.
2101 5555 2192 5611 capra
2209 5551 2238 5591 ee

534 5657 567 5712 p.
584 5639 647 5696 492
669 5639 688 5692 I.
710 5640 748 5696 14
763 5657 806 5713 aq.
832 5641 871 5696 rs·
885 5659 927 5713 sq.
1057 5639 1088 5707 1)
1111 5638 1143 5694 V.
1167 5655 1258 5712 supra
1276 5657 1310 5712 p.
1327 5639 1390 5694 492
1413 5636 1432 5691 l.
1452 5639 1493 5694 18
1508 5655 1569 5711 sqq.
1699 5635 1730 5706 8)
1753 5637 1785 5693 V.
1810 5658 1900 5714 supra
1917 5660 1952 5715 p.
1969 5643 2032 5700 492
2054 5643 2072 5698 l.
2093 5646 2132 5701 21
2148 5663 2191 5719 sq.

539 5744 570 5812 9)
594 5743 625 5800 V.
649 5763 740 5819 supra
758 5763 792 5819 p.
810 5747 868 5803 491
893 5746 911 5799 l.
933 5747 971 5804 16
986 5765 1065 5821 ⁸115
1092 5765 1118 5801 v.
1144 5743 1225 5800 etiam
1245 5762 1277 5817 p.
1298 5745 1358 5801 519
1382 5744 1399 5798 l.
1421 5746 1519 5817 3039.
1658 5741 1708 5812 10)
1732 5744 1766 5801 V.
1789 5764 1879 5819 supra
1897 5765 1930 5820 p.
1948 5750 2010 5805 492
2033 5748 2051 5804 l.
2071 5753 2115 5808 28
2128 5768 2191 5825 sqq.

542 5849 593 5920 ll)
617 5850 649 5906 V.
673 5871 764 5926 supra
783 5871 815 5926 p.
832 5855 895 5909 492
918 5853 1004 5910 132.
