4884 6717
745 556 796 613 50.
833 556 1051 614 CONCILIUM
1074 556 1301 614 PARISIENSE
1325 558 1362 614 A.
1383 557 1458 613 829.
1863 551 1929 614 615

379 743 455 830 (79).
480 742 569 831 Cap.
583 743 661 808 XII.
686 743 861 809 Similiter¹
874 746 972 808 etiam
985 742 1106 808 obnixe
1119 766 1157 808 ac
1170 743 1361 830 suppliciter
1372 755 1501 809 vestrae
1514 743 1700 809 celsitudini
1712 746 1927 830 suggerimus,

272 862 453 916 utmorem
477 861 647 937 paternum
675 864 848 937 sequentes
879 850 982 915 saltim
1015 852 1049 914 in
1080 849 1184 915 tribus
1219 852 1521 936 congruentissimis
1556 852 1684 938 imperii
1715 853 1815 915 vestri
1846 850 1926 916 loeis

272 955 359 1021 scole
383 954 513 1043 publice
537 979 580 1021 ex
603 966 713 1021 vestra
736 958 929 1022 auctoritate
953 957 1063 1038 fianta
1087 969 1123 1022 ut
1145 956 1239 1021 labor
1262 959 1363 1044 patris
1387 958 1486 1021 vestri
1503 969 1536 1022 et
1560 969 1668 1022 vester
1683 980 1742 1044 per
1756 959 1926 1040 incuriam,

272 1063 360 1151 quod
389 1062 485 1146 absit,
516 1063 743 1129 labefactando
772 1086 838 1128 nou
868 1064 1032 1151 depereat,
1064 1066 1218 1150 quonism
1249 1086 1291 1128 ex
1322 1064 1384 1129 hoc
1414 1065 1500 1129 facto
1532 1076 1564 1128 et
1594 1086 1714 1151 magna
1742 1064 1864 1129 utilitas
1895 1076 1928 1130 et

241 1170 375 1237 shonor
401 1180 534 1235 sauctae
564 1171 630 1234 Dei
660 1169 821 1235 ecclesiae
853 1183 886 1234 et
914 1169 1009 1235 vobis
1044 1194 1196 1256 magnum
1227 1170 1387 1235 mercedis
1419 1171 1669 1236 emolumentum
1705 1183 1736 1236 et
1770 1173 1927 1236 memoria

273 1278 470 1364 sempiterna
492 1276 670 1343 adcrescet.

379 1403 455 1489 (80).
485 1402 575 1490 Cap.
587 1402 683 1467 XIII.
715 1402 890 1468 Similiter³
905 1399 937 1467 el
952 1402 1014 1467 hoc
1030 1425 1050 1466 a
1062 1414 1171 1466 vestra
1188 1403 1308 1488 pietate
1326 1404 1510 1468 necessario
1527 1402 1678 1467 duximus
1695 1402 1925 1490 expetendmn,

273 1522 308 1574 ut
338 1509 525 1574 sacerdotes
554 1519 586 1574 et
613 1508 733 1573 levitae
761 1521 793 1573 et
823 1510 987 1594 sequentis
1019 1507 1142 1574 ordinis
1173 1508 1295 1591 clerici,
1331 1511 1388 1595 qui
1422 1510 1456 1573 in
1486 1509 1634 1574 diversas
1666 1510 1794 1596 imperii
1823 1511 1922 1574 vestri

274 1625 382 1701 partes
405 1616 611 1702 maximeque
635 1617 670 1679 in
692 1614 806 1679 Italiae
830 1617 996 1701 regionem
1021 1616 1099 1701 fuga
1121 1615 1206 1702 lapsi
1230 1627 1305 1681 sunt
1315 1622 1337 1698 ⁴,
1361 1627 1471 1681 vestra
1497 1616 1689 1680 auctoritate
1720 1638 1780 1703 per
1810 1618 1925 1681 missos

232 1751 256 1789 ro
273 1733 398 1786 vestros
422 1721 596 1808 diligenter
618 1723 847 1808 perquirantur
870 1733 902 1786 et
925 1723 958 1785 in
986 1723 1203 1807 praesentiam
1234 1734 1377 1787 vestram
1407 1724 1520 1787 venire
1552 1721 1776 1810 conpellantur
1805 1733 1838 1787 et
1867 1746 1927 1810 per

274 1841 416 1892 uestram
447 1827 652 1892 clementiam
677 1829 853 1915 unicuique
885 1826 1061 1908 ecclesiae,
1097 1851 1117 1891 a
1147 1852 1212 1915 qua
1242 1853 1301 1916 per
1332 1830 1563 1895 contumatiam
1594 1829 1799 1910 defecenmt,
1835 1831 1927 1894 resti·

273 1945 413 2000 tuantur.

382 2059 457 2146 (81).
482 2058 572 2145 Cap.
586 2059 697 2123 XIIII.
725 2058 832 2123 lllud⁵
847 2081 975 2146 quoque
992 2059 1222 2124 nihilhominus
1239 2083 1259 2124 a
1270 2070 1379 2123 vestra
1393 2061 1514 2146 pietate
1527 2060 1718 2147 suppliciter
1732 2059 1926 2146 flagitamus,

274 2178 310 2231 ut
332 2165 482 2230 monachi
506 2178 539 2230 et
561 2164 732 2252 presbiteri
756 2188 884 2230 necnon
908 2176 940 2229 et
964 2165 1085 2248 clerici,
1109 2167 1165 2253 qui
1189 2167 1370 2253 postposita
1393 2168 1552 2232 canonica
1575 2167 1790 2232 auctoritate⁶
1804 2168 1926 2254 passim

233 2299 257 2338 rs
276 2272 430 2359 palatium
454 2272 576 2336 adeunt
599 2283 631 2336 et
653 2273 771 2336 restris
795 2273 896 2337 sacris
927 2270 1061 2337 aun'bus
1091 2274 1388 2359 inportunissimam
1422 2272 1603 2338 molestiam
1633 2273 1786 2356 inferunt,
1816 2284 1927 2339 restra

276 2380 466 2443 auctoritate
490 2389 522 2442 et
545 2388 704 2464 potestate
729 2377 963 2462 deterreantur,
994 2400 1036 2443 ne
1067 2380 1128 2444 hoc
1158 2380 1266 2444 facere
1297 2392 1506 2466 praesumant
1518 2385 1538 2462 ⁷,
1569 2381 1722 2467 quoniam
1753 2382 1786 2444 in
1817 2379 1926 2444 huius·

275 2484 400 2550 cemodi
425 2485 509 2550 facto
534 2495 566 2549 et
589 2486 684 2570 vigor
714 2484 956 2552 ecclesiasticus
987 2487 1228 2573 contempnitur
1258 2495 1290 2548 et
1320 2484 1435 2570 religio
1463 2485 1675 2551 sacerdotalis
1705 2497 1738 2551 et
1766 2485 1926 2572 professio

274 2592 453 2656 monastica
475 2590 571 2655 vilior
594 2591 745 2656 eflicitur.
1604 2605 1609 2612 '

381 2717 456 2800 (82).
478 2714 568 2801 Cap.
581 2715 656 2779 XV.
685 2714 791 2780 Illud⁸
806 2717 904 2780 etiam
917 2715 1038 2781 obnixe
1050 2727 1192 2781 vestram
1209 2727 1354 2781 sanctam
1371 2717 1614 2804 piissimamque
1628 2717 1833 2782 devotionem
1850 2740 1924 2803 sup·

229 2849 258 2889 so
275 2821 403 2909 pliciter
425 2821 586 2886 monendo
610 2820 826 2908 deposcimus,
850 2835 885 2886 ut
908 2821 950 2887 ob
974 2844 1117 2887 amorem
1141 2834 1173 2886 et
1196 2822 1351 2888 honorem
1368 2824 1433 2888 Dei
1449 2835 1482 2888 et
1498 2824 1625 2910 animae
1645 2835 1771 2888 uestrae
1788 2823 1924 2889 salutem

276 2951 397 2993 morem
420 2941 590 3015 paternum
613 2941 787 3015 sequentes
811 2929 970 3017 quasdam
994 2930 1088 2995 sedes
1119 2929 1332 3016 episcopales,
1368 2953 1452 3017 qnae
1482 2928 1580 2995 rebus
1610 2932 1750 3018 propriis
1779 2931 1923 3014 viduate,

275 3036 373 3100 immo
397 3035 561 3100 adnullata
585 3058 657 3100 esse
688 3036 850 3118 videntur,
886 3036 962 3101 dum
992 3047 1119 3122 tempus
1146 3035 1273 3100 habetis
1297 3048 1330 3100 et
1359 3038 1560 3123 oportunitas
1584 3060 1619 3102 se
1649 3037 1847 3123 praebuerit,
1883 3037 1924 3102 de

276 3165 385 3206 earum
409 3141 631 3207 sublevatione
656 3154 688 3207 et
711 3142 930 3208 consolatione
961 3143 1119 3228 cogitetis,
1150 3165 1309 3208 memores
1339 3166 1477 3230 semper,
1509 3144 1670 3230 quomodo
1700 3146 1924 3231 progenitores

275 3250 375 3313 vestri
398 3248 621 3313 huiuscemodi
643 3249 798 3335 piissimis
822 3249 937 3314 studiis
960 3250 1075 3313 intenti
1098 3249 1228 3314 fuerint.

231 3398 258 3437 ss
382 3373 457 3459 (83).
482 3371 571 3459 Cap.
585 3373 678 3438 XVI.
712 3372 798 3438 seda
814 3385 847 3438 et
862 3372 940 3438 illud
957 3397 977 3437 a
991 3383 1102 3438 vestra
1117 3375 1238 3460 pietate
1253 3373 1324 3439 fieri
1341 3374 1557 3462 deposcimus,
1574 3387 1609 3441 ut
1624 3378 1658 3441 in
1674 3376 1816 3464 quadam
1831 3387 1924 3463 parte

276 3479 486 3566 parroechiae
510 3478 663 3566 Alitgarii
673 3484 699 3523 ¹⁰
722 3490 755 3545 et
777 3480 980 3567 Rangarii11,
1017 3479 1073 3544 ubi
1098 3481 1317 3567 turpissimam
1341 3493 1374 3545 et
1396 3481 1662 3548 nefandissimam
1685 3495 1718 3548 et
1740 3484 1811 3570 ipso
1836 3483 1925 3548 dictu

276 3585 495 3651 foedissimam
519 3609 587 3650 rem
611 3587 791 3673 perpetrari
815 3587 1008 3668 audivimus,
1033 3587 1124 3651 missi
1147 3588 1248 3651 vestri
1270 3586 1384 3652 fideles
1407 3589 1560 3670 existant,
1585 3591 1640 3676 qui
1656 3613 1716 3676 per
1730 3599 1925 3677 potestatem

276 3692 475 3779 imperialem
506 3703 649 3757 vestram
679 3692 775 3757 simul
805 3716 879 3757 cum
913 3716 1026 3757 eorum
1061 3694 1263 3775 auctoritate,
1299 3716 1437 3780 quorum
1470 3696 1682 3781 parroechiae
1718 3707 1801 3778 sunt,
1837 3697 1924 3762 idem

276 3798 395 3863 malum
418 3798 461 3864 ab
484 3797 539 3863 illo
562 3799 635 3864 loco
659 3801 852 3886 quantocius
876 3799 1031 3864 radicitus
1055 3798 1205 3864 evellant.

231 3950 259 3990 so
382 3923 459 4011 (84).
484 3923 536 3989 Ca
542 3947 573 4010 p.
590 3924 699 3989 XVII.
733 3924 891 3989 Iterum¹²
906 3924 1096 4011 suppliciter
1111 3923 1316 3989 admonendo
1333 3937 1461 3990 vestrae
1478 3928 1681 4013 suggerimus
1698 3929 1873 4012 serenitati,
1890 3940 1926 3994 ut

276 4041 385 4094 vestro
409 4029 629 4095 sollertissimo
653 4030 759 4095 studio
782 4041 956 4117 vcsuaqne
980 4030 1141 4117 imperiali
1165 4032 1358 4096 auctoritate
1382 4042 1449 4096 tam
1472 4034 1645 4098 temeraria
1668 4032 1924 4100 Christianorum

276 4137 443 4222 sanguinis
467 4137 581 4201 effusio
605 4138 638 4201 in
665 4158 767 4223 regno
797 4148 906 4200 vestro
941 4137 1011 4202 lieri
1046 4159 1111 4201 non
1141 4138 1275 4220 sinatur,
1311 4160 1439 4225 semper
1469 4138 1548 4205 illud
1579 4140 1802 4225 adtendentes,
1839 4142 1927 4229 quod

275 4243 436 4308 Dominus
459 4255 533 4330 post
556 4242 714 4308 diluvium
738 4243 821 4307 dixit
843 4242 964 4307 famulo
989 4265 1047 4307 suo
1071 4242 1158 4308 Noe:
1189 4245 1237 4308 De
1261 4271 1356 4309 osona
1386 4247 1524 4311 hoaaim's
1553 4263 1581 4312 et
1611 4249 1648 4313 da
1679 4274 1774 4313 mono
1804 4252 1874 4314 ciri
1900 4264 1928 4314 et
1945 4277 2093 4328 omaus.

269 4353 395 4439 fracia
432 4353 500 4416 eius
537 4353 699 4437 requiram
737 4353 878 4416 animam
912 4351 1057 4416 lerninis.
1119 4351 1312 4436 Quicmque
1347 4352 1496 4438 effuderit
1529 4354 1698 4419 frumarium
1731 4358 1927 4445 sauguinem,

232 4605 259 4646 η
383 4586 448 4636 XII.
475 4579 651 4652 ldepereat]
670 4587 788 4637 debeant
806 4586 834 4635 V.

383 4675 464 4725 XIII.
493 4675 673 4740 Ssequendis
693 4675 720 4725 l'.

384 4763 478 4814 XIIII.
509 4767 541 4815 14
561 4766 725 4832 auctoritate
746 4764 772 4813 V.

383 4852 456 4903 XVI.
485 4854 518 4903 25
538 4854 641 4919 pietate
661 4853 689 4902 Γ.

384 4942 473 4992 xvn.
501 4944 532 4992 31
553 4940 730 4992 solertissimo
752 4941 778 4992 l<

231 5183 261 5222 ω
388 5157 416 5226 1)
449 5154 499 5228 Cf.
523 5156 624 5214 relatio
647 5157 839 5232 episcoporum
864 5176 887 5214 c.
908 5160 949 5216 24
973 5157 1063 5226 ared.,·
1086 5159 1106 5214 l.
1127 5159 1145 5213 l.
1170 5157 1210 5226 II,
1229 5160 1278 5217 37.
1382 5157 1413 5228 2)
1446 5159 1570 5230 Kranae,
1595 5163 1613 5218 l.
1637 5163 1656 5218 Ι.
1681 5162 1721 5232 H,
1739 5165 1780 5222 37
1802 5183 1871 5221 aun.
1888 5167 1931 5223 83

279 5272 370 5321 monet
391 5261 427 5320 ab
450 5263 493 5321 his
514 5262 615 5321 scholis
633 5262 753 5338 puhlicis
776 5262 840 5319 illas
863 5263 1065 5321 decernendos
1088 5283 1155 5334 csse,
1184 5284 1258 5340 quas
1281 5264 1404 5341 episcopi
1425 5258 1485 5338 (lib.
1510 5266 1531 5323 I
1549 5287 1571 5324 c.
1589 5271 1638 5338 30,
1662 5267 1716 5324 III
1733 5273 1810 5336 c.1,·
1839 5290 1931 5346 supra

273 5390 307 5446 p.
325 5375 396 5430 632.
415 5365 487 5446 669)
517 5368 547 5427 in
576 5369 634 5426 artis
663 5367 817 5426 civitatibus
848 5367 950 5426 habac
981 5369 1164 5427 decreverint.
1265 5370 1295 5440 3)
1326 5369 1375 5441 Cf.
1399 5373 1500 5430 rclntio
1523 5373 1714 5449 episcoporum
1738 5395 1761 5432 c.
1777 5380 1821 5435 25
1828 5398 1838 5445 ,·
1868 5377 1886 5432 1.
1910 5378 1929 5433 l.

280 5476 319 5547 ΙΙ,
337 5480 387 5535 37.
464 5475 494 5544 4)
517 5476 656 5551 Vis-upra
679 5474 725 5531 lib.
742 5474 763 5531 Ι
781 5494 804 5531 c.
823 5479 880 5544 36;
898 5497 932 5551 p·
949 5479 1064 5551 saecq.
1134 5475 1165 5545 5)
1192 5475 1241 5548 Os.
1259 5475 1359 5535 relatio
1376 5477 1683 5554 cpiscoporumc.26;
1707 5481 1929 5560 1.1.H,37sq.

281 5583 312 5652 6)
338 5582 387 5656 Cf.
402 5581 553 5659 supralib.
570 5581 624 5638 III
641 5576 963 5657 c.11(78);p.674.
1034 5582 1064 5650 7)
1087 5582 1119 5638 V.
1135 5603 1227 5658 supra
1242 5582 1287 5639 lib.
1304 5582 1326 5639 J
1344 5603 1367 5640 c.
1385 5587 1443 5653 36;
1460 5604 1494 5660 p.
1513 5589 1575 5644 635
1589 5606 1631 5662 sq.
1701 5587 1732 5656 8)
1758 5587 1806 5660 Cf.
1830 5589 1931 5647 reatin

231 5715 262 5754 as
280 5690 472 5765 piscopos-um
495 5709 519 5745 c.
535 5692 594 5756 27;
617 5688 796 5759 111438.
911 5688 942 5758 9)
969 5687 1017 5760 Cf.
1042 5687 1107 5744 ibid.
1133 5709 1155 5745 c.
1173 5692 1233 5756 28‚·
1257 5691 1275 5746 l.
1292 5691 1311 5746 l.
1335 5690 1375 5760 II,
1393 5695 1443 5750 38.
1556 5693 1608 5762 10)
1634 5692 1772 5771 Episcopi
1795 5693 1931 5753 Camera-

280 5796 370 5853 censis
392 5789 466 5870 (816
474 5790 608 5871 -831).
709 5795 760 5864 11)
785 5795 923 5870 Episcopi
944 5794 1173 5853 Noviomaccasis
1196 5790 1454 5872 (saer—8293).
1555 5799 1606 5868 12)
1632 5799 1681 5872 Cf.
1705 5802 1804 5860 relatio
1827 5802 1932 5878 episco-

278 5922 379 5977 porum
404 5922 427 5959 c.
443 5905 501 5970 29;
526 5904 544 5958 l.
569 5904 588 5959 l.
612 5902 652 5971 Π,
670 5906 720 5961 38.

1665 6021 1717 6079 85*
