4884 6717
509 482 720 539 APPENDIX.
771 483 799 537 1.
830 482 1049 539 CONCILIUM
1074 483 1297 541 LEODIENSE
1322 483 1495 543 SPURIUlll
1519 486 1555 540 Α.
1574 485 1649 542 710.
1841 482 1905 545 817

358 668 401 732 Π.
433 668 591 734 Volumus
615 679 724 734 autem
747 692 867 757 pucros
891 681 1043 757 septenos
1067 683 1100 735 et
1123 693 1221 758 supra
1245 671 1366 737 adduci
1389 671 1431 736 ad
1453 673 1643 759 episcopum
1666 674 1905 741 confirmandos

251 785 283 840 ot
306 775 433 840 adultos
457 778 546 862 prius
569 776 717 842 confiteri
742 776 783 842 de
806 778 952 864 peccatis
976 779 1053 843 suis.

357 899 419 964 ΙΠ.
450 899 497 965 Ut
514 899 689 988 presbyter
710 903 861 989 proprius
892 902 958 967 alia
981 914 1184 967 sacramenta
1208 902 1432 968 ecclesiastiea
1463 906 1633 988 ministrat,
1665 908 1712 972 ita
1735 918 1768 971 et
1790 907 1904 974 saltem

250 1006 351 1071 semel
374 1007 408 1070 in
432 1029 517 1071 anno
541 1010 571 1072 ei
596 1010 811 1075 confiteantur
834 1032 893 1074 sua
917 1022 1053 1096 peccata
1076 1008 1198 1075 subditi
1208 1016 1230 1076 ¹.

215 1158 229 1198 s
355 1133 434 1198 1111.
470 1133 656 1219 Diligenter
678 1136 725 1199 eis
749 1135 892 1221 explicet
909 1147 1085 1221 praecepta
1100 1134 1166 1199 Dei
1188 1145 1220 1199 et
1244 1134 1360 1200 diebus
1384 1135 1555 1201 dominicis
1579 1149 1723 1225 exponat
1747 1161 1796 1222 ea,
1820 1162 1904 1226 quae.

249 1242 452 1342 adsalutem
476 1253 552 1305 sunt
580 1243 777 1325 animarum3
809 1240 927 1328 quibus
958 1252 1105 1305 sanctum
1137 1264 1254 1329 corpus
1279 1241 1400 1308 Christi
1432 1245 1604 1329 quotannis
1634 1243 1726 1310 dabit
1748 1245 1791 1310 ad
1814 1269 1903 1311 man-

249 1349 445 1416 durandum.

355 1476 397 1539 V.
433 1473 558 1555 Quodsi
581 1475 716 1538 remisse
740 1472 913 1560 presbyter
935 1496 975 1538 ea
999 1484 1100 1554 curet,
1124 1475 1253 1538 noverit
1276 1497 1310 1539 se
1334 1497 1355 1539 a
1375 1474 1448 1541 Deo
1471 1451 1682 1562 puniendum,
1707 1479 1763 1564 qui
1786 1478 1902 1543 ardon·

248 1585 372 1649 tissime
396 1581 559 1647 desiderio
583 1579 711 1645 oblatus
735 1592 784 1644 est
806 1603 865 1666 pro
889 1582 966 1662 suis,
991 1581 1069 1666 quia
1091 1580 1203 1645 voluit.

205 1729 230 1768 ιο
355 1709 413 1772 vl.
452 1708 492 1771 In
527 1705 677 1771 omnibus
712 1728 747 1771 se
781 1704 940 1792 praebeat
975 1703 1147 1792 presbyter
1181 1706 1369 1793 exemplum
1397 1705 1555 1772 bonorum
1583 1730 1716 1795 operum
1745 1718 1778 1773 et
1804 1732 1903 1796 super

247 1839 347 1903 grege
371 1814 494 1901 vigilet,
525 1838 599 1879 cnm
623 1814 775 1879 inimicus
797 1812 894 1877 homo
918 1814 1156 1899 promtissimus
1186 1813 1229 1878 sit
1257 1813 1299 1877 ad
1327 1814 1651 1900 superseminandum
1674 1816 1708 1878 in
1732 1838 1812 1902 agro
1836 1816 1901 1881 Dei

247 1945 417 1987 zrzamam.

355 2047 430 2111 VII.
465 2044 638 2111 Ecclesiae
662 2044 802 2111 mrmdae
827 2047 892 2110 sint
915 2056 947 2109 et
970 2042 1087 2109 altaria
1110 2057 1225 2109 ornata
1248 2043 1413 2128 decenter,
1442 2068 1515 2110 eum
1540 2047 1573 2109 in
1597 2047 1637 2110 iis
1661 2047 1753 2112 Deus
1777 2046 1902 2113 habitet

246 2179 311 2221 non
335 2154 439 2219 solum
464 2154 614 2241 Spiritus,
639 2152 698 2218 sed
721 2165 753 2218 et
776 2152 871 2217 horno
895 2152 1010 2217 sactus.

203 2302 228 2342 rs
354 2280 447 2344 Vlll.
482 2278 534 2344 Ita
556 2288 675 2360 tamen,
706 2289 742 2342 ut
765 2277 809 2358 id,
843 2276 931 2364 quod
960 2278 1072 2341 oculos
1095 2278 1246 2341 intrantis
1277 2276 1318 2341 ab
1349 2279 1494 2342 oratione
1522 2289 1629 2365 potest
1652 2278 1804 2360 avellere,
1834 2303 1900 2345 non

246 2389 429 2476 reperiatur
452 2389 485 2451 in
509 2388 557 2450 eis
581 2397 637 2450 aut
660 2386 830 2450 curiositas
855 2384 1037 2466 oculorum,
1070 2384 1128 2449 sed
1158 2386 1288 2472 sapiant
1311 2385 1465 2449 universa
1495 2387 1528 2449 et
1557 2385 1686 2472 singula
1709 2388 1817 2472 ignem
1842 2388 1899 2451 im-

247 2493 439 2576 mittendum
463 2494 496 2557 in
521 2516 577 2557 cor
598 2491 715 2575 fidelis,
740 2491 877 2556 adorare
901 2502 934 2555 et
956 2514 1050 2555 orare
1075 2493 1246 2556 venientis.

354 2618 464 2683 VlIll.
500 2617 641 2682 Infirnris
665 2616 889 2681 misericordia
913 2616 978 2680 Dei
1001 2618 1177 2702 aperiatur,
1208 2618 1255 2681 ita
1285 2629 1404 2698 tamen,
1435 2628 1470 2681 ut
1501 2629 1533 2682 et
1563 2618 1685 2682 iustitia
1715 2640 1823 2683 comes
1847 2619 1898 2682 sit.

247 2726 313 2792 Sed
337 2728 427 2790 venit
451 2724 610 2806 Christus,
634 2734 670 2790 ut
692 2746 751 2789 nos
775 2722 951 2788 redimeret
973 2733 1005 2787 ct
1028 2746 1086 2787 suo
1111 2746 1211 2809 regno
1236 2722 1430 2788 inscriberet
1452 2724 1608 2789 volentes.

201 2872 228 2911 ro
354 2852 396 2915 X.
432 2849 607 2915 Defunctis
639 2859 727 2914 certo
757 2849 863 2912 sciant
891 2849 1037 2912 universi
1064 2847 1202 2912 reddere
1233 2848 1343 2913 Deum
1374 2850 1550 2936 propitium
1584 2851 1703 2914 missac
1738 2850 1900 2915 sacrificia

247 2958 445 3045 quotidiana,
464 2971 595 3043 preces,
621 2955 812 3021 donationes
837 2966 869 3020 et
892 2956 1031 3037 ieiunia,
1056 2978 1139 3042 quae
1164 2954 1238 3019 ideo
1262 2955 1333 3020 fieri
1357 2956 1566 3042 postulamus,
1591 2967 1626 3020 ut
1642 2979 1754 3021 eorum
1770 2958 1899 3022 animae

247 3066 359 3152 requie
384 3065 479 3130 citius
503 3065 669 3151 potiantur
692 3074 834 3144 aeterna,
860 3084 957 3148 quarn
980 3059 1075 3125 nobis
1099 3061 1247 3126 Christus
1271 3061 1394 3126 donare
1419 3061 1581 3148 dignetur.
1627 3062 1765 3128 Arnen².

357 3305 386 3374 l)
419 3303 468 3376 (ἶν’.
495 3311 679 3380 praeceptum
703 3323 730 3379 q.
755 3304 782 3358 d.
808 3302 948 3378 paschale
977 3302 1087 3359 concilii
1110 3302 1316 3360 lateranensii
1339 3303 1393 3360 IV.
1418 3297 1458 3378 (a.
1475 3299 1593 3378 1215):
1625 3304 1723 3360 Omnis
1753 3306 1897 3376 utrimque

246 3431 328 3468 sexus
357 3411 464 3478 fidelis,
495 3420 643 3483 postquam
673 3412 709 3466 ad
740 3429 828 3466 annos
858 3411 1035 3466 discretionis
1065 3411 1242 3482 pervenerit,
1273 3410 1366 3466 omnia
1396 3429 1448 3465 sua
1474 3412 1548 3465 eolus
1579 3419 1700 3482 peccata
1729 3411 1899 3468 confiteatur

201 3537 228 3575 aa
245 3519 381 3586 fideliter,
412 3519 513 3573 saltem
544 3518 633 3574 semel
663 3519 691 3572 in
716 3535 799 3584 anno,
830 3517 943 3589 proprio
974 3518 1114 3573 sacerdoti
1145 3525 1175 3572 ct
1206 3518 1360 3572 iniunctam
1390 3517 1444 3572 sibi
1474 3518 1679 3589 poeaitentiam
1708 3521 1824 3576 studeat
1847 3537 1898 3591 pro

245 3628 351 3683 viribus
374 3627 541 3697 adimplere,
572 3627 728 3697 suscipiens
758 3633 926 3681 reverenter
948 3626 984 3679 ad
1007 3625 1098 3678 minus
1121 3626 1149 3679 iu
1166 3624 1275 3680 Pascha
1296 3624 1483 3681 eucharistiae
1507 3632 1723 3693 sacramentum,
1748 3627 1800 3680 uisi
1823 3625 1898 3682 forte

246 3736 282 3791 de
313 3734 428 3789 consilio
457 3733 563 3806 proprii
593 3733 749 3790 sacerdotis
779 3733 816 3788 oh
847 3733 968 3804 aliquam
999 3733 1196 3788 rationabilem
1228 3750 1339 3787 causam
1370 3733 1406 3787 ad
1430 3739 1544 3804 tempus
1567 3734 1604 3788 ab
1629 3733 1689 3788 cius
1711 3734 1898 3805 perceptione

245 3843 358 3896 duxerit
380 3841 579 3897 abstinendum
611 3831 727 3912 (Manui
749 3837 848 3908 XXII,
875 3841 954 3897 rom
964 3859 1025 3914 sqq.
1056 3859 1079 3894 r.
1105 3833 1168 3915 21).
1213 3839 1246 3894 V.
1272 3838 1353 3896 etiam
1378 3839 1412 3895 A.
1438 3839 1554 3908 Kirselr,
1579 3839 1695 3897 ‘Arcldo
1719 3839 1778 3910 fiir
1800 3839 1899 3898 katha-

245 3948 344 4005 lisclres
368 3947 587 4003 Kirrlreareelrt'
612 3945 784 4015 LXXXIV,
809 3948 873 4004 527
883 3967 945 4021 sqq.
1025 3945 1055 4014 2)
1081 3945 1194 4002 Addere
1211 3947 1311 4021 placet
1332 3945 1418 4004 verda
1436 3945 1528 4022 primi
1550 3945 1664 4004 editoris
1687 3945 1720 4020 (l.
1738 3949 1755 4002 l.
1774 3968 1807 4024 p.
1823 3943 1897 4025 166)

200 4071 227 4110 aa
245 4056 279 4112 de
296 4056 382 4127 fonte
405 4073 543 4111 canonum
567 4073 697 4110 actorum:
722 4051 870 4111 ‘Claudiam
893 4052 1032 4128 Derpret:
1055 4053 1079 4110 Ι.
1106 4050 1136 4110 C.
1160 4052 1352 4110 atrebatensis
1375 4061 1401 4109 et
1423 4053 1551 4110 dandum
1574 4054 1608 4110 dc
1632 4051 1748 4117 ereant
1771 4099 1775 4109 .
1802 4099 1807 4109 .
1833 4099 1838 4111 .
1863 4075 1899 4112 ea

245 4161 368 4237 antiquis
391 4159 573 4217 monumentis
595 4159 744 4216 annotavit
757 4179 835 4215 auno
852 4162 918 4218 710.
936 4160 1037 4217 aramis
1053 4160 1161 4235 Aprilis
1177 4160 1221 4216 die
1236 4164 1286 4219 29.
1311 4152 1366 4234 (est
1387 4159 1411 4217 is
1428 4160 1581 4236 proximus
1603 4181 1697 4218 annua
1714 4170 1783 4236 post
1804 4170 1898 4219 truns-

245 4269 330 4324 latum
355 4267 543 4343 eprisropamm
566 4257 639 4347 [sed
659 4267 699 4338 cs.
724 4266 757 4321 A.
782 4265 895 4338 Haucb,
921 4266 1215 4343 ‘Kirclrenqeoclricbte
1238 4267 1462 4324 Darhclrlauds’
1487 4268 1529 4323 ed.
1555 4271 1582 4326 3.
1608 4267 1631 4337 I,
1656 4257 1751 4346 327J)
1772 4267 1897 4343 primam

246 4374 374 4432 habuisse
405 4366 478 4434 (scil.
501 4373 672 4448 Hubertum)
702 4374 838 4446 synodum
870 4373 1050 4430 Leodiensem
1082 4373 1111 4430 iu
1141 4395 1163 4428 a.
1189 4372 1334 4430 Lamberti
1363 4373 1501 4430 cocleria’.
1550 4373 1648 4430 Fiden
1680 4374 1734 4430 illis
1765 4374 1899 4450 ‘antiquis

245 4480 441 4538 monrrmentie’
473 4480 584 4538 minime
613 4480 788 4537 tribuendam
820 4500 878 4538 esse
907 4488 1032 4556 apparet
1060 4480 1142 4537 etiam
1166 4500 1202 4537 eu
1220 4501 1253 4555 p.
1271 4483 1340 4549 168,
1372 4479 1418 4536 udi
1440 4481 1510 4537 haec
1532 4481 1678 4556 lepontur:
1710 4481 1804 4537 ‘Anno
1829 4484 1897 4539 720.

199 4587 340 4644 rehabuit
361 4609 383 4646 s.
408 4587 550 4644 Hubertus
578 4588 730 4644 secundam
759 4588 896 4661 syrrodum
927 4596 1026 4644 contra
1056 4596 1267 4664 oppugnatores
1295 4607 1446 4643 semaraim
1470 4587 1632 4663 iruapinum,
1663 4587 1712 4663 qui
1742 4596 1828 4662 eaput
1850 4605 1898 4643 eu·

244 4695 419 4752 animantia
442 4715 494 4752 sua
513 4693 675 4770 parrochia
699 4693 861 4769 miseopali,
886 4694 914 4751 in
938 4715 996 4770 qua
1018 4695 1170 4750 recaredum
1195 4694 1356 4751 Roaranam
1374 4714 1434 4770 pro
1456 4693 1623 4770 imaginibus
1645 4693 1694 4751 rub
1716 4716 1739 4751 a.
1758 4692 1899 4770 Greporr'o

244 4801 354 4859 iuniore
384 4801 551 4858 celebratam
583 4801 691 4878 integre
720 4801 845 4858 inseruit.
891 4801 982 4858 Verba
1011 4809 1077 4857 arent
1106 4821 1142 4858 ex
1172 4800 1268 4858 iisdem
1292 4800 1411 4857 eiusdem
1437 4798 1552 4858 Claudii
1574 4800 1714 4876 Desprets
1738 4800 1897 4857 analectis’.

246 4907 457 4966 Observandum
488 4917 578 4965 autem
610 4917 650 4964 est
674 4916 741 4983 pest
770 4917 884 4964 irrortcm
913 4909 1020 4964 demum
1051 4929 1073 4964 s.
1099 4906 1220 4964 lietberti
1242 4899 1278 4984 (†
1295 4901 1368 4982 727)
1393 4927 1470 4964 anno
1493 4910 1560 4966 731.
1590 4927 1684 4964 iriense
1706 4905 1858 4964 Novanbri
1878 4926 1899 4962 a

246 5012 387 5090 Gregorio
411 5014 467 5071 ΙΙΙ.
493 5009 699 5088 (731-741)
723 5016 859 5088 mnodum
877 5014 1036 5071 lioruunum
1061 5015 1095 5070 de
1119 5035 1206 5072 causa
1230 5013 1382 5090 irnapiuum
1407 5033 1466 5071 esse
1488 5013 1627 5082 habituum
1651 5015 1691 5086 cf.
1717 5013 1756 5070 K.
1775 5010 1897 5089 Hermae,

142 5180 155 5192 ‚
199 5139 226 5176 eo
245 5120 349 5179 ‘Neues
364 5122 483 5179 Archiv'
508 5121 592 5190 XXI,
611 5124 753 5196 102sqq.,
778 5121 827 5197 qui
849 5121 988 5192 refutauit
1009 5141 1082 5197 quae
1106 5121 1210 5191 llesele
1233 5113 1264 5196 (l.
1282 5123 1301 5177 1.
1322 5119 1379 5190 III,
1396 5116 1542 5196 401³qu
1567 5121 1601 5177 de
1623 5121 1737 5194 synodis
1760 5119 1899 5177 Romanis

244 5248 264 5285 a
289 5229 429 5306 Gregorio
454 5229 492 5285 ΙΙ.
519 5223 725 5304 (715—731)
751 5228 929 5305 congregatis
953 5228 1075 5285 coniecit.

912 5527 1190 5534 ——-—.
1222 5527 1229 5533 .

300 5968 342 6009 Ua
356 5967 456 6008 coucilia
469 5968 498 6009 11.

1922 1603 2082 1656 et.Hsbr.l,ll.

1921 1818 1949 1858 el.
1960 1817 2040 1858 Martii.

1941 1871 1974 1922 1³,
1983 1872 2017 1913 ἥ.
