4884 6717
555 508 620 570 850
780 513 991 569 APPENDIX.
1041 510 1092 569 10.
1123 511 1343 570 CONCILIUM
1366 510 1636 567 FLORIACENSE
1660 510 1833 568 SPURIUM
1857 512 1893 567 Α.
1911 511 1986 568 839.

662 714 874 805 Stephanusl
896 741 961 783 non
992 719 1059 782 suis
1089 717 1212 782 meritis
1242 717 1409 782 Romanae
1440 716 1558 781 eclesie
1589 716 1720 803 praesul
1750 718 1918 781 carissimo
1947 716 2014 782 filio
2041 717 2212 783 Ludovico

552 827 742 913 imperatori
767 823 964 890 Galliarum
980 826 1028 889 sic
1059 822 1251 890 mortalibus
1280 825 1453 910 imperare,
1484 834 1521 888 ut
1543 823 1652 888 Deum
1683 826 1786 911 possit
1809 846 1950 890 servare.
1999 824 2212 891 Gaudemus²

552 933 586 996 in
609 932 763 1014 Domino,
792 931 1013 1014 dilectissime,
1045 932 1101 1019 qui
1132 953 1207 996 cum
1231 941 1360 1017 sceptro
1383 931 1503 995 terreni
1526 929 1658 994 honeris
1682 930 1820 996 eontulit
1842 928 1902 994 tibi
1925 940 2051 996 tantum
2075 931 2210 997 Domini

551 1041 690 1120 virtutis,
714 1050 831 1104 utnon
848 1038 951 1104 solum
974 1050 1010 1103 tu
1033 1039 1147 1125 pietati
1170 1048 1203 1102 et
1225 1037 1468 1102 misericordiae
1493 1037 1670 1118 insisteres,
1694 1059 1808 1102 verum
1832 1038 1930 1102 etiam
1955 1036 2067 1102 humili
2086 1038 2209 1125 suppli·

550 1147 680 1212 catione
714 1170 773 1210 nos
808 1145 851 1210 ad
886 1145 1000 1211 eadem
1036 1144 1194 1209 imitanda
1229 1143 1413 1209 inclinares.
1470 1143 1566 1208 Unde
1601 1167 1679 1208 mox
1708 1155 1745 1208 ut
1773 1167 1833 1231 per
1862 1143 2039 1209 Radulfum
2074 1145 2242 1210 fratremn

550 1265 707 1336 nostrum,
724 1253 871 1338 Biturige
888 1252 1183 1338 archiepiscopum,
1207 1261 1266 1316 tna
1280 1250 1434 1315 mandata
1449 1252 1661 1337 suscepimus,
1685 1251 1728 1315 ad
1744 1274 1803 1317 uos
1819 1252 1976 1316 introrsus
1992 1264 2208 1333 recurrentes,

550 1371 702 1447 respectu
732 1370 807 1424 tuae
838 1359 968 1445 pietatis
1000 1360 1089 1423 circa
1112 1368 1259 1423 sanctam
1284 1357 1455 1423 ecclesiam
1479 1358 1694 1443 nosmetipsos
1717 1357 1955 1444 redarguimus,
1984 1360 2040 1446 qui
2064 1358 2106 1423 ad
2130 1359 2164 1424 id
2187 1383 2208 1424 a

551 1478 582 1532 te
612 1465 843 1548 invitabamur,
878 1464 920 1530 ad
956 1465 1044 1552 quod
1074 1476 1105 1528 te
1137 1466 1275 1530 invitare
1306 1463 1511 1546 deberemus,
1546 1463 1620 1529 dico
1650 1475 1759 1530 autem
1788 1464 2046 1530 nobilitationem
2076 1466 2206 1532 eclesie.

551 1573 716 1654 Quocirca
739 1583 829 1638 tanto
853 1571 1007 1636 libentius
1032 1582 1065 1636 et
1088 1570 1223 1636 solidius
1247 1570 1306 1635 tibi
1330 1569 1637 1657 obtemperavimus,
1661 1582 1783 1658 quanto
1807 1571 2021 1658 apostolicum
2042 1574 2104 1659 piis
2120 1576 2205 1638 votis

550 1682 734 1767 principum
765 1679 929 1744 adsentari
959 1677 1081 1743 debere
1111 1679 1241 1743 scimus.
1287 1678 1377 1764 Ergo
1401 1689 1475 1742 tuae
1499 1677 1685 1742 auctoritati
1714 1689 1867 1760 nostram,
1898 1690 1934 1744 ut
1957 1677 2098 1761 voluisti,
2129 1703 2204 1745 cen·
2226 1703 2253 1742 ro

549 1787 683 1852 feriruus
708 1797 740 1851 et
762 1786 928 1850 Masciace
959 1786 1166 1867 monasterio,
1198 1795 1234 1849 ut
1263 1784 1511 1871 predecessores
1540 1785 1642 1849 nostri
1671 1784 1829 1868 fecerunt,
1859 1797 2026 1851 aeternam
2056 1787 2205 1851 immuni·

549 1905 649 1958 tatem
680 1894 800 1980 scripto
834 1892 1006 1979 privilegio
1039 1892 1259 1958 concedimus,
1312 1891 1536 1977 Praecipimus
1567 1900 1693 1974 autem,
1728 1902 1764 1956 ut
1791 1901 1827 1956 tu
1856 1893 1968 1980 tuique
1999 1915 2205 1958 successores

549 2001 717 2065 tuitionem
742 2010 867 2064 tantum
892 1998 1038 2064 eiusdem
1061 1998 1125 2064 leci
1148 2009 1293 2064 vestram
1315 1998 1467 2079 noscatis,
1497 1997 1579 2063 nulli
1608 1998 1792 2064 mortalium
1815 2020 1890 2063 eum
1913 2000 1949 2063 in
1970 1998 2203 2065 mundiburdio

549 2118 605 2171 aut
628 2108 662 2170 in
686 2107 821 2171 tuitione
846 2106 993 2171 conferre
1018 2106 1234 2193 praesumatis
1257 2104 1447 2190 nullumque
1471 2116 1657 2170 exactorem
1676 2116 1734 2170 aut
1747 2105 1890 2170 iudicem
1911 2116 1968 2170 aut
1989 2105 2204 2172 telonearium

548 2212 595 2277 ibi
618 2215 768 2278 insistere
791 2213 931 2294 faciatis,
956 2212 1014 2277 sed
1038 2211 1189 2277 monachi
1213 2235 1255 2276 ex
1279 2212 1460 2298 praemissa
1481 2209 1630 2276 libertate
1654 2235 1766 2277 omnes
1791 2211 2003 2277 redibitiones
2020 2223 2053 2277 et
2068 2236 2202 2279 consue·
2223 2235 2249 2275 u

547 2320 677 2385 tudincs
700 2321 762 2405 ipsi
787 2319 987 2406 possideant,
1019 2329 1056 2384 ut
1086 2320 1195 2406 quiete
1227 2329 1260 2383 et
1282 2320 1352 2382 sine
1375 2319 1513 2403 penuria
1620 2329 1799 2383 mercatum
1815 2330 1849 2383 et
1869 2331 2031 2384 monetam
2056 2321 2103 2384 eis
2126 2343 2202 2385 cen·

548 2426 704 2492 ccdimus.
751 2426 866 2491 Nullus
896 2449 1010 2512 regum
1042 2437 1098 2491 aut
1122 2426 1276 2490 comitum
1307 2436 1364 2489 aut
1386 2426 1614 2511 episcoporum
1644 2434 1701 2490 aut
1730 2425 1813 2489 alins
1843 2425 1961 2513 aliquis
1984 2426 2071 2491 hunc
2094 2426 2202 2493 locum

547 2534 729 2621 inquietare
753 2544 921 2620 presumat
944 2543 1001 2597 aut
1024 2533 1119 2620 qnasi
1142 2533 1230 2619 regis
1253 2532 1353 2596 fultus
1376 2555 1511 2596 assensu
1535 2554 1578 2596 ex
1602 2531 1728 2596 eclesiis
1752 2554 1791 2596 ac
1815 2531 2086 2618 possessionibus,
2117 2556 2200 2620 quas

546 2640 644 2706 hodie
669 2639 766 2705 habet
788 2640 841 2704 vel
866 2651 915 2705 est
938 2638 1118 2721 habiturus,
1142 2638 1205 2703 sibi
1229 2638 1353 2725 aliquid
1376 2647 1526 2726 usurpet3
1556 2639 1744 2703 meminisse
1769 2640 1855 2702 enim
1879 2638 2017 2722 debetis,
2041 2653 2200 2726 quantum

547 2747 688 2812 eundern
711 2729 908 2812 locum'non
932 2745 975 2811 ad
998 2745 1236 2833 deceptionem,
1267 2746 1325 2810 sed
1356 2746 1398 2810 ad
1420 2746 1589 2810 tuitionem
1614 2746 1812 2831 suscepistis.
1860 2746 1926 2811 Sed
1950 2757 1983 2811 et
2005 2745 2067 2811 hoe
2090 2758 2200 2812 nostro
2219 2771 2248 2808 ao

546 2853 632 2919 dono
663 2877 738 2919 eum
768 2865 879 2918 nostra
909 2852 1075 2918 voluntate
1106 2852 1275 2918 monachis
1305 2851 1369 2916 illis
1400 2851 1619 2934 concedimus,
1649 2853 1707 2934 uti,
1731 2853 1766 2915 in
1796 2853 2030 2940 cuiuscumque
2054 2855 2200 2940 episcopi

546 2960 719 3047 parrochia
743 2960 878 3026 eclesias
902 2958 1085 3042 habuerint,
1117 2958 1220 3025 abbas
1252 2972 1285 3024 et
1307 2960 1458 3024 monaehi
1488 2982 1544 3024 eas
1567 2960 1727 3024 immunes
1750 2959 1948 3045 possideant.
1994 2959 2199 3025 Presbiteros

545 3066 591 3133 ibi
627 3091 685 3155 pro
720 3090 780 3133 sua
809 3066 975 3132 voluntate
1008 3065 1111 3131 abbas
1142 3069 1318 3132 constituat
1347 3089 1409 3130 nec
1439 3065 1588 3131 sinodum
1618 3088 1679 3131 nee
1710 3065 1843 3152 aliquod
1872 3064 2017 3131 debiturn
2046 3069 2199 3154 cuiquam

546 3174 711 3239 hominurn
742 3174 818 3239 inde
849 3173 964 3256 solvat,
998 3174 1056 3239 sed
1092 3184 1125 3238 ct
1153 3172 1327 3261 presbiteri
1350 3174 1424 3259 ipsi,
1459 3174 1487 3237 si
1517 3172 1596 3259 quid
1625 3172 1844 3238 forisfecerint
1873 3183 1930 3237 aut
1958 3175 2114 3260 episcopo
2144 3184 2200 3239 aut

546 3281 654 3363 alicui,
678 3304 738 3368 per
754 3279 908 3345 abbatem
924 3281 1153 3344 examinentur
1168 3291 1201 3345 et
1216 3279 1411 3360 iudicentur,
1435 3290 1469 3344 ct
1484 3303 1544 3366 per
1566 3302 1625 3342 nos
1648 3279 1871 3345 reconciliatio
1895 3303 2005 3345 eorum
2029 3280 2245 3346 habetatum

545 3387 612 3454 Sed
636 3399 678 3470 et,
703 3389 730 3451 si
754 3387 837 3452 forte
862 3388 1009 3474 episcopi
1032 3386 1222 3473 parrochias
1246 3409 1321 3450 suas
1344 3387 1709 3466 excommunicaverint,
1732 3387 1765 3450 iu
1789 3385 1918 3451 illerum
1942 3386 2070 3452 eclesiis
2086 3387 2199 3453 divina

545 3495 653 3560 officia
677 3517 743 3557 non
773 3495 880 3558 minus
911 3492 1148 3580 persolvantur,
1180 3495 1313 3558 retentis
1344 3494 1422 3557 feris
1452 3492 1555 3574 laicis,
1586 3495 1614 3557 si
1638 3493 1735 3580 culpa
1758 3495 1916 3580 exegerit.
1962 3495 2198 3560 Menasterium

544 3612 652 3666 autem
677 3602 782 3687 ipsum
808 3602 929 3664 virtute
946 3599 1067 3665 Christi
1091 3601 1262 3686 passionis,
1286 3598 1360 3664 dice
1377 3613 1485 3665 autem
1502 3602 1617 3686 spinea
1633 3623 1753 3665 corona
1768 3600 1983 3682 inlustratum,
2007 3602 2053 3665 ita
2068 3613 2197 3666 nostrae

544 3709 685 3772 iustitiae
709 3729 926 3789 reservamus,
950 3716 985 3771 ut
1008 3706 1114 3772 nullus
1139 3707 1376 3793 episcoporum,
1401 3717 1540 3792 excepte
1565 3706 1735 3772 dumtaxat
1758 3707 1947 3793 apostolice,
1977 3707 2039 3772 hoe
2067 3730 2197 3772 excom-

543 3814 711 3879 municare
735 3815 838 3900 possit
861 3836 923 3878 nec
939 3824 1115 3900 presumat,
1140 3811 1208 3894 scd,
1234 3814 1261 3876 si
1278 3814 1451 3899 episcopus
1467 3813 1625 3878 adversus
1642 3812 1795 3878 abbatem
1811 3815 1864 3878 vel
1879 3813 2057 3879 monaches
2081 3837 2197 3879 causas
2216 3838 2246 3879 aa

544 3919 704 4003 habuerit,
729 3920 827 3985 liceat
850 3922 898 3984 eis
922 3919 1134 4006 apostolicam
1158 3930 1334 4006 expectare
1359 3920 1568 4001 audientiam,
1592 3922 1620 3985 si
1636 3920 1699 3986 sibi
1715 3920 1884 4007 placuerit,
1908 3922 1978 3986 sive
1994 3943 2053 4007 pre
2069 3923 2197 4007 magnis

543 4029 613 4092 sive
643 4050 702 4113 pro
733 4028 885 4091 minimis.
931 4025 999 4091 Ubi
1029 4024 1132 4091 abbas
1163 4027 1265 4112 ipsius
1294 4025 1358 4091 loci
1388 4038 1492 4091 morte
1523 4026 1690 4109 defecerit,
1722 4027 1763 4092 de
1794 4051 1829 4092 se
1856 4029 1936 4115 ipsis
1960 4027 2110 4093 monaehi
2134 4027 2197 4093 sibi

543 4157 615 4199 eum
640 4136 754 4198 timore
772 4134 838 4198 Dei
854 4132 1007 4198 abbatem
1023 4133 1195 4220 preficiant
1211 4134 1280 4198 sine
1297 4133 1361 4198 ullo
1378 4134 1526 4198 consultu
1550 4136 1638 4219 regis
1662 4146 1718 4200 aut
1741 4136 1888 4222 episcopi
1911 4145 1968 4199 aut
1990 4134 2085 4199 ullius
2109 4136 2196 4221 prin-

542 4242 633 4327 cipis.
681 4240 815 4305 Electus
839 4251 948 4306 autem
978 4240 1012 4304 in
1042 4241 1115 4327 ipsa
1138 4262 1198 4305 sua
1220 4249 1335 4304 sancta
1358 4239 1461 4325 regali
1485 4239 1606 4305 eclesia
1628 4263 1688 4328 per
1710 4265 1825 4306 manus
1849 4243 1995 4328 episcopi
2018 4241 2194 4307 ordinetur.

542 4347 610 4411 Nec
634 4357 801 4433 presumat
831 4348 1014 4434 episcopus,
1046 4346 1134 4433 quod
1157 4369 1178 4411 a
1201 4345 1396 4433 quibusdam
1426 4347 1498 4411 fieri
1528 4347 1636 4430 audio,
1666 4346 1713 4412 ihi
1744 4349 1946 4435 frequentius
1976 4349 2010 4413 in
2033 4349 2195 4414 visitando
2214 4372 2242 4412 aa

541 4476 674 4518 manere
705 4465 760 4519 aut
791 4453 945 4519 abbatem
976 4453 1018 4518 ad
1049 4477 1084 4518 se
1116 4477 1175 4540 pre
1207 4452 1406 4540 quibuslibet
1429 4455 1567 4539 negotiis
1592 4477 1757 4519 arcessere
1780 4456 1844 4519 nisi
1867 4455 1974 4520 sinedi
1997 4458 2111 4542 gratia
2159 4456 2196 4521 Si

542 4561 615 4646 quis
639 4562 800 4646 ingenuus
824 4571 881 4625 aut
903 4582 1018 4625 servus
1041 4559 1209 4626 deminum
1233 4560 1362 4646 fugiens
1386 4572 1443 4624 aut
1465 4560 1601 4625 alicuius
1626 4562 1770 4625 criminis
1800 4584 1875 4626 reus
1906 4573 2016 4649 pertas
2044 4561 2196 4628 abbatiae

541 4666 627 4731 illius
663 4666 791 4752 ingredi
826 4669 953 4753 peterit,
990 4665 1114 4754 absque
1150 4678 1273 4731 terrore
1305 4666 1350 4730 ibi
1381 4668 1451 4748 crit,
1486 4689 1548 4732 nec
1579 4667 1644 4732 ulla
1673 4679 1817 4754 potestas
1848 4691 1923 4733 eum
1953 4668 2109 4735 invadere
2139 4681 2197 4734 aut

543 4771 677 4859 abigere
701 4774 778 4838 inde
800 4775 937 4861 peterit,
970 4783 1002 4838 et
1024 4773 1157 4856 ibidem,
1182 4775 1209 4837 si
1233 4774 1412 4838 menachus
1436 4773 1511 4839 illuc
1536 4774 1810 4860 commigraverit,
1835 4786 1989 4861 quantum
2013 4775 2125 4841 abbati
2148 4778 2196 4863 ip·

647 5012 663 5060 2
689 5012 791 5060 servire
812 5009 842 5072 P,
865 5010 909 5062 aad
925 5010 1026 5062 attonde
1043 5010 1078 5060 od
1096 5011 1221 5060 clourulm
1240 5011 1367 5060 cadmum
1386 5011 1519 5076 imperare
1537 5019 1561 5060 et
1579 5027 1698 5061 servare.
1789 5015 1805 5061 4
1824 5013 1950 5062 insistens
1971 5011 2000 5061 P.
2091 5007 2195 5076 verum]
2213 5023 2243 5064 to

541 5113 629 5148 rerum
644 5098 675 5147 Ρ.
766 5101 934 5150 bimitande
954 5099 985 5150 P.
1075 5098 1225 5150 Rodullum
1245 5099 1275 5150 P.
1367 5101 1383 5149 8
1406 5095 1488 5164 qnod]
1509 5115 1562 5164 que
1582 5099 1613 5150 P.
1706 5103 1739 5150 10
1763 5100 1918 5151 adscentari
1938 5100 1970 5151 P.
2062 5103 2094 5152 12
2114 5102 2195 5152 Prae·

541 5188 662 5253 cepimus
682 5186 712 5236 Ρ.
806 5191 838 5240 13
864 5183 937 5252 eum]
962 5188 1014 5239 scil.
1038 5189 1126 5249 bouus,
1153 5203 1215 5238 cum
1235 5188 1266 5238 P.
1357 5188 1532 5239 mudiburdio
1558 5188 1589 5239 P.
1683 5192 1714 5238 14
1741 5190 1768 5239 in
1788 5184 1916 5255 tuitione]
1937 5189 1973 5240 ito
1991 5190 2107 5241 carew
2122 5209 2145 5240 a.
2164 5191 2194 5241 el.

542 5275 576 5326 K.
590 5276 703 5336 Ζειιπιεν,
722 5277 894 5327 intimatione
915 5277 945 5327 P.
1003 5279 1034 5327 15
1054 5276 1194 5328 monachis
1208 5276 1239 5327 P.
1295 5294 1328 5328 ex
1346 5278 1412 5328 deest
1424 5277 1455 5328 P.
1512 5280 1545 5327 10
1564 5273 1750 5344 penuria...]
1769 5279 1861 5328 laeana
1878 5278 2019 5344 supplendo
2037 5280 2195 5344 autfertum

539 5381 584 5429 per
602 5365 696 5416 vivant
714 5371 749 5414 et.
829 5367 864 5416 20
884 5365 979 5416 eedem
1000 5364 1061 5416 loco
1085 5365 1113 5416 P.
1185 5368 1332 5432 suscepisti
1352 5366 1382 5417 P.
1460 5370 1493 5418 23
1513 5361 1650 5430 sinodum]
1670 5385 1693 5418 o.
1713 5368 1835 5433 Dueouqc
1851 5387 1871 5418 a.
1890 5387 1913 5418 o.
1986 5371 2020 5420 29
2039 5367 2143 5419 nullius
2163 5368 2195 5423 P.

539 5454 672 5504 duntaxat
691 5453 720 5503 P.
804 5456 837 5504 32
857 5454 997 5504 monachis
1018 5454 1048 5504 P.
1131 5457 1164 5506 35
1184 5456 1212 5505 in
1232 5450 1379 5520 visitando]
1398 5456 1586 5507 incursitaudo
1608 5455 1637 5506 Ρ.
1720 5458 1754 5507 30
1773 5473 1914 5507 accessere
1928 5456 1959 5508 P.
2032 5460 2066 5508 30
2085 5456 2143 5509 illic
2164 5457 2194 5508 Ρ.
2212 5466 2241 5506 te

649 5652 678 5722 1)
710 5652 891 5730 Priuilepimn
925 5653 1051 5729 spurium
1087 5654 1163 5710 deest
1191 5653 1266 5710 inter
1295 5654 1417 5730 Repeata
1445 5655 1607 5733 ponteficum
1641 5656 1685 5711 ed.
1715 5655 1808 5728 Jnffe‘.
1922 5655 1954 5724 2)
1992 5655 2084 5713 Verbo
2115 5657 2193 5713 Gau·

539 5761 639 5814 demus
662 5761 691 5814 in
714 5761 834 5816 Domino
858 5768 1016 5837 conqrunnt
1038 5779 1098 5817 cum
1121 5759 1200 5817 initio
1224 5759 1357 5835 epistolae
1378 5761 1495 5836 spuriae
1518 5761 1622 5818 Leonis
1645 5761 1669 5818 1.
1695 5781 1796 5838 pupae
1819 5763 1853 5819 de
1875 5782 1953 5820 uano
1975 5765 2056 5833 451,
2087 5763 2195 5820 Decre-

538 5866 609 5922 tolcs
635 5865 918 5924 Pseudoiaidorianae
940 5867 982 5924 ed.
1008 5866 1042 5923 P.
1059 5866 1214 5924 Hiaachiua
1234 5887 1266 5943 p.
1284 5871 1346 5926 606
1370 5861 1485 5942 (Jeffe'·
1495 5867 1534 5923 K.
1558 5888 1587 5924 n.
1604 5863 1690 5944 460).
