<?xml version="1.0" encoding="UTF-8"?>
<!DOCTYPE html PUBLIC "-//W3C//DTD XHTML 1.0 Transitional//EN"
    "http://www.w3.org/TR/xhtml1/DTD/xhtml1-transitional.dtd">
<html xmlns="http://www.w3.org/1999/xhtml" xml:lang="en" lang="en">
 <head>
  <title>
</title>
<meta http-equiv="Content-Type" content="text/html;charset=utf-8" />
  <meta name='ocr-system' content='tesseract 3.04.00' />
  <meta name='ocr-capabilities' content='ocr_page ocr_carea ocr_par ocr_line ocrx_word'/>
</head>
<body>
  <div class='ocr_page' id='page_1' title='image "./monumentagerman02gescgoog/monumentagerman02gescgoog_0026.png"; bbox 0 0 4884 6717; ppageno 0'>
   <div class='ocr_carea' id='block_1_1' title="bbox 508 483 1694 546">
    <p class='ocr_par' dir='ltr' id='par_1_1' title="bbox 508 483 1694 546">
     <span class='ocr_line' id='line_1_1' title="bbox 508 483 1694 546; baseline -0.004 0"><span class='ocrx_word' id='word_1_1' title='bbox 508 483 573 546; x_wconf 79' lang='grc'><em>474</em></span> <span class='ocrx_word' id='word_1_2' title='bbox 976 485 1028 540; x_wconf 83' lang='grc'><em>44.</em></span> <span class='ocrx_word' id='word_1_3' title='bbox 1064 483 1284 541; x_wconf 82' lang='lat' dir='ltr'><strong>CONOILIUM</strong></span> <span class='ocrx_word' id='word_1_4' title='bbox 1306 486 1534 543; x_wconf 79' lang='lat' dir='ltr'>PARISIENSE</span> <span class='ocrx_word' id='word_1_5' title='bbox 1559 487 1596 542; x_wconf 78' lang='lat' dir='ltr'><strong>A.</strong></span> <span class='ocrx_word' id='word_1_6' title='bbox 1619 485 1694 542; x_wconf 82' lang='lat'><strong>825.</strong></span> 
     </span>
    </p>
   </div>
   <div class='ocr_carea' id='block_1_2' title="bbox 450 672 2217 5240">
    <p class='ocr_par' dir='ltr' id='par_1_2' title="bbox 508 672 2214 3105">
     <span class='ocr_line' id='line_1_2' title="bbox 509 672 2165 763; baseline -0.003 -22"><span class='ocrx_word' id='word_1_7' title='bbox 509 676 697 763; x_wconf 82' lang='lat' dir='ltr'><strong>diripenclae</strong></span> <span class='ocrx_word' id='word_1_8' title='bbox 731 675 839 761; x_wconf 87' lang='lat' dir='ltr'><strong>amplo</strong></span> <span class='ocrx_word' id='word_1_9' title='bbox 871 673 910 737; x_wconf 90' lang='lat' dir='ltr'><strong>de</strong></span> <span class='ocrx_word' id='word_1_10' title='bbox 944 674 1138 759; x_wconf 63' lang='lat' dir='ltr'><strong>imaginibus</strong></span> <span class='ocrx_word' id='word_1_11' title='bbox 1172 676 1350 758; x_wconf 79' lang='lat' dir='ltr'><strong>apparatui</strong></span> <span class='ocrx_word' id='word_1_12' title='bbox 1381 674 1494 738; x_wconf 84' lang='lat' dir='ltr'><strong>addita</strong></span> <span class='ocrx_word' id='word_1_13' title='bbox 1526 674 1602 739; x_wconf 83' lang='lat' dir='ltr'><strong>laec</strong></span> <span class='ocrx_word' id='word_1_14' title='bbox 1635 672 1858 738; x_wconf 87' lang='lat' dir='ltr'><strong>Hludewicum</strong></span> <span class='ocrx_word' id='word_1_15' title='bbox 1890 674 2008 760; x_wconf 79' lang='lat' dir='ltr'><strong>afferre</strong></span> <span class='ocrx_word' id='word_1_16' title='bbox 2042 673 2165 737; x_wconf 91' lang='lat' dir='ltr'><strong>colunt:</strong></span> 
     </span>
     <span class='ocr_line' id='line_1_3' title="bbox 510 777 2163 866; baseline -0.003 -19"><span class='ocrx_word' id='word_1_17' title='bbox 510 781 578 847; x_wconf 89' lang='lat' dir='ltr'><strong>Nos</strong></span> <span class='ocrx_word' id='word_1_18' title='bbox 602 830 610 845; x_wconf 93' lang='lat'><strong>.</strong></span> <span class='ocrx_word' id='word_1_19' title='bbox 635 830 643 845; x_wconf 93' lang='lat'><strong>.</strong></span> <span class='ocrx_word' id='word_1_20' title='bbox 669 828 677 844; x_wconf 88' lang='lat'><strong>.</strong></span> <span class='ocrx_word' id='word_1_21' title='bbox 701 802 765 844; x_wconf 88' lang='lat' dir='ltr'><strong>nou</strong></span> <span class='ocrx_word' id='word_1_22' title='bbox 790 777 951 866; x_wconf 79' lang='lat' dir='ltr'><strong>synodum</strong></span> <span class='ocrx_word' id='word_1_23' title='bbox 975 777 1217 863; x_wconf 85' lang='lat' dir='ltr'><strong>congregando,</strong></span> <span class='ocrx_word' id='word_1_24' title='bbox 1250 778 1318 859; x_wconf 90' lang='lat' dir='ltr'><strong>sed,</strong></span> <span class='ocrx_word' id='word_1_25' title='bbox 1348 777 1622 864; x_wconf 88' lang='lat' dir='ltr'><strong>quemadmodum</strong></span> <span class='ocrx_word' id='word_1_26' title='bbox 1645 802 1666 843; x_wconf 87' lang='lat' dir='ltr'><strong>a</strong></span> <span class='ocrx_word' id='word_1_27' title='bbox 1688 777 1782 843; x_wconf 87' lang='lat' dir='ltr'><strong>vobis</strong></span> <span class='ocrx_word' id='word_1_28' title='bbox 1806 777 2041 864; x_wconf 71' lang='lat' dir='ltr'><strong>postulavimus</strong></span> <span class='ocrx_word' id='word_1_29' title='bbox 2064 777 2163 842; x_wconf 90' lang='lat' dir='ltr'><strong>licen-</strong></span> 
     </span>
     <span class='ocr_line' id='line_1_4' title="bbox 510 882 2164 974; baseline -0.003 -21"><span class='ocrx_word' id='word_1_30' title='bbox 510 889 654 974; x_wconf 88' lang='lat' dir='ltr'><strong>tiamque</strong></span> <span class='ocrx_word' id='word_1_31' title='bbox 678 885 798 972; x_wconf 85' lang='lat' dir='ltr'><strong>agendi</strong></span> <span class='ocrx_word' id='word_1_32' title='bbox 821 886 1038 972; x_wconf 82' lang='lat' dir='ltr'>percepimus,</span> <span class='ocrx_word' id='word_1_33' title='bbox 1069 907 1136 949; x_wconf 86' lang='lat' dir='ltr'><strong>una</strong></span> <span class='ocrx_word' id='word_1_34' title='bbox 1165 906 1239 948; x_wconf 91' lang='lat' dir='ltr'><strong>cum</strong></span> <span class='ocrx_word' id='word_1_35' title='bbox 1270 882 1484 949; x_wconf 84' lang='lat' dir='ltr'><strong>familiaribus</strong></span> <span class='ocrx_word' id='word_1_36' title='bbox 1507 887 1636 967; x_wconf 87' lang='lat' dir='ltr'><strong>uostris,</strong></span> <span class='ocrx_word' id='word_1_37' title='bbox 1667 884 1742 949; x_wconf 88' lang='lat' dir='ltr'><strong>filiis</strong></span> <span class='ocrx_word' id='word_1_38' title='bbox 1766 885 1894 966; x_wconf 85' lang='lat' dir='ltr'><strong>vestris,</strong></span> <span class='ocrx_word' id='word_1_39' title='bbox 1925 895 2081 972; x_wconf 84' lang='lat' dir='ltr'><strong>quantum</strong></span> <span class='ocrx_word' id='word_1_40' title='bbox 2105 907 2164 970; x_wconf 93' lang='lat' dir='ltr'><strong>pro</strong></span> 
     </span>
     <span class='ocr_line' id='line_1_5' title="bbox 510 989 2164 1079; baseline -0.002 -21"><span class='ocrx_word' id='word_1_41' title='bbox 510 991 743 1079; x_wconf 80' lang='lat' dir='ltr'><strong>multiplicibus</strong></span> <span class='ocrx_word' id='word_1_42' title='bbox 766 989 1038 1057; x_wconf 86' lang='lat' dir='ltr'><strong>sollicitudinibus</strong></span> <span class='ocrx_word' id='word_1_43' title='bbox 1062 991 1156 1076; x_wconf 85' lang='lat' dir='ltr'><strong>regui</strong></span> <span class='ocrx_word' id='word_1_44' title='bbox 1173 989 1312 1055; x_wconf 89' lang='lat' dir='ltr'><strong>diversis</strong></span> <span class='ocrx_word' id='word_1_45' title='bbox 1328 993 1479 1079; x_wconf 85' lang='lat' dir='ltr'><strong>occupati</strong></span> <span class='ocrx_word' id='word_1_46' title='bbox 1496 1014 1555 1078; x_wconf 90' lang='lat' dir='ltr'><strong>per</strong></span> <span class='ocrx_word' id='word_1_47' title='bbox 1570 991 1742 1056; x_wconf 85' lang='lat' dir='ltr'><strong>intervalla</strong></span> <span class='ocrx_word' id='word_1_48' title='bbox 1758 992 1932 1077; x_wconf 87' lang='lat' dir='ltr'><strong>potuimus,</strong></span> <span class='ocrx_word' id='word_1_49' title='bbox 1956 990 2164 1056; x_wconf 90' lang='lat' dir='ltr'><strong>considerare</strong></span> 
     </span>
     <span class='ocr_line' id='line_1_6' title="bbox 510 1096 2198 1185; baseline 0 -21"><span class='ocrx_word' id='word_1_50' title='bbox 510 1100 702 1182; x_wconf 89' lang='lat' dir='ltr'><strong>studuimus,</strong></span> <span class='ocrx_word' id='word_1_51' title='bbox 734 1097 813 1185; x_wconf 92' lang='lat' dir='ltr'><strong>quid</strong></span> <span class='ocrx_word' id='word_1_52' title='bbox 843 1097 981 1162; x_wconf 80' lang='lat' dir='ltr'><strong>almitati</strong></span> <span class='ocrx_word' id='word_1_53' title='bbox 1010 1108 1139 1162; x_wconf 86' lang='lat' dir='ltr'><strong>vestrae</strong></span> <span class='ocrx_word' id='word_1_54' title='bbox 1171 1096 1213 1161; x_wconf 86' lang='lat' dir='ltr'><strong>de</strong></span> <span class='ocrx_word' id='word_1_55' title='bbox 1244 1109 1335 1162; x_wconf 87' lang='lat' dir='ltr'><strong>tanta</strong></span> <span class='ocrx_word' id='word_1_56' title='bbox 1363 1099 1559 1163; x_wconf 82' lang='lat' dir='ltr'><strong>necessitate</strong></span> <span class='ocrx_word' id='word_1_57' title='bbox 1590 1099 1775 1185; x_wconf 86' lang='lat' dir='ltr'><strong>significare</strong></span> <span class='ocrx_word' id='word_1_58' title='bbox 1802 1098 2029 1185; x_wconf 87' lang='lat' dir='ltr'><strong>potuissemus.</strong></span> <span class='ocrx_word' id='word_1_59' title='bbox 2079 1098 2198 1176; x_wconf 71' lang='lat' dir='ltr'><strong>Quaen</strong></span> 
     </span>
     <span class='ocr_line' id='line_1_7' title="bbox 509 1203 2163 1292; baseline -0.002 -20"><span class='ocrx_word' id='word_1_60' title='bbox 509 1233 580 1273; x_wconf 86' lang='lat' dir='ltr'><strong>curn</strong></span> <span class='ocrx_word' id='word_1_61' title='bbox 609 1210 656 1272; x_wconf 87' lang='lat' dir='ltr'><strong>ita</strong></span> <span class='ocrx_word' id='word_1_62' title='bbox 678 1209 752 1286; x_wconf 86' lang='lat' dir='ltr'><strong>sint,</strong></span> <span class='ocrx_word' id='word_1_63' title='bbox 780 1219 961 1270; x_wconf 72' lang='lat' dir='ltr'><strong>concentuum</strong></span> <span class='ocrx_word' id='word_1_64' title='bbox 991 1206 1084 1270; x_wconf 89' lang='lat' dir='ltr'><strong>illum</strong></span> <span class='ocrx_word' id='word_1_65' title='bbox 1107 1203 1320 1269; x_wconf 85' lang='lat' dir='ltr'><strong>Parisiensem</strong></span> <span class='ocrx_word' id='word_1_66' title='bbox 1348 1229 1410 1269; x_wconf 90' lang='lat' dir='ltr'><strong>non</strong></span> <span class='ocrx_word' id='word_1_67' title='bbox 1433 1231 1539 1269; x_wconf 87' lang='lat' dir='ltr'><strong>oerum</strong></span> <span class='ocrx_word' id='word_1_68' title='bbox 1563 1208 1742 1287; x_wconf 66' lang='lat' dir='ltr'><strong>canalium,</strong></span> <span class='ocrx_word' id='word_1_69' title='bbox 1771 1206 1829 1270; x_wconf 89' lang='lat' dir='ltr'><strong>sed</strong></span> <span class='ocrx_word' id='word_1_70' title='bbox 1850 1208 1952 1292; x_wconf 79' lang='lat' dir='ltr'><strong>mapis</strong></span> <span class='ocrx_word' id='word_1_71' title='bbox 1975 1206 2163 1290; x_wconf 81' lang='lat' dir='ltr'><strong>colloquium</strong></span> 
     </span>
     <span class='ocr_line' id='line_1_8' title="bbox 510 1312 2163 1401; baseline -0.004 -20"><span class='ocrx_word' id='word_1_72' title='bbox 510 1316 549 1381; x_wconf 86' lang='lat' dir='ltr'><strong>de</strong></span> <span class='ocrx_word' id='word_1_73' title='bbox 584 1315 778 1401; x_wconf 81' lang='lat' dir='ltr'><strong>imapinibus</strong></span> <span class='ocrx_word' id='word_1_74' title='bbox 811 1337 881 1376; x_wconf 88' lang='lat' dir='ltr'><strong>cum</strong></span> <span class='ocrx_word' id='word_1_75' title='bbox 912 1313 1144 1397; x_wconf 79' lang='lat' dir='ltr'><strong>familiaribus</strong></span> <span class='ocrx_word' id='word_1_76' title='bbox 1178 1312 1366 1396; x_wconf 84' lang='lat' dir='ltr'><strong>quibusdam</strong></span> <span class='ocrx_word' id='word_1_77' title='bbox 1405 1312 1543 1377; x_wconf 83' lang='lat' dir='ltr'><strong>lubitum</strong></span> <span class='ocrx_word' id='word_1_78' title='bbox 1583 1316 1747 1376; x_wconf 90' lang='lat' dir='ltr'><strong>nominare</strong></span> <span class='ocrx_word' id='word_1_79' title='bbox 1778 1313 1924 1399; x_wconf 73' lang='lat' dir='ltr'><strong>fortassee</strong></span> <span class='ocrx_word' id='word_1_80' title='bbox 1954 1315 2132 1397; x_wconf 83' lang='lat' dir='ltr'><strong>poterimus</strong></span> <span class='ocrx_word' id='word_1_81' title='bbox 2144 1317 2163 1374; x_wconf 88' lang='lat'><strong>¹.</strong></span> 
     </span>
     <span class='ocr_line' id='line_1_9' title="bbox 510 1417 2165 1506; baseline -0.002 -20"><span class='ocrx_word' id='word_1_82' title='bbox 510 1421 601 1486; x_wconf 87' lang='lat' dir='ltr'><strong>Haec</strong></span> <span class='ocrx_word' id='word_1_83' title='bbox 630 1435 732 1485; x_wconf 79' lang='lat' dir='ltr'><strong>ornem</strong></span> <span class='ocrx_word' id='word_1_84' title='bbox 765 1421 878 1484; x_wconf 82' lang='lat' dir='ltr'><strong>scribit</strong></span> <span class='ocrx_word' id='word_1_85' title='bbox 906 1418 1113 1506; x_wconf 67' lang='lat' dir='ltr'><strong>llblafridue</strong></span> <span class='ocrx_word' id='word_1_86' title='bbox 1142 1417 1274 1484; x_wconf 80' lang='lat' dir='ltr'><strong>Strabo:</strong></span> <span class='ocrx_word' id='word_1_87' title='bbox 1308 1417 1385 1503; x_wconf 86' lang='lat' dir='ltr'><strong>Ipsa</strong></span> <span class='ocrx_word' id='word_1_88' title='bbox 1412 1466 1420 1482; x_wconf 91' lang='lat'><strong>.</strong></span> <span class='ocrx_word' id='word_1_89' title='bbox 1450 1466 1457 1481; x_wconf 90' lang='lat'><strong>.</strong></span> <span class='ocrx_word' id='word_1_90' title='bbox 1486 1467 1494 1482; x_wconf 86' lang='lat'><strong>.</strong></span> <span class='ocrx_word' id='word_1_91' title='bbox 1527 1417 1661 1504; x_wconf 88' lang='lat' dir='ltr'><strong>querela</strong></span> <span class='ocrx_word' id='word_1_92' title='bbox 1691 1417 1872 1482; x_wconf 87' lang='lat' dir='ltr'><strong>Grecomm</strong></span> <span class='ocrx_word' id='word_1_93' title='bbox 1902 1418 1984 1501; x_wconf 80' lang='lat' dir='ltr'><strong>(scil.</strong></span> <span class='ocrx_word' id='word_1_94' title='bbox 2017 1418 2056 1482; x_wconf 85' lang='lat' dir='ltr'><strong>de</strong></span> <span class='ocrx_word' id='word_1_95' title='bbox 2086 1421 2165 1484; x_wconf 85' lang='lat' dir='ltr'><strong>ima-</strong></span> 
     </span>
     <span class='ocr_line' id='line_1_10' title="bbox 508 1522 2165 1614; baseline -0.004 -21"><span class='ocrx_word' id='word_1_96' title='bbox 508 1529 651 1614; x_wconf 75' lang='lat' dir='ltr'><strong>pinilus)</strong></span> <span class='ocrx_word' id='word_1_97' title='bbox 675 1523 877 1611; x_wconf 86' lang='lat' dir='ltr'><strong>temporibus</strong></span> <span class='ocrx_word' id='word_1_98' title='bbox 896 1522 1003 1587; x_wconf 87' lang='lat' dir='ltr'><strong>bonae</strong></span> <span class='ocrx_word' id='word_1_99' title='bbox 1027 1523 1202 1587; x_wconf 88' lang='lat' dir='ltr'><strong>memoriae</strong></span> <span class='ocrx_word' id='word_1_100' title='bbox 1217 1523 1386 1589; x_wconf 87' lang='lat' dir='ltr'><strong>Ludowici</strong></span> <span class='ocrx_word' id='word_1_101' title='bbox 1410 1525 1614 1610; x_wconf 83' lang='lat' dir='ltr'><strong>imperatoris</strong></span> <span class='ocrx_word' id='word_1_102' title='bbox 1630 1524 1664 1587; x_wconf 91' lang='lat' dir='ltr'><strong>in</strong></span> <span class='ocrx_word' id='word_1_103' title='bbox 1679 1524 1846 1588; x_wconf 87' lang='lat' dir='ltr'><strong>Frantiam</strong></span> <span class='ocrx_word' id='word_1_104' title='bbox 1871 1523 1996 1610; x_wconf 88' lang='lat' dir='ltr'><strong>perlata</strong></span> <span class='ocrx_word' id='word_1_105' title='bbox 2019 1522 2165 1588; x_wconf 88' lang='lat' dir='ltr'><strong>eiusdem</strong></span> 
     </span>
     <span class='ocr_line' id='line_1_11' title="bbox 511 1628 2213 1720; baseline 0 -24"><span class='ocrx_word' id='word_1_106' title='bbox 511 1634 669 1720; x_wconf 88' lang='lat' dir='ltr'><strong>principis</strong></span> <span class='ocrx_word' id='word_1_107' title='bbox 693 1631 901 1719; x_wconf 82' lang='lat' dir='ltr'><strong>providentia</strong></span> <span class='ocrx_word' id='word_1_108' title='bbox 924 1630 1053 1716; x_wconf 88' lang='lat' dir='ltr'><strong>scriptis</strong></span> <span class='ocrx_word' id='word_1_109' title='bbox 1077 1628 1356 1716; x_wconf 84' lang='lat' dir='ltr'><strong>synodalibus</strong></span> <span class='ocrx_word' id='word_1_110' title='bbox 1380 1642 1430 1694; x_wconf 87' lang='lat' dir='ltr'><strong>est</strong></span> <span class='ocrx_word' id='word_1_111' title='bbox 1453 1630 1620 1695; x_wconf 85' lang='lat' dir='ltr'><strong>confutata</strong></span> <span class='ocrx_word' id='word_1_112' title='bbox 1651 1631 1715 1715; x_wconf 79' lang='lat' dir='ltr'><strong>(Ile</strong></span> <span class='ocrx_word' id='word_1_113' title='bbox 1739 1631 1881 1696; x_wconf 68' lang='lat' dir='ltr'><strong>exordiis</strong></span> <span class='ocrx_word' id='word_1_114' title='bbox 1911 1646 1939 1696; x_wconf 85' lang='lat' dir='ltr'><strong>et</strong></span> <span class='ocrx_word' id='word_1_115' title='bbox 1968 1633 2166 1696; x_wconf 78' lang='lat' dir='ltr'><strong>incrementis</strong></span> <span class='ocrx_word' id='word_1_116' title='bbox 2187 1658 2213 1696; x_wconf 85' lang='lat' dir='ltr'><strong>m</strong></span> 
     </span>
     <span class='ocr_line' id='line_1_12' title="bbox 511 1736 2167 1825; baseline -0.002 -20"><span class='ocrx_word' id='word_1_117' title='bbox 511 1765 617 1805; x_wconf 82' lang='lat' dir='ltr'><strong>rerum</strong></span> <span class='ocrx_word' id='word_1_118' title='bbox 641 1740 926 1804; x_wconf 86' lang='lat' dir='ltr'><strong>ecclesiasticarum</strong></span> <span class='ocrx_word' id='word_1_119' title='bbox 949 1763 974 1802; x_wconf 88' lang='lat' dir='ltr'><strong>c.</strong></span> <span class='ocrx_word' id='word_1_120' title='bbox 993 1745 1015 1805; x_wconf 89' lang='grc'><em>8</em></span> <span class='ocrx_word' id='word_1_121' title='bbox 1022 1762 1033 1819; x_wconf 88' lang='lat'><strong>,·</strong></span> <span class='ocrx_word' id='word_1_122' title='bbox 1055 1736 1134 1802; x_wconf 79' lang='lat' dir='ltr'><strong>MC.</strong></span> <span class='ocrx_word' id='word_1_123' title='bbox 1157 1736 1261 1825; x_wconf 76' lang='lat' dir='ltr'><strong>Capu.</strong></span> <span class='ocrx_word' id='word_1_124' title='bbox 1278 1737 1327 1817; x_wconf 86' lang='lat' dir='ltr'><strong>II,</strong></span> <span class='ocrx_word' id='word_1_125' title='bbox 1343 1741 1435 1822; x_wconf 76' lang='grc'><em>483).</em></span> <span class='ocrx_word' id='word_1_126' title='bbox 1471 1738 1528 1802; x_wconf 81' lang='lat' dir='ltr'><strong>Ad</strong></span> <span class='ocrx_word' id='word_1_127' title='bbox 1542 1738 1670 1802; x_wconf 87' lang='lat' dir='ltr'><strong>eundem</strong></span> <span class='ocrx_word' id='word_1_128' title='bbox 1689 1739 1823 1824; x_wconf 84' lang='lat' dir='ltr'><strong>denique</strong></span> <span class='ocrx_word' id='word_1_129' title='bbox 1846 1753 2026 1802; x_wconf 87' lang='lat' dir='ltr'><strong>conuentum</strong></span> <span class='ocrx_word' id='word_1_130' title='bbox 2049 1738 2167 1802; x_wconf 82' lang='lat' dir='ltr'><strong>alludit</strong></span> 
     </span>
     <span class='ocr_line' id='line_1_13' title="bbox 513 1843 2166 1934; baseline -0.002 -23"><span class='ocrx_word' id='word_1_131' title='bbox 513 1848 663 1934; x_wconf 77' lang='lat' dir='ltr'><strong>Dunpal:</strong></span> <span class='ocrx_word' id='word_1_132' title='bbox 692 1845 745 1909; x_wconf 92' lang='lat' dir='ltr'><strong>De</strong></span> <span class='ocrx_word' id='word_1_133' title='bbox 775 1845 837 1910; x_wconf 88' lang='lat' dir='ltr'><strong>hac</strong></span> <span class='ocrx_word' id='word_1_134' title='bbox 862 1893 869 1908; x_wconf 89' lang='lat'><strong>.</strong></span> <span class='ocrx_word' id='word_1_135' title='bbox 896 1893 903 1908; x_wconf 94' lang='lat'><strong>.</strong></span> <span class='ocrx_word' id='word_1_136' title='bbox 929 1893 937 1907; x_wconf 84' lang='lat'><strong>.</strong></span> <span class='ocrx_word' id='word_1_137' title='bbox 961 1845 1139 1929; x_wconf 81' lang='lat' dir='ltr'><strong>imaginum</strong></span> <span class='ocrx_word' id='word_1_138' title='bbox 1170 1845 1331 1930; x_wconf 87' lang='lat' dir='ltr'><strong>pictarum</strong></span> <span class='ocrx_word' id='word_1_139' title='bbox 1362 1844 1487 1908; x_wconf 87' lang='lat' dir='ltr'><strong>ratione</strong></span> <span class='ocrx_word' id='word_1_140' title='bbox 1512 1893 1519 1906; x_wconf 91' lang='lat'><strong>.</strong></span> <span class='ocrx_word' id='word_1_141' title='bbox 1546 1892 1553 1908; x_wconf 92' lang='lat'><strong>.</strong></span> <span class='ocrx_word' id='word_1_142' title='bbox 1579 1892 1587 1907; x_wconf 87' lang='lat'><strong>.</strong></span> <span class='ocrx_word' id='word_1_143' title='bbox 1611 1845 1778 1931; x_wconf 88' lang='lat' dir='ltr'><strong>inquisitio</strong></span> <span class='ocrx_word' id='word_1_144' title='bbox 1808 1843 1996 1929; x_wconf 88' lang='lat' dir='ltr'><strong>diligentius</strong></span> <span class='ocrx_word' id='word_1_145' title='bbox 2026 1855 2102 1908; x_wconf 88' lang='lat' dir='ltr'><strong>ante</strong></span> <span class='ocrx_word' id='word_1_146' title='bbox 2132 1855 2166 1909; x_wconf 89' lang='lat' dir='ltr'><strong>ut</strong></span> 
     </span>
     <span class='ocr_line' id='line_1_14' title="bbox 512 1949 2164 2038; baseline -0.001 -22"><span class='ocrx_word' id='word_1_147' title='bbox 512 1976 587 2017; x_wconf 90' lang='lat' dir='ltr'><strong>reor</strong></span> <span class='ocrx_word' id='word_1_148' title='bbox 615 1951 784 2016; x_wconf 90' lang='lat' dir='ltr'><strong>biennium</strong></span> <span class='ocrx_word' id='word_1_149' title='bbox 815 1949 904 2038; x_wconf 88' lang='lat' dir='ltr'><strong>apud</strong></span> <span class='ocrx_word' id='word_1_150' title='bbox 934 1949 1182 2036; x_wconf 85' lang='lat' dir='ltr'><strong>gloriosissimos</strong></span> <span class='ocrx_word' id='word_1_151' title='bbox 1214 1962 1246 2013; x_wconf 88' lang='lat' dir='ltr'><strong>et</strong></span> <span class='ocrx_word' id='word_1_152' title='bbox 1275 1949 1535 2036; x_wconf 84' lang='lat' dir='ltr'><strong>religiosissimos</strong></span> <span class='ocrx_word' id='word_1_153' title='bbox 1566 1951 1731 2037; x_wconf 85' lang='lat' dir='ltr'><strong>principes</strong></span> <span class='ocrx_word' id='word_1_154' title='bbox 1761 1949 1874 2015; x_wconf 86' lang='lat' dir='ltr'><strong>habita</strong></span> <span class='ocrx_word' id='word_1_155' title='bbox 1904 1951 2009 2014; x_wconf 89' lang='lat' dir='ltr'><strong>estin</strong></span> <span class='ocrx_word' id='word_1_156' title='bbox 2033 1950 2164 2036; x_wconf 84' lang='lat' dir='ltr'><strong>palatio,</strong></span> 
     </span>
     <span class='ocr_line' id='line_1_15' title="bbox 513 2055 2164 2145; baseline -0.002 -22"><span class='ocrx_word' id='word_1_157' title='bbox 513 2058 570 2124; x_wconf 93' lang='lat' dir='ltr'><strong>ubi</strong></span> <span class='ocrx_word' id='word_1_158' title='bbox 600 2058 732 2124; x_wconf 67' lang='lat' dir='ltr'><strong>diuinae</strong></span> <span class='ocrx_word' id='word_1_159' title='bbox 762 2058 955 2145; x_wconf 83' lang='lat' dir='ltr'><strong>scripturae,</strong></span> <span class='ocrx_word' id='word_1_160' title='bbox 986 2067 1172 2121; x_wconf 87' lang='lat' dir='ltr'><strong>sanctorum</strong></span> <span class='ocrx_word' id='word_1_161' title='bbox 1202 2055 1359 2121; x_wconf 89' lang='lat' dir='ltr'><strong>libromm</strong></span> <span class='ocrx_word' id='word_1_162' title='bbox 1390 2067 1422 2120; x_wconf 93' lang='lat' dir='ltr'><strong>et</strong></span> <span class='ocrx_word' id='word_1_163' title='bbox 1445 2055 1759 2143; x_wconf 88' lang='lat' dir='ltr'><strong>probatissimorum,</strong></span> <span class='ocrx_word' id='word_1_164' title='bbox 1790 2058 1847 2144; x_wconf 89' lang='lat' dir='ltr'><strong>qui</strong></span> <span class='ocrx_word' id='word_1_165' title='bbox 1875 2079 1931 2121; x_wconf 87' lang='lat' dir='ltr'><strong>cos</strong></span> <span class='ocrx_word' id='word_1_166' title='bbox 1956 2056 2164 2143; x_wconf 85' lang='lat' dir='ltr'><strong>scripsemnt,</strong></span> 
     </span>
     <span class='ocr_line' id='line_1_16' title="bbox 513 2162 2213 2251; baseline 0.001 -22"><span class='ocrx_word' id='word_1_167' title='bbox 513 2167 657 2230; x_wconf 86' lang='lat' dir='ltr'><strong>virorum</strong></span> <span class='ocrx_word' id='word_1_168' title='bbox 688 2164 847 2251; x_wconf 86' lang='lat' dir='ltr'><strong>exemplis</strong></span> <span class='ocrx_word' id='word_1_169' title='bbox 878 2174 976 2250; x_wconf 86' lang='lat' dir='ltr'><strong>atque</strong></span> <span class='ocrx_word' id='word_1_170' title='bbox 1007 2163 1209 2244; x_wconf 82' lang='lat' dir='ltr'><strong>auctoritate,</strong></span> <span class='ocrx_word' id='word_1_171' title='bbox 1242 2185 1315 2226; x_wconf 90' lang='lat' dir='ltr'><strong>cum</strong></span> <span class='ocrx_word' id='word_1_172' title='bbox 1346 2173 1469 2249; x_wconf 86' lang='lat' dir='ltr'><strong>quanta</strong></span> <span class='ocrx_word' id='word_1_173' title='bbox 1492 2174 1525 2228; x_wconf 87' lang='lat' dir='ltr'><strong>et</strong></span> <span class='ocrx_word' id='word_1_174' title='bbox 1548 2162 1637 2250; x_wconf 87' lang='lat' dir='ltr'><strong>quali</strong></span> <span class='ocrx_word' id='word_1_175' title='bbox 1659 2163 1882 2228; x_wconf 83' lang='lat' dir='ltr'><strong>moderatione</strong></span> <span class='ocrx_word' id='word_1_176' title='bbox 1907 2187 1945 2228; x_wconf 90' lang='lat' dir='ltr'><strong>ac</strong></span> <span class='ocrx_word' id='word_1_177' title='bbox 1970 2162 2213 2230; x_wconf 79' lang='lat' dir='ltr'><strong>discretionem</strong></span> 
     </span>
     <span class='ocr_line' id='line_1_17' title="bbox 514 2269 2165 2357; baseline -0.001 -21"><span class='ocrx_word' id='word_1_178' title='bbox 514 2273 579 2336; x_wconf 90' lang='lat' dir='ltr'><strong>sint</strong></span> <span class='ocrx_word' id='word_1_179' title='bbox 602 2271 784 2350; x_wconf 85' lang='lat' dir='ltr'><strong>habendae,</strong></span> <span class='ocrx_word' id='word_1_180' title='bbox 807 2272 987 2352; x_wconf 85' lang='lat' dir='ltr'><strong>inventum,</strong></span> <span class='ocrx_word' id='word_1_181' title='bbox 1012 2269 1236 2333; x_wconf 87' lang='lat' dir='ltr'><strong>confirmatum</strong></span> <span class='ocrx_word' id='word_1_182' title='bbox 1262 2269 1404 2357; x_wconf 86' lang='lat' dir='ltr'><strong>satisque</strong></span> <span class='ocrx_word' id='word_1_183' title='bbox 1429 2269 1599 2334; x_wconf 84' lang='lat' dir='ltr'><strong>evidenter</strong></span> <span class='ocrx_word' id='word_1_184' title='bbox 1622 2270 1796 2335; x_wconf 86' lang='lat' dir='ltr'><strong>diffinitum</strong></span> <span class='ocrx_word' id='word_1_185' title='bbox 1821 2282 1879 2353; x_wconf 90' lang='lat' dir='ltr'><strong>est,</strong></span> <span class='ocrx_word' id='word_1_186' title='bbox 1902 2279 1939 2336; x_wconf 90' lang='lat' dir='ltr'><strong>ut</strong></span> <span class='ocrx_word' id='word_1_187' title='bbox 1960 2292 2056 2335; x_wconf 91' lang='lat' dir='ltr'><strong>nemo</strong></span> <span class='ocrx_word' id='word_1_188' title='bbox 2079 2281 2165 2356; x_wconf 88' lang='lat' dir='ltr'><strong>post-</strong></span> 
     </span>
     <span class='ocr_line' id='line_1_18' title="bbox 513 2374 2167 2465; baseline -0.002 -22"><span class='ocrx_word' id='word_1_189' title='bbox 513 2380 586 2460; x_wconf 87' lang='lat' dir='ltr'><strong>hac,</strong></span> <span class='ocrx_word' id='word_1_190' title='bbox 618 2379 767 2465; x_wconf 86' lang='lat' dir='ltr'><strong>quamvis</strong></span> <span class='ocrx_word' id='word_1_191' title='bbox 798 2377 914 2443; x_wconf 88' lang='lat' dir='ltr'><strong>stolido</strong></span> <span class='ocrx_word' id='word_1_192' title='bbox 945 2387 979 2441; x_wconf 90' lang='lat' dir='ltr'><strong>et</strong></span> <span class='ocrx_word' id='word_1_193' title='bbox 1008 2375 1122 2441; x_wconf 89' lang='lat' dir='ltr'><strong>obtuso</strong></span> <span class='ocrx_word' id='word_1_194' title='bbox 1153 2374 1318 2461; x_wconf 89' lang='lat' dir='ltr'><strong>desipiens</strong></span> <span class='ocrx_word' id='word_1_195' title='bbox 1349 2377 1391 2440; x_wconf 82' lang='lat' dir='ltr'><strong>sit</strong></span> <span class='ocrx_word' id='word_1_196' title='bbox 1415 2376 1523 2459; x_wconf 92' lang='lat' dir='ltr'><strong>corde,</strong></span> <span class='ocrx_word' id='word_1_197' title='bbox 1554 2399 1615 2440; x_wconf 92' lang='lat' dir='ltr'><strong>nec</strong></span> <span class='ocrx_word' id='word_1_198' title='bbox 1645 2376 1770 2461; x_wconf 87' lang='lat' dir='ltr'><strong>angelis</strong></span> <span class='ocrx_word' id='word_1_199' title='bbox 1798 2399 1859 2441; x_wconf 91' lang='lat' dir='ltr'><strong>nec</strong></span> <span class='ocrx_word' id='word_1_200' title='bbox 1883 2376 2068 2442; x_wconf 90' lang='lat' dir='ltr'><strong>hominibus</strong></span> <span class='ocrx_word' id='word_1_201' title='bbox 2090 2376 2167 2441; x_wconf 87' lang='lat' dir='ltr'><strong>licet</strong></span> 
     </span>
     <span class='ocr_line' id='line_1_19' title="bbox 514 2470 2167 2569; baseline -0.001 -21"><span class='ocrx_word' id='word_1_202' title='bbox 514 2486 636 2549; x_wconf 87' lang='lat' dir='ltr'><strong>sanctis</strong></span> <span class='ocrx_word' id='word_1_203' title='bbox 659 2507 720 2549; x_wconf 91' lang='lat' dir='ltr'><strong>nec</strong></span> <span class='ocrx_word' id='word_1_204' title='bbox 745 2506 855 2549; x_wconf 92' lang='lat' dir='ltr'><strong>eorum</strong></span> <span class='ocrx_word' id='word_1_205' title='bbox 886 2482 1084 2568; x_wconf 87' lang='lat' dir='ltr'><strong>imaginibus</strong></span> <span class='ocrx_word' id='word_1_206' title='bbox 1114 2504 1175 2546; x_wconf 93' lang='lat' dir='ltr'><strong>nec</strong></span> <span class='ocrx_word' id='word_1_207' title='bbox 1206 2483 1347 2568; x_wconf 89' lang='lat' dir='ltr'><strong>cuipiam</strong></span> <span class='ocrx_word' id='word_1_208' title='bbox 1379 2484 1508 2569; x_wconf 89' lang='lat' dir='ltr'><strong>penitus</strong></span> <span class='ocrx_word' id='word_1_209' title='bbox 1538 2483 1572 2546; x_wconf 89' lang='lat' dir='ltr'><strong>in</strong></span> <span class='ocrx_word' id='word_1_210' title='bbox 1595 2482 1717 2547; x_wconf 90' lang='lat' dir='ltr'><strong>mundo</strong></span> <span class='ocrx_word' id='word_1_211' title='bbox 1742 2470 1912 2548; x_wconf 79' lang='lat' dir='ltr'><strong>creaturae</strong></span> <span class='ocrx_word' id='word_1_212' title='bbox 1934 2482 2167 2548; x_wconf 85' lang='lat' dir='ltr'><strong>excusabiliter</strong></span> 
     </span>
     <span class='ocr_line' id='line_1_20' title="bbox 515 2588 2167 2677; baseline -0.002 -21"><span class='ocrx_word' id='word_1_213' title='bbox 515 2592 660 2656; x_wconf 87' lang='lat' dir='ltr'><strong>divinum</strong></span> <span class='ocrx_word' id='word_1_214' title='bbox 684 2591 787 2677; x_wconf 89' lang='lat' dir='ltr'><strong>possit</strong></span> <span class='ocrx_word' id='word_1_215' title='bbox 809 2590 966 2655; x_wconf 88' lang='lat' dir='ltr'><strong>honorem</strong></span> <span class='ocrx_word' id='word_1_216' title='bbox 990 2588 1117 2653; x_wconf 85' lang='lat' dir='ltr'><strong>deferre</strong></span> <span class='ocrx_word' id='word_1_217' title='bbox 1147 2589 1210 2652; x_wconf 90' lang='lat' dir='ltr'><strong>nisi</strong></span> <span class='ocrx_word' id='word_1_218' title='bbox 1242 2588 1301 2653; x_wconf 90' lang='lat' dir='ltr'><strong>soli</strong></span> <span class='ocrx_word' id='word_1_219' title='bbox 1329 2590 1471 2654; x_wconf 91' lang='lat' dir='ltr'><strong>omnium</strong></span> <span class='ocrx_word' id='word_1_220' title='bbox 1496 2591 1645 2671; x_wconf 85' lang='lat' dir='ltr'><strong>creatori,</strong></span> <span class='ocrx_word' id='word_1_221' title='bbox 1676 2591 1734 2654; x_wconf 90' lang='lat' dir='ltr'><strong>uni</strong></span> <span class='ocrx_word' id='word_1_222' title='bbox 1757 2590 1830 2656; x_wconf 91' lang='lat' dir='ltr'><strong>Deo</strong></span> <span class='ocrx_word' id='word_1_223' title='bbox 1861 2591 1946 2676; x_wconf 87' lang='lat' dir='ltr'><strong>patri</strong></span> <span class='ocrx_word' id='word_1_224' title='bbox 1976 2601 2009 2655; x_wconf 91' lang='lat' dir='ltr'><strong>et</strong></span> <span class='ocrx_word' id='word_1_225' title='bbox 2037 2589 2104 2654; x_wconf 86' lang='lat' dir='ltr'><strong>filio</strong></span> <span class='ocrx_word' id='word_1_226' title='bbox 2135 2602 2167 2654; x_wconf 89' lang='lat' dir='ltr'><strong>et</strong></span> 
     </span>
     <span class='ocr_line' id='line_1_21' title="bbox 515 2696 2214 2785; baseline -0.001 -21"><span class='ocrx_word' id='word_1_227' title='bbox 515 2698 651 2785; x_wconf 80' lang='lat' dir='ltr'><strong>Spiritui</strong></span> <span class='ocrx_word' id='word_1_228' title='bbox 674 2709 787 2764; x_wconf 87' lang='lat' dir='ltr'><strong>sancto</strong></span> <span class='ocrx_word' id='word_1_229' title='bbox 812 2699 990 2784; x_wconf 78' lang='lat' dir='ltr'><strong>(Responsa</strong></span> <span class='ocrx_word' id='word_1_230' title='bbox 1014 2711 1122 2762; x_wconf 78' lang='lat' dir='ltr'><strong>curura</strong></span> <span class='ocrx_word' id='word_1_231' title='bbox 1138 2720 1310 2783; x_wconf 72' lang='lat' dir='ltr'><strong>perrrersas</strong></span> <span class='ocrx_word' id='word_1_232' title='bbox 1329 2696 1465 2761; x_wconf 81' lang='lat' dir='ltr'><strong>Claudii</strong></span> <span class='ocrx_word' id='word_1_233' title='bbox 1483 2697 1691 2762; x_wconf 78' lang='lat' dir='ltr'><strong>lbrcrinensis</strong></span> <span class='ocrx_word' id='word_1_234' title='bbox 1713 2700 1858 2784; x_wconf 89' lang='lat' dir='ltr'><strong>episcopi</strong></span> <span class='ocrx_word' id='word_1_235' title='bbox 1870 2701 2037 2762; x_wconf 79' lang='lat' dir='ltr'><strong>senterrtias</strong></span> <span class='ocrx_word' id='word_1_236' title='bbox 2044 2722 2055 2779; x_wconf 65' lang='lat'><strong>,⁹</strong></span> <span class='ocrx_word' id='word_1_237' title='bbox 2077 2697 2164 2762; x_wconf 83' lang='lat' dir='ltr'><strong>Bill.</strong></span> <span class='ocrx_word' id='word_1_238' title='bbox 2186 2724 2214 2762; x_wconf 79' lang='lat' dir='ltr'><strong>ro</strong></span> 
     </span>
     <span class='ocr_line' id='line_1_22' title="bbox 508 2802 2168 2893; baseline -0.002 -22"><span class='ocrx_word' id='word_1_239' title='bbox 508 2821 641 2893; x_wconf 71' lang='lat' dir='ltr'><strong>paurum</strong></span> <span class='ocrx_word' id='word_1_240' title='bbox 671 2806 817 2893; x_wconf 79' lang='lat' dir='ltr'><strong>Lupdun.</strong></span> <span class='ocrx_word' id='word_1_241' title='bbox 849 2804 908 2868; x_wconf 77' lang='lat' dir='ltr'><strong>XI</strong></span> <span class='ocrx_word' id='word_1_242' title='bbox 912 2804 946 2885; x_wconf 88' lang='lat' dir='ltr'><strong>V,</strong></span> <span class='ocrx_word' id='word_1_243' title='bbox 975 2805 1079 2887; x_wconf 74' lang='lat'><strong>200),·</strong></span> <span class='ocrx_word' id='word_1_244' title='bbox 1113 2805 1158 2891; x_wconf 84' lang='lat' dir='ltr'><strong>cf.</strong></span> <span class='ocrx_word' id='word_1_245' title='bbox 1191 2802 1333 2883; x_wconf 82' lang='lat' dir='ltr'><strong>Simeon,</strong></span> <span class='ocrx_word' id='word_1_246' title='bbox 1368 2803 1579 2868; x_wconf 79' lang='lat' dir='ltr'><strong>‘Jalrbiiclcr</strong></span> <span class='ocrx_word' id='word_1_247' title='bbox 1609 2805 1663 2868; x_wconf 90' lang='lat' dir='ltr'><strong>des</strong></span> <span class='ocrx_word' id='word_1_248' title='bbox 1687 2804 1903 2891; x_wconf 72' lang='lat' dir='ltr'><strong>freinltrsclen</strong></span> <span class='ocrx_word' id='word_1_249' title='bbox 1933 2803 2050 2869; x_wconf 82' lang='lat' dir='ltr'><strong>Beicls</strong></span> <span class='ocrx_word' id='word_1_250' title='bbox 2080 2819 2168 2868; x_wconf 72' lang='lat' dir='ltr'><strong>utimr</strong></span> 
     </span>
     <span class='ocr_line' id='line_1_23' title="bbox 514 2910 2165 3000; baseline -0.001 -24"><span class='ocrx_word' id='word_1_251' title='bbox 514 2913 650 3000; x_wconf 78' lang='lat' dir='ltr'><strong>Ludmip</strong></span> <span class='ocrx_word' id='word_1_252' title='bbox 681 2912 748 2977; x_wconf 86' lang='lat' dir='ltr'><strong>dem</strong></span> <span class='ocrx_word' id='word_1_253' title='bbox 780 2912 813 2974; x_wconf 85' lang='lat' dir='ltr'><em>F</em></span> <span class='ocrx_word' id='word_1_254' title='bbox 812 2911 963 2976; x_wconf 76' lang='lat' dir='ltr'><strong>ronrrrreu&#39;</strong></span> <span class='ocrx_word' id='word_1_255' title='bbox 995 2911 1022 2990; x_wconf 85' lang='lat' dir='ltr'><strong>I,</strong></span> <span class='ocrx_word' id='word_1_256' title='bbox 1053 2916 1123 2977; x_wconf 85' lang='grc'><strong>248</strong></span> <span class='ocrx_word' id='word_1_257' title='bbox 1141 2935 1209 2995; x_wconf 79' lang='lat' dir='ltr'><strong>sqq.</strong></span> <span class='ocrx_word' id='word_1_258' title='bbox 1264 2910 1389 2990; x_wconf 75' lang='lat' dir='ltr'><strong>Harrclr,</strong></span> <span class='ocrx_word' id='word_1_259' title='bbox 1421 2911 1747 2998; x_wconf 80' lang='lat' dir='ltr'><strong>‘Kirclenpescliclte</strong></span> <span class='ocrx_word' id='word_1_260' title='bbox 1776 2910 2022 2976; x_wconf 82' lang='lat' dir='ltr'><strong>Deutscllands&#39;</strong></span> <span class='ocrx_word' id='word_1_261' title='bbox 2054 2911 2101 2976; x_wconf 89' lang='lat' dir='ltr'><strong>ed.</strong></span> <span class='ocrx_word' id='word_1_262' title='bbox 2132 2917 2165 2978; x_wconf 88' lang='grc'><strong>2.</strong></span> 
     </span>
     <span class='ocr_line' id='line_1_24' title="bbox 514 3020 733 3105; baseline -0.005 -22"><span class='ocrx_word' id='word_1_263' title='bbox 514 3020 562 3100; x_wconf 81' lang='grc' dir='ltr'><strong>Π,</strong></span> <span class='ocrx_word' id='word_1_264' title='bbox 585 3027 733 3105; x_wconf 68' lang='lat' dir='ltr'><strong>rsrsqq.</strong></span> 
     </span>
    </p>

    <p class='ocr_par' dir='ltr' id='par_1_3' title="bbox 450 3124 2217 5240">
     <span class='ocr_line' id='line_1_25' title="bbox 624 3124 2166 3212; baseline -0.003 -21"><span class='ocrx_word' id='word_1_265' title='bbox 624 3126 784 3203; x_wconf 81' lang='lat' dir='ltr'><strong>Quomodo</strong></span> <span class='ocrx_word' id='word_1_266' title='bbox 800 3127 967 3191; x_wconf 89' lang='lat' dir='ltr'><strong>concilium</strong></span> <span class='ocrx_word' id='word_1_267' title='bbox 988 3127 1162 3189; x_wconf 88' lang='lat' dir='ltr'><strong>institutum</strong></span> <span class='ocrx_word' id='word_1_268' title='bbox 1181 3138 1210 3188; x_wconf 87' lang='lat' dir='ltr'><strong>et</strong></span> <span class='ocrx_word' id='word_1_269' title='bbox 1227 3138 1326 3188; x_wconf 89' lang='lat' dir='ltr'><strong>actum</strong></span> <span class='ocrx_word' id='word_1_270' title='bbox 1347 3126 1399 3204; x_wconf 89' lang='lat' dir='ltr'><strong>sit,</strong></span> <span class='ocrx_word' id='word_1_271' title='bbox 1430 3150 1468 3188; x_wconf 78' lang='lat' dir='ltr'><strong>es</strong></span> <span class='ocrx_word' id='word_1_272' title='bbox 1492 3127 1572 3210; x_wconf 73' lang='lat' dir='ltr'><strong>ipsis</strong></span> <span class='ocrx_word' id='word_1_273' title='bbox 1594 3127 1674 3189; x_wconf 74' lang='lat' dir='ltr'><strong>actes</strong></span> <span class='ocrx_word' id='word_1_274' title='bbox 1697 3126 1839 3212; x_wconf 88' lang='lat' dir='ltr'><strong>inferius</strong></span> <span class='ocrx_word' id='word_1_275' title='bbox 1862 3124 1992 3189; x_wconf 83' lang='lat' dir='ltr'><strong>edendis</strong></span> <span class='ocrx_word' id='word_1_276' title='bbox 2014 3125 2166 3212; x_wconf 69' lang='lat' dir='ltr'><strong>efficimur.</strong></span> 
     </span>
     <span class='ocr_line' id='line_1_26' title="bbox 450 3229 2215 3318; baseline -0.002 -21"><span class='ocrx_word' id='word_1_277' title='bbox 450 3299 452 3304; x_wconf 77' lang='grc'>,</span> <span class='ocrx_word' id='word_1_278' title='bbox 514 3234 608 3298; x_wconf 76' lang='lat' dir='ltr'><strong>Arina</strong></span> <span class='ocrx_word' id='word_1_279' title='bbox 621 3240 697 3301; x_wconf 90' lang='grc'><em>824.</em></span> <span class='ocrx_word' id='word_1_280' title='bbox 712 3234 765 3298; x_wconf 88' lang='lat' dir='ltr'><strong>die</strong></span> <span class='ocrx_word' id='word_1_281' title='bbox 776 3241 829 3299; x_wconf 85' lang='lat'><strong>17.</strong></span> <span class='ocrx_word' id='word_1_282' title='bbox 843 3235 960 3296; x_wconf 89' lang='lat' dir='ltr'><strong>mensis</strong></span> <span class='ocrx_word' id='word_1_283' title='bbox 971 3231 1159 3296; x_wconf 88' lang='lat' dir='ltr'><strong>Nouembris</strong></span> <span class='ocrx_word' id='word_1_284' title='bbox 1176 3233 1208 3296; x_wconf 87' lang='lat' dir='ltr'><strong>in</strong></span> <span class='ocrx_word' id='word_1_285' title='bbox 1221 3234 1346 3296; x_wconf 87' lang='lat' dir='ltr'><strong>ciuitate</strong></span> <span class='ocrx_word' id='word_1_286' title='bbox 1355 3231 1581 3318; x_wconf 74' lang='lat' dir='ltr'><strong>Rotomapensi</strong></span> <span class='ocrx_word' id='word_1_287' title='bbox 1589 3229 1797 3295; x_wconf 84' lang='lat' dir='ltr'><strong>Hludcwicus</strong></span> <span class='ocrx_word' id='word_1_288' title='bbox 1809 3234 1981 3318; x_wconf 87' lang='lat' dir='ltr'><strong>imperator</strong></span> <span class='ocrx_word' id='word_1_289' title='bbox 1991 3246 2170 3317; x_wconf 64' lang='lat' dir='ltr'><strong>acceperat</strong></span> <span class='ocrx_word' id='word_1_290' title='bbox 2187 3255 2215 3294; x_wconf 80' lang='lat' dir='ltr'><strong>rs</strong></span> 
     </span>
     <span class='ocr_line' id='line_1_27' title="bbox 516 3337 2167 3427; baseline -0.002 -22"><span class='ocrx_word' id='word_1_291' title='bbox 516 3342 699 3427; x_wconf 73' lang='lat' dir='ltr'><strong>laJutiouem</strong></span> <span class='ocrx_word' id='word_1_292' title='bbox 722 3366 742 3404; x_wconf 92' lang='lat' dir='ltr'><strong>a</strong></span> <span class='ocrx_word' id='word_1_293' title='bbox 761 3339 918 3403; x_wconf 79' lang='lat' dir='ltr'><strong>Michaele</strong></span> <span class='ocrx_word' id='word_1_294' title='bbox 934 3338 981 3402; x_wconf 88' lang='grc' dir='ltr'><strong>Π.</strong></span> <span class='ocrx_word' id='word_1_295' title='bbox 1006 3338 1111 3403; x_wconf 79' lang='lat' dir='ltr'><strong>Baldo</strong></span> <span class='ocrx_word' id='word_1_296' title='bbox 1135 3341 1323 3425; x_wconf 79' lang='lat' dir='ltr'><strong>imperatore</strong></span> <span class='ocrx_word' id='word_1_297' title='bbox 1343 3337 1687 3424; x_wconf 74' lang='lat' dir='ltr'><strong>Constantinopolitano</strong></span> <span class='ocrx_word' id='word_1_298' title='bbox 1711 3337 1924 3421; x_wconf 72' lang='lat' dir='ltr'><strong>(aso—829)</strong></span> <span class='ocrx_word' id='word_1_299' title='bbox 1949 3340 2076 3424; x_wconf 86' lang='lat' dir='ltr'><strong>eiusque</strong></span> <span class='ocrx_word' id='word_1_300' title='bbox 2091 3339 2167 3424; x_wconf 81' lang='lat' dir='ltr'><strong>filio</strong></span> 
     </span>
     <span class='ocr_line' id='line_1_28' title="bbox 520 3444 2167 3532; baseline 0.001 -23"><span class='ocrx_word' id='word_1_301' title='bbox 520 3446 692 3532; x_wconf 75' lang='lat' dir='ltr'><strong>Theophila</strong></span> <span class='ocrx_word' id='word_1_302' title='bbox 720 3444 855 3510; x_wconf 78' lang='lat' dir='ltr'><strong>Caesare</strong></span> <span class='ocrx_word' id='word_1_303' title='bbox 884 3445 930 3510; x_wconf 89' lang='lat' dir='ltr'><strong>ad</strong></span> <span class='ocrx_word' id='word_1_304' title='bbox 954 3470 986 3510; x_wconf 89' lang='lat' dir='ltr'><strong>se</strong></span> <span class='ocrx_word' id='word_1_305' title='bbox 1010 3444 1162 3509; x_wconf 81' lang='lat' dir='ltr'><strong>dr&#39;rectam</strong></span> <span class='ocrx_word' id='word_1_306' title='bbox 1186 3445 1245 3531; x_wconf 84' lang='lat' dir='ltr'><strong>(cf.</strong></span> <span class='ocrx_word' id='word_1_307' title='bbox 1271 3445 1413 3507; x_wconf 79' lang='lat' dir='ltr'><strong>Annales</strong></span> <span class='ocrx_word' id='word_1_308' title='bbox 1436 3469 1464 3529; x_wconf 84' lang='lat' dir='ltr'><strong>q.</strong></span> <span class='ocrx_word' id='word_1_309' title='bbox 1491 3444 1521 3507; x_wconf 86' lang='lat' dir='ltr'><strong>d.</strong></span> <span class='ocrx_word' id='word_1_310' title='bbox 1546 3444 1715 3509; x_wconf 62' lang='lat' dir='ltr'><strong>Er‘nlardi</strong></span> <span class='ocrx_word' id='word_1_311' title='bbox 1735 3451 1803 3512; x_wconf 95' lang='grc'><strong>824</strong></span> <span class='ocrx_word' id='word_1_312' title='bbox 1833 3445 1880 3508; x_wconf 88' lang='lat' dir='ltr'><strong>cd.</strong></span> <span class='ocrx_word' id='word_1_313' title='bbox 1906 3445 2012 3508; x_wconf 82' lang='lat' dir='ltr'><strong>Kurze</strong></span> <span class='ocrx_word' id='word_1_314' title='bbox 2037 3454 2167 3531; x_wconf 61' lang='lat'><strong>52:165,</strong></span> 
     </span>
     <span class='ocr_line' id='line_1_29' title="bbox 517 3550 2166 3641; baseline -0.001 -25"><span class='ocrx_word' id='word_1_315' title='bbox 517 3554 610 3641; x_wconf 85' lang='lat' dir='ltr'><strong>infra</strong></span> <span class='ocrx_word' id='word_1_316' title='bbox 630 3577 663 3638; x_wconf 85' lang='lat' dir='ltr'><strong>p.</strong></span> <span class='ocrx_word' id='word_1_317' title='bbox 681 3560 748 3619; x_wconf 83' lang='grc'><strong>480</strong></span> <span class='ocrx_word' id='word_1_318' title='bbox 768 3553 788 3616; x_wconf 89' lang='lat' dir='ltr'><strong>l.</strong></span> <span class='ocrx_word' id='word_1_319' title='bbox 805 3561 848 3619; x_wconf 86' lang='lat'><strong>13</strong></span> <span class='ocrx_word' id='word_1_320' title='bbox 859 3577 926 3637; x_wconf 84' lang='lat' dir='ltr'><strong>sqq.</strong></span> <span class='ocrx_word' id='word_1_321' title='bbox 977 3550 1012 3616; x_wconf 90' lang='lat' dir='ltr'><strong>C.</strong></span> <span class='ocrx_word' id='word_1_322' title='bbox 1038 3552 1204 3630; x_wconf 78' lang='lat' dir='ltr'><strong>Harnaclc,</strong></span> <span class='ocrx_word' id='word_1_323' title='bbox 1235 3551 1310 3615; x_wconf 81' lang='lat' dir='ltr'><strong>‘llic</strong></span> <span class='ocrx_word' id='word_1_324' title='bbox 1334 3551 1550 3636; x_wconf 73' lang='lat' dir='ltr'><strong>Bezielzunpen</strong></span> <span class='ocrx_word' id='word_1_325' title='bbox 1574 3551 1628 3614; x_wconf 86' lang='lat' dir='ltr'><strong>des</strong></span> <span class='ocrx_word' id='word_1_326' title='bbox 1643 3552 2014 3637; x_wconf 76' lang='lat' dir='ltr'><strong>frdnleiscl·italrscleeu</strong></span> <span class='ocrx_word' id='word_1_327' title='bbox 2037 3577 2074 3615; x_wconf 85' lang='lat' dir='ltr'><strong>zu</strong></span> <span class='ocrx_word' id='word_1_328' title='bbox 2098 3551 2166 3615; x_wconf 89' lang='lat' dir='ltr'><strong>dem</strong></span> 
     </span>
     <span class='ocr_line' id='line_1_30' title="bbox 515 3657 2172 3748; baseline -0.001 -25"><span class='ocrx_word' id='word_1_329' title='bbox 515 3660 766 3748; x_wconf 73' lang='lat' dir='ltr'><strong>lysantrnrsclen</strong></span> <span class='ocrx_word' id='word_1_330' title='bbox 783 3658 926 3736; x_wconf 79' lang='lat' dir='ltr'><strong>Reiclc&#39;,</strong></span> <span class='ocrx_word' id='word_1_331' title='bbox 942 3658 1030 3723; x_wconf 78' lang='lat' dir='ltr'><strong>De&#39;ss.</strong></span> <span class='ocrx_word' id='word_1_332' title='bbox 1050 3657 1187 3744; x_wconf 75' lang='lat' dir='ltr'><strong>Cottinp.</strong></span> <span class='ocrx_word' id='word_1_333' title='bbox 1205 3666 1305 3737; x_wconf 79' lang='grc'><em>1880,</em></span> <span class='ocrx_word' id='word_1_334' title='bbox 1323 3681 1355 3743; x_wconf 86' lang='lat' dir='ltr'><strong>p.</strong></span> <span class='ocrx_word' id='word_1_335' title='bbox 1375 3667 1418 3724; x_wconf 80' lang='grc'><strong>63</strong></span> <span class='ocrx_word' id='word_1_336' title='bbox 1429 3682 1495 3743; x_wconf 81' lang='lat' dir='ltr'><strong>sqq.</strong></span> <span class='ocrx_word' id='word_1_337' title='bbox 1528 3657 1756 3722; x_wconf 81' lang='lat' dir='ltr'><strong>Mitlllacler²</strong></span> <span class='ocrx_word' id='word_1_338' title='bbox 1773 3684 1800 3721; x_wconf 90' lang='lat' dir='ltr'><strong>n.</strong></span> <span class='ocrx_word' id='word_1_339' title='bbox 1818 3667 1884 3724; x_wconf 83' lang='grc'><strong>793</strong></span> <span class='ocrx_word' id='word_1_340' title='bbox 1891 3661 1935 3741; x_wconf 89' lang='lat' dir='ltr'><strong>u).</strong></span> <span class='ocrx_word' id='word_1_341' title='bbox 1971 3658 2059 3735; x_wconf 80' lang='lat' dir='ltr'><strong>Quid</strong></span> <span class='ocrx_word' id='word_1_342' title='bbox 2073 3659 2172 3745; x_wconf 80' lang='lat' dir='ltr'><strong>lepati</strong></span> 
     </span>
     <span class='ocr_line' id='line_1_31' title="bbox 515 3763 2216 3852; baseline -0.002 -22"><span class='ocrx_word' id='word_1_343' title='bbox 515 3767 688 3846; x_wconf 82' lang='lat' dir='ltr'><strong>retulerint,</strong></span> <span class='ocrx_word' id='word_1_344' title='bbox 717 3791 757 3830; x_wconf 79' lang='lat' dir='ltr'><strong>ss</strong></span> <span class='ocrx_word' id='word_1_345' title='bbox 785 3766 916 3852; x_wconf 88' lang='lat' dir='ltr'><strong>epistola</strong></span> <span class='ocrx_word' id='word_1_346' title='bbox 941 3765 1112 3829; x_wconf 82' lang='lat' dir='ltr'><strong>Michaelis</strong></span> <span class='ocrx_word' id='word_1_347' title='bbox 1141 3779 1169 3828; x_wconf 88' lang='lat' dir='ltr'><strong>ct</strong></span> <span class='ocrx_word' id='word_1_348' title='bbox 1195 3763 1225 3826; x_wconf 88' lang='grc' dir='ltr'><em>Τ</em></span> <span class='ocrx_word' id='word_1_349' title='bbox 1222 3765 1367 3850; x_wconf 84' lang='lat' dir='ltr'><strong>leoplili</strong></span> <span class='ocrx_word' id='word_1_350' title='bbox 1386 3778 1477 3850; x_wconf 87' lang='lat' dir='ltr'><strong>patet</strong></span> <span class='ocrx_word' id='word_1_351' title='bbox 1505 3765 1611 3852; x_wconf 86' lang='lat' dir='ltr'><strong>(iufra</strong></span> <span class='ocrx_word' id='word_1_352' title='bbox 1636 3763 1690 3846; x_wconf 81' lang='lat' dir='ltr'><strong>A).</strong></span> <span class='ocrx_word' id='word_1_353' title='bbox 1738 3764 1840 3828; x_wconf 88' lang='lat' dir='ltr'><strong>Paulo</strong></span> <span class='ocrx_word' id='word_1_354' title='bbox 1866 3779 1940 3850; x_wconf 85' lang='lat' dir='ltr'><strong>post</strong></span> <span class='ocrx_word' id='word_1_355' title='bbox 1961 3764 2169 3829; x_wconf 71' lang='lat' dir='ltr'><strong>Hludou‘icus</strong></span> <span class='ocrx_word' id='word_1_356' title='bbox 2188 3789 2216 3826; x_wconf 84' lang='lat' dir='ltr'><strong>so</strong></span> 
     </span>
     <span class='ocr_line' id='line_1_32' title="bbox 516 3870 2169 3962; baseline 0.001 -26"><span class='ocrx_word' id='word_1_357' title='bbox 516 3873 706 3962; x_wconf 80' lang='lat' dir='ltr'><strong>Freculfurn</strong></span> <span class='ocrx_word' id='word_1_358' title='bbox 736 3872 958 3936; x_wconf 74' lang='lat' dir='ltr'><strong>Lemouiensem</strong></span> <span class='ocrx_word' id='word_1_359' title='bbox 990 3873 1170 3957; x_wconf 72' lang='lat' dir='ltr'><strong>episcopum</strong></span> <span class='ocrx_word' id='word_1_360' title='bbox 1201 3885 1230 3934; x_wconf 93' lang='lat' dir='ltr'><strong>et</strong></span> <span class='ocrx_word' id='word_1_361' title='bbox 1258 3870 1456 3958; x_wconf 46' lang='lat' dir='ltr'><strong>ildeparium</strong></span> <span class='ocrx_word' id='word_1_362' title='bbox 1486 3871 1640 3955; x_wconf 68' lang='lat' dir='ltr'><strong>qurerrdam</strong></span> <span class='ocrx_word' id='word_1_363' title='bbox 1678 3871 1736 3958; x_wconf 82' lang='lat' dir='ltr'><strong>(cf.</strong></span> <span class='ocrx_word' id='word_1_364' title='bbox 1770 3871 1907 3950; x_wconf 81' lang='lat' dir='ltr'><strong>Sirrrson,</strong></span> <span class='ocrx_word' id='word_1_365' title='bbox 1942 3872 1962 3935; x_wconf 90' lang='lat' dir='ltr'><strong>l.</strong></span> <span class='ocrx_word' id='word_1_366' title='bbox 1988 3872 2007 3935; x_wconf 89' lang='lat' dir='ltr'><strong>l.</strong></span> <span class='ocrx_word' id='word_1_367' title='bbox 2040 3870 2069 3950; x_wconf 82' lang='lat' dir='ltr'><strong>J,</strong></span> <span class='ocrx_word' id='word_1_368' title='bbox 2099 3876 2169 3938; x_wconf 82' lang='grc'><em>247</em></span> 
     </span>
     <span class='ocr_line' id='line_1_33' title="bbox 515 3978 2168 4066; baseline -0.002 -21"><span class='ocrx_word' id='word_1_369' title='bbox 515 3983 663 4064; x_wconf 86' lang='lat' dir='ltr'><strong>ann.1())</strong></span> <span class='ocrx_word' id='word_1_370' title='bbox 687 3979 832 4066; x_wconf 74' lang='lat' dir='ltr'><strong>Eupenic</strong></span> <span class='ocrx_word' id='word_1_371' title='bbox 856 3978 902 4041; x_wconf 88' lang='grc' dir='ltr'><strong>Π.</strong></span> <span class='ocrx_word' id='word_1_372' title='bbox 924 4003 1031 4064; x_wconf 84' lang='lat' dir='ltr'><strong>papae</strong></span> <span class='ocrx_word' id='word_1_373' title='bbox 1056 3978 1270 4060; x_wconf 82' lang='grc'><em>(824-827)</em></span> <span class='ocrx_word' id='word_1_374' title='bbox 1295 3978 1423 4056; x_wconf 76' lang='lat' dir='ltr'><strong>diremit,</strong></span> <span class='ocrx_word' id='word_1_375' title='bbox 1447 4003 1553 4040; x_wconf 86' lang='lat' dir='ltr'><strong>eorum</strong></span> <span class='ocrx_word' id='word_1_376' title='bbox 1576 3992 1675 4041; x_wconf 77' lang='lat' dir='ltr'><strong>erstem</strong></span> <span class='ocrx_word' id='word_1_377' title='bbox 1702 3979 1838 4042; x_wconf 70' lang='lat' dir='ltr'><strong>laborem</strong></span> <span class='ocrx_word' id='word_1_378' title='bbox 1862 4003 2004 4042; x_wconf 78' lang='lat' dir='ltr'><strong>sreccsssu</strong></span> <span class='ocrx_word' id='word_1_379' title='bbox 2028 3981 2168 4042; x_wconf 78' lang='lat' dir='ltr'><strong>caruisse</strong></span> 
     </span>
     <span class='ocr_line' id='line_1_34' title="bbox 516 4082 2167 4172; baseline -0.003 -21"><span class='ocrx_word' id='word_1_380' title='bbox 516 4112 555 4151; x_wconf 74' lang='lat' dir='ltr'><strong>en</strong></span> <span class='ocrx_word' id='word_1_381' title='bbox 583 4089 634 4152; x_wconf 84' lang='lat' dir='ltr'><strong>lis</strong></span> <span class='ocrx_word' id='word_1_382' title='bbox 664 4088 767 4151; x_wconf 74' lang='lat' dir='ltr'><strong>cerba</strong></span> <span class='ocrx_word' id='word_1_383' title='bbox 795 4086 998 4172; x_wconf 76' lang='lat' dir='ltr'><strong>synodalium</strong></span> <span class='ocrx_word' id='word_1_384' title='bbox 1025 4085 1257 4148; x_wconf 87' lang='lat' dir='ltr'><strong>Parisiensium</strong></span> <span class='ocrx_word' id='word_1_385' title='bbox 1289 4098 1440 4170; x_wconf 86' lang='lat' dir='ltr'><strong>apparet:</strong></span> <span class='ocrx_word' id='word_1_386' title='bbox 1470 4082 1676 4147; x_wconf 87' lang='lat' dir='ltr'><strong>Venerabilis</strong></span> <span class='ocrx_word' id='word_1_387' title='bbox 1701 4131 1709 4146; x_wconf 87' lang='lat'><strong>.</strong></span> <span class='ocrx_word' id='word_1_388' title='bbox 1735 4132 1742 4147; x_wconf 94' lang='lat'><strong>.</strong></span> <span class='ocrx_word' id='word_1_389' title='bbox 1767 4132 1775 4146; x_wconf 87' lang='lat'>.</span> <span class='ocrx_word' id='word_1_390' title='bbox 1799 4083 1970 4148; x_wconf 85' lang='lat' dir='ltr'><strong>Freculfus</strong></span> <span class='ocrx_word' id='word_1_391' title='bbox 1994 4084 2167 4170; x_wconf 87' lang='lat' dir='ltr'><strong>episeopus</strong></span> 
     </span>
     <span class='ocr_line' id='line_1_35' title="bbox 517 4188 2167 4278; baseline -0.001 -23"><span class='ocrx_word' id='word_1_392' title='bbox 517 4191 677 4257; x_wconf 89' lang='lat' dir='ltr'><strong>subtiliter</strong></span> <span class='ocrx_word' id='word_1_393' title='bbox 699 4190 953 4278; x_wconf 90' lang='lat' dir='ltr'><strong>prudenterque,</strong></span> <span class='ocrx_word' id='word_1_394' title='bbox 982 4190 1121 4277; x_wconf 88' lang='lat' dir='ltr'><strong>qualiter</strong></span> <span class='ocrx_word' id='word_1_395' title='bbox 1143 4191 1213 4275; x_wconf 87' lang='lat' dir='ltr'><strong>ipse</strong></span> <span class='ocrx_word' id='word_1_396' title='bbox 1227 4200 1271 4253; x_wconf 36' lang='lat' dir='ltr'><strong>‘et</strong></span> <span class='ocrx_word' id='word_1_397' title='bbox 1293 4188 1478 4275; x_wconf 82' lang='lat' dir='ltr'><strong>Adegarius</strong></span> <span class='ocrx_word' id='word_1_398' title='bbox 1503 4190 1610 4253; x_wconf 87' lang='lat' dir='ltr'><strong>socius</strong></span> <span class='ocrx_word' id='word_1_399' title='bbox 1633 4189 1718 4254; x_wconf 88' lang='lat' dir='ltr'><strong>illius</strong></span> <span class='ocrx_word' id='word_1_400' title='bbox 1743 4189 1783 4254; x_wconf 91' lang='lat' dir='ltr'><strong>de</strong></span> <span class='ocrx_word' id='word_1_401' title='bbox 1806 4190 1869 4254; x_wconf 89' lang='lat' dir='ltr'><strong>hac</strong></span> <span class='ocrx_word' id='word_1_402' title='bbox 1892 4213 1927 4254; x_wconf 88' lang='lat' dir='ltr'><strong>rc</strong></span> <span class='ocrx_word' id='word_1_403' title='bbox 1951 4213 2025 4254; x_wconf 92' lang='lat' dir='ltr'><strong>cum</strong></span> <span class='ocrx_word' id='word_1_404' title='bbox 2049 4190 2167 4254; x_wconf 90' lang='lat' dir='ltr'><strong>domno</strong></span> 
     </span>
     <span class='ocr_line' id='line_1_36' title="bbox 518 4295 2216 4386; baseline -0.002 -22"><span class='ocrx_word' id='word_1_405' title='bbox 518 4298 695 4386; x_wconf 86' lang='lat' dir='ltr'><strong>apostolico</strong></span> <span class='ocrx_word' id='word_1_406' title='bbox 720 4310 752 4364; x_wconf 91' lang='lat' dir='ltr'><strong>et</strong></span> <span class='ocrx_word' id='word_1_407' title='bbox 776 4321 850 4363; x_wconf 88' lang='lat' dir='ltr'><strong>cum</strong></span> <span class='ocrx_word' id='word_1_408' title='bbox 874 4296 1070 4362; x_wconf 82' lang='lat' dir='ltr'><strong>venerandis</strong></span> <span class='ocrx_word' id='word_1_409' title='bbox 1096 4296 1258 4382; x_wconf 87' lang='lat' dir='ltr'><strong>episcopis</strong></span> <span class='ocrx_word' id='word_1_410' title='bbox 1282 4295 1367 4359; x_wconf 90' lang='lat' dir='ltr'><strong>illius</strong></span> <span class='ocrx_word' id='word_1_411' title='bbox 1392 4297 1544 4381; x_wconf 82' lang='lat' dir='ltr'><strong>egissent,</strong></span> <span class='ocrx_word' id='word_1_412' title='bbox 1570 4297 1647 4360; x_wconf 88' lang='lat' dir='ltr'><strong>viva</strong></span> <span class='ocrx_word' id='word_1_413' title='bbox 1664 4320 1744 4360; x_wconf 87' lang='lat' dir='ltr'><strong>voce</strong></span> <span class='ocrx_word' id='word_1_414' title='bbox 1761 4298 1915 4383; x_wconf 82' lang='lat' dir='ltr'><strong>parvitati</strong></span> <span class='ocrx_word' id='word_1_415' title='bbox 1931 4310 2059 4361; x_wconf 85' lang='lat' dir='ltr'><strong>nostrae</strong></span> <span class='ocrx_word' id='word_1_416' title='bbox 2076 4298 2166 4360; x_wconf 92' lang='lat' dir='ltr'><strong>inno·</strong></span> <span class='ocrx_word' id='word_1_417' title='bbox 2187 4320 2216 4361; x_wconf 78' lang='lat' dir='ltr'><strong>sa</strong></span> 
     </span>
     <span class='ocr_line' id='line_1_37' title="bbox 517 4402 2167 4491; baseline -0.003 -21"><span class='ocrx_word' id='word_1_418' title='bbox 517 4407 587 4470; x_wconf 88' lang='lat' dir='ltr'><strong>tuit.</strong></span> <span class='ocrx_word' id='word_1_419' title='bbox 635 4405 701 4470; x_wconf 87' lang='lat' dir='ltr'><strong>Sed</strong></span> <span class='ocrx_word' id='word_1_420' title='bbox 732 4428 805 4469; x_wconf 90' lang='lat' dir='ltr'><strong>cum</strong></span> <span class='ocrx_word' id='word_1_421' title='bbox 837 4403 991 4491; x_wconf 88' lang='lat' dir='ltr'><strong>prudenti</strong></span> <span class='ocrx_word' id='word_1_422' title='bbox 1019 4404 1123 4467; x_wconf 86' lang='lat' dir='ltr'><strong>relatu</strong></span> <span class='ocrx_word' id='word_1_423' title='bbox 1153 4402 1239 4466; x_wconf 89' lang='lat' dir='ltr'><strong>illius</strong></span> <span class='ocrx_word' id='word_1_424' title='bbox 1270 4414 1388 4466; x_wconf 89' lang='lat' dir='ltr'><strong>cuncta</strong></span> <span class='ocrx_word' id='word_1_425' title='bbox 1411 4403 1686 4488; x_wconf 63' lang='lat' dir='ltr'><strong>cognovissemus</strong></span> <span class='ocrx_word' id='word_1_426' title='bbox 1719 4403 1858 4489; x_wconf 87' lang='lat' dir='ltr'><strong>qualiter</strong></span> <span class='ocrx_word' id='word_1_427' title='bbox 1881 4405 1997 4489; x_wconf 87' lang='lat' dir='ltr'><strong>partim</strong></span> <span class='ocrx_word' id='word_1_428' title='bbox 2021 4404 2167 4467; x_wconf 85' lang='lat' dir='ltr'><strong>veritatis</strong></span> 
     </span>
     <span class='ocr_line' id='line_1_38' title="bbox 517 4509 2167 4598; baseline -0.002 -22"><span class='ocrx_word' id='word_1_429' title='bbox 517 4513 709 4598; x_wconf 83' lang='lat' dir='ltr'><strong>ignorantis,</strong></span> <span class='ocrx_word' id='word_1_430' title='bbox 741 4511 859 4597; x_wconf 91' lang='lat' dir='ltr'><strong>partim</strong></span> <span class='ocrx_word' id='word_1_431' title='bbox 890 4512 1051 4597; x_wconf 83' lang='lat' dir='ltr'><strong>pessimae</strong></span> <span class='ocrx_word' id='word_1_432' title='bbox 1083 4509 1327 4573; x_wconf 87' lang='lat' dir='ltr'><strong>consuetudinis</strong></span> <span class='ocrx_word' id='word_1_433' title='bbox 1357 4532 1418 4573; x_wconf 89' lang='lat' dir='ltr'><strong>usu</strong></span> <span class='ocrx_word' id='word_1_434' title='bbox 1449 4509 1542 4574; x_wconf 89' lang='lat' dir='ltr'><strong>huius</strong></span> <span class='ocrx_word' id='word_1_435' title='bbox 1566 4511 1805 4596; x_wconf 86' lang='lat' dir='ltr'><strong>superstitionis</strong></span> <span class='ocrx_word' id='word_1_436' title='bbox 1828 4511 1929 4597; x_wconf 90' lang='lat' dir='ltr'><strong>pestis</strong></span> <span class='ocrx_word' id='word_1_437' title='bbox 1953 4509 2015 4573; x_wconf 91' lang='lat' dir='ltr'><strong>illis</strong></span> <span class='ocrx_word' id='word_1_438' title='bbox 2038 4511 2072 4574; x_wconf 92' lang='lat' dir='ltr'><strong>in</strong></span> <span class='ocrx_word' id='word_1_439' title='bbox 2094 4533 2167 4596; x_wconf 89' lang='lat' dir='ltr'><strong>par-</strong></span> 
     </span>
     <span class='ocr_line' id='line_1_39' title="bbox 517 4615 2167 4702; baseline -0.003 -19"><span class='ocrx_word' id='word_1_440' title='bbox 517 4617 604 4683; x_wconf 89' lang='lat' dir='ltr'><strong>tibus</strong></span> <span class='ocrx_word' id='word_1_441' title='bbox 634 4616 833 4698; x_wconf 87' lang='lat' dir='ltr'><strong>inolevisset,</strong></span> <span class='ocrx_word' id='word_1_442' title='bbox 865 4628 898 4681; x_wconf 91' lang='lat' dir='ltr'><strong>et</strong></span> <span class='ocrx_word' id='word_1_443' title='bbox 927 4619 1036 4702; x_wconf 86' lang='lat' dir='ltr'><strong>priora</strong></span> <span class='ocrx_word' id='word_1_444' title='bbox 1066 4627 1099 4680; x_wconf 89' lang='lat' dir='ltr'><strong>et</strong></span> <span class='ocrx_word' id='word_1_445' title='bbox 1129 4616 1311 4702; x_wconf 88' lang='lat' dir='ltr'><strong>posteriora</strong></span> <span class='ocrx_word' id='word_1_446' title='bbox 1340 4615 1575 4680; x_wconf 88' lang='lat' dir='ltr'><strong>studiosissime</strong></span> <span class='ocrx_word' id='word_1_447' title='bbox 1599 4615 1908 4698; x_wconf 81' lang='lat' dir='ltr'><strong>considerassemus,</strong></span> <span class='ocrx_word' id='word_1_448' title='bbox 1938 4616 2167 4697; x_wconf 84' lang='lat' dir='ltr'><strong>intelleximus,</strong></span> 
     </span>
     <span class='ocr_line' id='line_1_40' title="bbox 518 4721 2167 4811; baseline -0.002 -22"><span class='ocrx_word' id='word_1_449' title='bbox 518 4737 674 4811; x_wconf 90' lang='lat' dir='ltr'><strong>quantum</strong></span> <span class='ocrx_word' id='word_1_450' title='bbox 697 4722 793 4788; x_wconf 90' lang='lat' dir='ltr'><strong>nobis</strong></span> <span class='ocrx_word' id='word_1_451' title='bbox 815 4746 868 4787; x_wconf 85' lang='lat' dir='ltr'><strong>res</strong></span> <span class='ocrx_word' id='word_1_452' title='bbox 892 4725 1006 4808; x_wconf 90' lang='lat' dir='ltr'><strong>patuit,</strong></span> <span class='ocrx_word' id='word_1_453' title='bbox 1031 4746 1094 4810; x_wconf 87' lang='lat' dir='ltr'><strong>quo</strong></span> <span class='ocrx_word' id='word_1_454' title='bbox 1118 4722 1188 4786; x_wconf 85' lang='lat' dir='ltr'><strong>zelo</strong></span> <span class='ocrx_word' id='word_1_455' title='bbox 1212 4721 1256 4786; x_wconf 89' lang='lat' dir='ltr'><strong>ad</strong></span> <span class='ocrx_word' id='word_1_456' title='bbox 1280 4722 1360 4786; x_wconf 89' lang='lat' dir='ltr'><strong>haec</strong></span> <span class='ocrx_word' id='word_1_457' title='bbox 1384 4721 1622 4786; x_wconf 88' lang='lat' dir='ltr'><strong>consideranda</strong></span> <span class='ocrx_word' id='word_1_458' title='bbox 1645 4734 1753 4786; x_wconf 43' lang='lat' dir='ltr'><strong>suestra</strong></span> <span class='ocrx_word' id='word_1_459' title='bbox 1777 4737 1891 4787; x_wconf 74' lang='lat' dir='ltr'><strong>salicta</strong></span> <span class='ocrx_word' id='word_1_460' title='bbox 1914 4723 2043 4788; x_wconf 83' lang='lat' dir='ltr'><strong>devotio</strong></span> <span class='ocrx_word' id='word_1_461' title='bbox 2058 4724 2167 4788; x_wconf 82' lang='lat' dir='ltr'><strong>fuerit.</strong></span> 
     </span>
     <span class='ocr_line' id='line_1_41' title="bbox 517 4830 2217 4919; baseline -0.003 -23"><span class='ocrx_word' id='word_1_462' title='bbox 517 4834 607 4897; x_wconf 87' lang='lat' dir='ltr'><strong>Haec</strong></span> <span class='ocrx_word' id='word_1_463' title='bbox 630 4857 727 4896; x_wconf 84' lang='lat' dir='ltr'><strong>causa</strong></span> <span class='ocrx_word' id='word_1_464' title='bbox 742 4834 818 4919; x_wconf 79' lang='lat' dir='ltr'><strong>suit</strong></span> <span class='ocrx_word' id='word_1_465' title='bbox 840 4830 1074 4918; x_wconf 73' lang='lat' dir='ltr'><strong>conprepandae</strong></span> <span class='ocrx_word' id='word_1_466' title='bbox 1097 4831 1214 4916; x_wconf 75' lang='lat' dir='ltr'><strong>synodi</strong></span> <span class='ocrx_word' id='word_1_467' title='bbox 1235 4830 1288 4893; x_wconf 91' lang='lat' dir='ltr'><strong>die</strong></span> <span class='ocrx_word' id='word_1_468' title='bbox 1312 4838 1339 4895; x_wconf 89' lang='lat'><strong>1.</strong></span> <span class='ocrx_word' id='word_1_469' title='bbox 1365 4833 1480 4894; x_wconf 77' lang='lat' dir='ltr'><strong>mensis</strong></span> <span class='ocrx_word' id='word_1_470' title='bbox 1503 4830 1691 4894; x_wconf 81' lang='lat' dir='ltr'><strong>Nouernlris</strong></span> <span class='ocrx_word' id='word_1_471' title='bbox 1714 4834 1796 4894; x_wconf 74' lang='lat' dir='ltr'><strong>areni</strong></span> <span class='ocrx_word' id='word_1_472' title='bbox 1817 4839 1904 4910; x_wconf 65' lang='grc'><em>823,</em></span> <span class='ocrx_word' id='word_1_473' title='bbox 1928 4857 1948 4894; x_wconf 90' lang='lat' dir='ltr'><strong>a</strong></span> <span class='ocrx_word' id='word_1_474' title='bbox 1972 4856 2045 4916; x_wconf 85' lang='lat' dir='ltr'><strong>qua,</strong></span> <span class='ocrx_word' id='word_1_475' title='bbox 2072 4841 2168 4916; x_wconf 87' lang='lat' dir='ltr'><strong>prout</strong></span> <span class='ocrx_word' id='word_1_476' title='bbox 2186 4853 2217 4892; x_wconf 79' lang='lat' dir='ltr'><strong>so</strong></span> 
     </span>
     <span class='ocr_line' id='line_1_42' title="bbox 517 4936 2167 5025; baseline -0.001 -22"><span class='ocrx_word' id='word_1_477' title='bbox 517 4939 671 5024; x_wconf 82' lang='lat' dir='ltr'><strong>temporis</strong></span> <span class='ocrx_word' id='word_1_478' title='bbox 688 4938 840 5022; x_wconf 84' lang='lat' dir='ltr'><strong>angustia</strong></span> <span class='ocrx_word' id='word_1_479' title='bbox 856 4936 1013 5022; x_wconf 74' lang='lat' dir='ltr'><strong>permisit,</strong></span> <span class='ocrx_word' id='word_1_480' title='bbox 1038 4937 1174 5000; x_wconf 88' lang='lat' dir='ltr'><strong>collectis</strong></span> <span class='ocrx_word' id='word_1_481' title='bbox 1198 4950 1305 5000; x_wconf 79' lang='lat' dir='ltr'><strong>cmttra</strong></span> <span class='ocrx_word' id='word_1_482' title='bbox 1329 4938 1502 5020; x_wconf 76' lang='lat' dir='ltr'><strong>insapinum</strong></span> <span class='ocrx_word' id='word_1_483' title='bbox 1526 4937 1742 5001; x_wconf 72' lang='lat' dir='ltr'><strong>caloraticnem</strong></span> <span class='ocrx_word' id='word_1_484' title='bbox 1767 4941 2054 5023; x_wconf 78' lang='lat' dir='ltr'><strong>reserationemque</strong></span> <span class='ocrx_word' id='word_1_485' title='bbox 2073 4962 2167 5025; x_wconf 79' lang='lat' dir='ltr'><strong>orpu-</strong></span> 
     </span>
     <span class='ocr_line' id='line_1_43' title="bbox 519 5042 2168 5131; baseline -0.001 -22"><span class='ocrx_word' id='word_1_486' title='bbox 519 5049 628 5111; x_wconf 88' lang='lat' dir='ltr'><strong>mcntis</strong></span> <span class='ocrx_word' id='word_1_487' title='bbox 652 5047 732 5110; x_wconf 81' lang='lat' dir='ltr'><strong>liber</strong></span> <span class='ocrx_word' id='word_1_488' title='bbox 764 5045 818 5110; x_wconf 89' lang='lat' dir='ltr'><strong>ille</strong></span> <span class='ocrx_word' id='word_1_489' title='bbox 847 5044 1013 5130; x_wconf 80' lang='lat' dir='ltr'><strong>synodalis</strong></span> <span class='ocrx_word' id='word_1_490' title='bbox 1041 5043 1149 5131; x_wconf 87' lang='lat' dir='ltr'><strong>(infra</strong></span> <span class='ocrx_word' id='word_1_491' title='bbox 1172 5043 1217 5127; x_wconf 84' lang='lat' dir='ltr'><strong>B)</strong></span> <span class='ocrx_word' id='word_1_492' title='bbox 1243 5042 1432 5107; x_wconf 83' lang='lat' dir='ltr'><strong>Hludorcico</strong></span> <span class='ocrx_word' id='word_1_493' title='bbox 1455 5058 1483 5106; x_wconf 90' lang='lat' dir='ltr'><strong>et</strong></span> <span class='ocrx_word' id='word_1_494' title='bbox 1506 5043 1678 5107; x_wconf 74' lang='lat' dir='ltr'><strong>illothario</strong></span> <span class='ocrx_word' id='word_1_495' title='bbox 1708 5046 1951 5130; x_wconf 85' lang='lat' dir='ltr'><strong>imperatoribus</strong></span> <span class='ocrx_word' id='word_1_496' title='bbox 1974 5068 2037 5130; x_wconf 91' lang='lat' dir='ltr'><strong>per</strong></span> <span class='ocrx_word' id='word_1_497' title='bbox 2060 5043 2168 5108; x_wconf 87' lang='lat' dir='ltr'><strong>Halit-</strong></span> 
     </span>
     <span class='ocr_line' id='line_1_44' title="bbox 514 5149 2169 5240; baseline -0.002 -24"><span class='ocrx_word' id='word_1_498' title='bbox 514 5155 643 5240; x_wconf 75' lang='lat' dir='ltr'><strong>parinm</strong></span> <span class='ocrx_word' id='word_1_499' title='bbox 670 5151 923 5216; x_wconf 78' lang='lat' dir='ltr'><strong>Canreracensem</strong></span> <span class='ocrx_word' id='word_1_500' title='bbox 949 5165 976 5213; x_wconf 84' lang='lat' dir='ltr'><strong>ct</strong></span> <span class='ocrx_word' id='word_1_501' title='bbox 1000 5150 1201 5213; x_wconf 80' lang='lat' dir='ltr'><strong>Amalarium</strong></span> <span class='ocrx_word' id='word_1_502' title='bbox 1226 5149 1402 5213; x_wconf 87' lang='lat' dir='ltr'><strong>Mettensem</strong></span> <span class='ocrx_word' id='word_1_503' title='bbox 1428 5152 1589 5236; x_wconf 69' lang='lat' dir='ltr'><strong>episscopus</strong></span> <span class='ocrx_word' id='word_1_504' title='bbox 1619 5153 1734 5214; x_wconf 86' lang='lat' dir='ltr'><strong>missus</strong></span> <span class='ocrx_word' id='word_1_505' title='bbox 1763 5166 1807 5214; x_wconf 90' lang='lat' dir='ltr'><strong>est</strong></span> <span class='ocrx_word' id='word_1_506' title='bbox 1816 5157 1836 5214; x_wconf 88' lang='lat'><strong>².</strong></span> <span class='ocrx_word' id='word_1_507' title='bbox 1884 5151 2067 5215; x_wconf 83' lang='lat' dir='ltr'><strong>Addiderat</strong></span> <span class='ocrx_word' id='word_1_508' title='bbox 2095 5151 2169 5214; x_wconf 75' lang='lat' dir='ltr'><strong>hiric</strong></span> 
     </span>
    </p>
   </div>
   <div class='ocr_carea' id='block_1_3' title="bbox 517 5397 2218 5909">
    <p class='ocr_par' dir='ltr' id='par_1_4' title="bbox 517 5397 2218 5909">
     <span class='ocr_line' id='line_1_45' title="bbox 628 5397 2168 5483; baseline 0.001 -20"><span class='ocrx_word' id='word_1_509' title='bbox 628 5411 657 5470; x_wconf 80' lang='lat' dir='ltr'><strong>ll</strong></span> <span class='ocrx_word' id='word_1_510' title='bbox 694 5407 743 5481; x_wconf 80' lang='lat' dir='ltr'><strong>Cf.</strong></span> <span class='ocrx_word' id='word_1_511' title='bbox 774 5427 847 5483; x_wconf 80' lang='lat' dir='ltr'><strong>quac</strong></span> <span class='ocrx_word' id='word_1_512' title='bbox 877 5407 1004 5477; x_wconf 80' lang='lat' dir='ltr'><strong>Simeon,</strong></span> <span class='ocrx_word' id='word_1_513' title='bbox 1040 5408 1059 5462; x_wconf 91' lang='lat' dir='ltr'><strong>l.</strong></span> <span class='ocrx_word' id='word_1_514' title='bbox 1090 5409 1108 5463; x_wconf 88' lang='lat' dir='ltr'><strong>l.</strong></span> <span class='ocrx_word' id='word_1_515' title='bbox 1141 5414 1241 5463; x_wconf 84' lang='lat' dir='ltr'><strong>contra</strong></span> <span class='ocrx_word' id='word_1_516' title='bbox 1264 5397 1396 5477; x_wconf 62' lang='lat' dir='ltr'><strong>Hesele,</strong></span> <span class='ocrx_word' id='word_1_517' title='bbox 1417 5405 1737 5483; x_wconf 77' lang='lat' dir='ltr'><strong>‘Concilierpesclicltte’</strong></span> <span class='ocrx_word' id='word_1_518' title='bbox 1769 5407 1812 5464; x_wconf 87' lang='lat' dir='ltr'><strong>ed.</strong></span> <span class='ocrx_word' id='word_1_519' title='bbox 1835 5411 1866 5467; x_wconf 85' lang='grc'><strong>2.</strong></span> <span class='ocrx_word' id='word_1_520' title='bbox 1890 5407 1910 5463; x_wconf 90' lang='grc' dir='ltr'><em>Ι</em></span> <span class='ocrx_word' id='word_1_521' title='bbox 1915 5408 1944 5478; x_wconf 87' lang='lat' dir='ltr'><strong>V,</strong></span> <span class='ocrx_word' id='word_1_522' title='bbox 1968 5410 2009 5467; x_wconf 87' lang='grc'><em>42</em></span> <span class='ocrx_word' id='word_1_523' title='bbox 2044 5407 2168 5482; x_wconf 70' lang='lat' dir='ltr'><strong>arpenn</strong></span> 
     </span>
     <span class='ocr_line' id='line_1_46' title="bbox 519 5512 2218 5589; baseline -0.004 -17"><span class='ocrx_word' id='word_1_524' title='bbox 519 5518 550 5586; x_wconf 80' lang='lat'><strong>2)</strong></span> <span class='ocrx_word' id='word_1_525' title='bbox 584 5515 720 5585; x_wconf 80' lang='lat' dir='ltr'><strong>Eirlner,</strong></span> <span class='ocrx_word' id='word_1_526' title='bbox 756 5513 936 5586; x_wconf 81' lang='lat' dir='ltr'><strong>‘Zeitsclm‘st</strong></span> <span class='ocrx_word' id='word_1_527' title='bbox 961 5515 1022 5586; x_wconf 80' lang='lat' dir='ltr'><strong>fiir</strong></span> <span class='ocrx_word' id='word_1_528' title='bbox 1056 5513 1326 5585; x_wconf 75' lang='lat' dir='ltr'><strong>wusensclraftliclse</strong></span> <span class='ocrx_word' id='word_1_529' title='bbox 1358 5513 1516 5589; x_wconf 76' lang='lat' dir='ltr'><strong>Tleolopie&#39;</strong></span> <span class='ocrx_word' id='word_1_530' title='bbox 1548 5512 1630 5584; x_wconf 79' lang='lat' dir='ltr'><strong>XLI,</strong></span> <span class='ocrx_word' id='word_1_531' title='bbox 1657 5516 1717 5573; x_wconf 88' lang='grc'><strong>559</strong></span> <span class='ocrx_word' id='word_1_532' title='bbox 1750 5515 1946 5570; x_wconf 73' lang='lat' dir='ltr'><strong>demonstrare</strong></span> <span class='ocrx_word' id='word_1_533' title='bbox 1979 5522 2096 5571; x_wconf 83' lang='lat' dir='ltr'><strong>conatus</strong></span> <span class='ocrx_word' id='word_1_534' title='bbox 2129 5521 2171 5570; x_wconf 81' lang='lat' dir='ltr'><strong>est</strong></span> <span class='ocrx_word' id='word_1_535' title='bbox 2186 5526 2218 5565; x_wconf 73' lang='lat' dir='ltr'><strong>ss</strong></span> 
     </span>
     <span class='ocr_line' id='line_1_47' title="bbox 519 5614 2168 5700; baseline -0.002 -22"><span class='ocrx_word' id='word_1_536' title='bbox 519 5622 666 5700; x_wconf 77' lang='lat' dir='ltr'><strong>Apobardi</strong></span> <span class='ocrx_word' id='word_1_537' title='bbox 687 5621 894 5696; x_wconf 75' lang='lat' dir='ltr'><strong>archicpiscopi</strong></span> <span class='ocrx_word' id='word_1_538' title='bbox 913 5619 1111 5697; x_wconf 75' lang='lat' dir='ltr'><strong>Lupdunensis</strong></span> <span class='ocrx_word' id='word_1_539' title='bbox 1134 5614 1325 5695; x_wconf 73' lang='lat' dir='ltr'><strong>(stt-840)</strong></span> <span class='ocrx_word' id='word_1_540' title='bbox 1349 5619 1447 5676; x_wconf 78' lang='lat' dir='ltr'><strong>librum</strong></span> <span class='ocrx_word' id='word_1_541' title='bbox 1471 5629 1570 5675; x_wconf 87' lang='lat' dir='ltr'><strong>contra</strong></span> <span class='ocrx_word' id='word_1_542' title='bbox 1594 5639 1689 5676; x_wconf 89' lang='lat' dir='ltr'><strong>eorum</strong></span> <span class='ocrx_word' id='word_1_543' title='bbox 1712 5622 1954 5693; x_wconf 86' lang='lat' dir='ltr'><strong>superstitionem,</strong></span> <span class='ocrx_word' id='word_1_544' title='bbox 1978 5622 2025 5692; x_wconf 89' lang='lat' dir='ltr'><strong>qui</strong></span> <span class='ocrx_word' id='word_1_545' title='bbox 2049 5621 2168 5694; x_wconf 85' lang='lat' dir='ltr'><strong>picturis</strong></span> 
     </span>
     <span class='ocr_line' id='line_1_48' title="bbox 519 5721 2167 5802; baseline 0.001 -17"><span class='ocrx_word' id='word_1_546' title='bbox 519 5737 549 5786; x_wconf 88' lang='lat' dir='ltr'><strong>ct</strong></span> <span class='ocrx_word' id='word_1_547' title='bbox 573 5729 741 5802; x_wconf 81' lang='lat' dir='ltr'><strong>imaginibus</strong></span> <span class='ocrx_word' id='word_1_548' title='bbox 764 5735 924 5782; x_wconf 86' lang='lat' dir='ltr'><strong>sanctorum</strong></span> <span class='ocrx_word' id='word_1_549' title='bbox 947 5728 1118 5782; x_wconf 85' lang='lat' dir='ltr'><strong>adorationis</strong></span> <span class='ocrx_word' id='word_1_550' title='bbox 1141 5728 1309 5797; x_wconf 86' lang='lat' dir='ltr'><strong>obsequium</strong></span> <span class='ocrx_word' id='word_1_551' title='bbox 1332 5727 1519 5782; x_wconf 84' lang='lat' dir='ltr'><strong>deferendum</strong></span> <span class='ocrx_word' id='word_1_552' title='bbox 1535 5735 1638 5799; x_wconf 86' lang='lat' dir='ltr'><strong>putant</strong></span> <span class='ocrx_word' id='word_1_553' title='bbox 1654 5721 1742 5802; x_wconf 77' lang='lat' dir='ltr'><strong>(opp.</strong></span> <span class='ocrx_word' id='word_1_554' title='bbox 1760 5729 1803 5784; x_wconf 89' lang='lat' dir='ltr'><strong>ed.</strong></span> <span class='ocrx_word' id='word_1_555' title='bbox 1821 5727 1969 5796; x_wconf 58' lang='lat' dir='ltr'><strong>Boline-1,</strong></span> <span class='ocrx_word' id='word_1_556' title='bbox 1985 5723 2167 5798; x_wconf 80' lang='lat'><em>221—268)</em></span> 
     </span>
     <span class='ocr_line' id='line_1_49' title="bbox 517 5832 1987 5909; baseline -0.001 -17"><span class='ocrx_word' id='word_1_557' title='bbox 517 5835 673 5892; x_wconf 86' lang='lat' dir='ltr'><strong>orationem</strong></span> <span class='ocrx_word' id='word_1_558' title='bbox 697 5854 755 5892; x_wconf 85' lang='lat' dir='ltr'><strong>esse</strong></span> <span class='ocrx_word' id='word_1_559' title='bbox 777 5833 813 5890; x_wconf 82' lang='lat' dir='ltr'><strong>ab</strong></span> <span class='ocrx_word' id='word_1_560' title='bbox 836 5834 883 5890; x_wconf 86' lang='lat' dir='ltr'><strong>illo</strong></span> <span class='ocrx_word' id='word_1_561' title='bbox 905 5833 934 5889; x_wconf 82' lang='lat' dir='ltr'><strong>in</strong></span> <span class='ocrx_word' id='word_1_562' title='bbox 958 5833 1021 5908; x_wconf 86' lang='lat' dir='ltr'><strong>ipsa</strong></span> <span class='ocrx_word' id='word_1_563' title='bbox 1044 5833 1152 5906; x_wconf 77' lang='lat' dir='ltr'><strong>syuodo</strong></span> <span class='ocrx_word' id='word_1_564' title='bbox 1176 5832 1335 5889; x_wconf 85' lang='lat' dir='ltr'><strong>Parisiensi</strong></span> <span class='ocrx_word' id='word_1_565' title='bbox 1357 5832 1497 5902; x_wconf 62' lang='lat' dir='ltr'><strong>habituum</strong></span> <span class='ocrx_word' id='word_1_566' title='bbox 1520 5833 1552 5889; x_wconf 89' lang='lat' dir='ltr'><strong>id</strong></span> <span class='ocrx_word' id='word_1_567' title='bbox 1572 5835 1649 5908; x_wconf 86' lang='lat' dir='ltr'><strong>quod</strong></span> <span class='ocrx_word' id='word_1_568' title='bbox 1669 5833 1747 5890; x_wconf 81' lang='lat' dir='ltr'><strong>nolis</strong></span> <span class='ocrx_word' id='word_1_569' title='bbox 1770 5853 1826 5890; x_wconf 90' lang='lat' dir='ltr'><strong>non</strong></span> <span class='ocrx_word' id='word_1_570' title='bbox 1845 5833 1987 5909; x_wconf 83' lang='lat' dir='ltr'><strong>probarit.</strong></span> 
     </span>
    </p>
   </div>
   <div class='ocr_carea' id='block_1_4' title="bbox 0 0 2463 6708">
    <p class='ocr_par' dir='ltr' id='par_1_5' title="bbox 0 0 2463 6708">
     <span class='ocr_line' id='line_1_50' title="bbox 0 0 2463 6708; baseline 0 0"><span class='ocrx_word' id='word_1_571' title='bbox 0 0 2463 6708; x_wconf 95' lang='lat' dir='ltr'><strong> </strong></span> 
     </span>
    </p>
   </div>
  </div>
 </body>
</html>
