4884 6717
605 505 670 567 496
1075 507 1129 565 44.
1163 507 1383 566 cescum
1406 510 1633 566 PARISIENSE
1656 511 1694 565 A.
1715 509 1790 565 825.

604 725 698 762 ramus
720 725 789 762 sane
812 707 962 762 memorias
984 724 1081 762 eornm
1103 715 1247 777 tamquam
1271 715 1431 761 unctorum
1453 707 1596 762 hominnm
1619 706 1686 774 Dei,
1718 707 1767 778 qui
1796 725 1887 778 nsque
1911 708 1948 762 ad
1970 715 2089 764 mortem
2112 725 2254 779 corporum

604 832 718 870 suornm
740 832 793 886 pro
816 814 939 868 veritate
962 821 1120 880 certarunt,
1144 821 1177 867 nt
1198 813 1394 869 innotesceret
1416 832 1485 869 vera
1507 813 1619 885 religio,
1642 813 1721 868 falsis
1736 812 1869 884 fictisque
1884 815 2037 882 convictis,
2061 815 2138 886 quod
2161 816 2254 882 etiam,

603 922 626 976 si
649 922 698 993 qui
721 930 809 977 antea
831 921 1007 988 sentiebant,
1036 921 1164 975 timendo
1192 920 1397 990 reprimebant.
1445 918 1515 984 Quis
1545 927 1641 976 antem
1671 920 1779 974 audivit
1809 920 1962 991 aliquando
1984 920 2111 976 fidelium
2133 929 2254 976 stantem

602 1028 780 1084 sacerdotem
804 1027 841 1084 ad
863 1027 955 1083 altare
979 1027 1065 1082 etiam
1087 1045 1175 1098 snper
1196 1033 1326 1081 metum
1346 1043 1449 1098 eorpus
1464 1028 1595 1097 martyris
1611 1027 1649 1082 ad
1665 1028 1720 1082 Dei
1735 1027 1870 1081 honorem
1886 1025 2051 1098 cultumque
2067 1035 2253 1083 constructum

602 1135 697 1189 dicere
727 1135 756 1189 in
786 1135 936 1206 precibus:
973 1134 1071 1189 Offero
1100 1134 1152 1189 tibi
1174 1132 1352 1200 sacrificium,
1383 1133 1470 1189 Petre
1502 1134 1547 1188 vel
1578 1132 1668 1188 Paule
1698 1133 1745 1187 vel
1776 1133 1931 1205 Cypriane,
1962 1152 2025 1189 eum
2055 1136 2131 1206 apud
2163 1148 2281 1190 eorumi

601 1242 748 1296 memorias
770 1241 908 1298 offeratur
930 1243 1006 1310 Deo,
1035 1242 1084 1313 qni
1115 1259 1165 1296 eos
1195 1249 1225 1294 ct
1255 1241 1382 1295 homines
1413 1249 1444 1295 et
1473 1247 1612 1312 martyres
1642 1239 1713 1295 iecit
1744 1249 1775 1295 et
1797 1241 1902 1295 sanctis
1925 1242 1984 1294 suis
2007 1241 2115 1312 angelis
2138 1241 2253 1297 caelesti

600 1348 706 1404 honore
735 1349 863 1416 sociarit,
894 1357 927 1403 ut
957 1367 993 1404 ea
1021 1348 1193 1404 celebritate
1217 1359 1248 1402 et
1271 1348 1336 1401 Deo
1365 1365 1434 1404 vero
1464 1349 1500 1403 de
1532 1348 1642 1402 iilomm
1671 1348 1795 1403 victoriis
1824 1349 1930 1420 gratias
1953 1366 2069 1420 agamus
2093 1357 2123 1404 et
2146 1367 2198 1404 nos
2220 1349 2254 1403 ad

600 1455 785 1510 imitationem
809 1456 908 1510 talium
931 1472 1095 1510 eoronamm
1124 1463 1213 1527 atque
1244 1454 1403 1533 pulmarum⁴
1426 1455 1527 1509 eodem
1550 1455 1680 1509 invocato
1705 1455 1734 1508 in
1758 1454 1891 1509 auxilium
1915 1472 1949 1509 er
1972 1454 2082 1510 illorum
2105 1457 2253 1511 memoriae

598 1562 783 1618 renovatione
807 1562 1012 1619 adhortemur?
1047 1561 1250 1633 Quaecumque
1274 1562 1361 1632 igitar
1382 1561 1556 1617 adhibentur
1577 1561 1772 1633 religiosomm
1795 1562 1934 1632 obsequia
1956 1563 1985 1616 in
2008 1569 2160 1634 martyrum
2176 1562 2253 1627 locis,

599 1677 766 1724 ornamenta
789 1677 856 1724 sunt
879 1670 1085 1735 memoriarum,
1107 1686 1164 1724 non
1186 1686 1268 1722 sacra
1290 1667 1337 1722 rel
1360 1667 1497 1723 sacrificia
1520 1676 1691 1724 mortuorum
1715 1675 1858 1740 tamquam
1882 1669 2009 1723 deorum.
2271 1681 2293 1720 ιο

708 1783 848 1848 XLVII.
881 1784 1094 1848 Hieronimus
1116 1782 1159 1848 ad
1182 1783 1350 1869 Ripam’um
1379 1781 1625 1869 presbyterum:
1656 1788 1815 1862 Acceptis¹
1838 1793 1956 1863 primum
1980 1793 2084 1848 litteris
2115 1795 2173 1847 tuis
2201 1811 2253 1848 non

599 1901 774 1972 respondere
797 1901 950 1971 superbiae
973 1907 1029 1966 est,
1059 1900 1234 1970 respondere
1263 1900 1444 1954 temeritatis.
1490 1899 1537 1954 De
1560 1899 1604 1953 his
1628 1900 1703 1955 enim
1725 1900 1812 1955 rebus
1835 1901 2004 1972 interrogas,
2035 1918 2104 1971 quas
2136 1909 2167 1956 et
2190 1918 2253 1972 pro-

600 2007 676 2062 ferre
707 2015 737 2061 et
766 2007 866 2062 andus
895 2007 1074 2079 saerilegium
1107 2017 1162 2062 est.
1216 2007 1267 2061 Ais
1292 2005 1484 2078 Vigilantiam,
1520 2007 1568 2077 qui
1599 2001 1719 2064 ΚΑΤΑ
1744 2002 2032 2068 ΑΝΤΙΦΒΑΟΙΝ
2056 2008 2109 2062 hoe
2139 2015 2255 2062 vocatur

601 2114 723 2180 nomine,
748 2132 812 2168 nam
835 2114 1041 2169 Dormitantius
1064 2115 1170 2169 rectius
1192 2114 1348 2178 diceretur,
1371 2131 1403 2167 os
1425 2113 1565 2169 faetidum
1589 2132 1685 2168 rursus
1707 2115 1819 2184 aperire
1843 2121 1873 2169 et
1896 2121 2026 2185 putorem
2049 2115 2254 2185 spurcissimum

601 2231 701 2275 eontra
722 2229 882 2276 sanctorum
905 2227 1058 2292 martyrum
1081 2221 1209 2293 proferre
1234 2220 1369 2294 reliquias
1392 2227 1422 2275 et
1446 2238 1507 2287 nos,
1532 2221 1580 2291 qui
1605 2238 1653 2276 ess
1676 2221 1861 2293 suscepimus,
1886 2220 2032 2292 appellare
2049 2222 2202 2275 cinerarios
2225 2227 2294 2277 stu

601 2327 746 2394 idolatras,
777 2329 827 2399 qui
856 2335 1027 2382 mortuorum
1057 2327 1198 2384 hominum
1228 2345 1292 2382 ossa
1315 2345 1493 2382 veneramur.
1541 2327 1566 2382 Ο
1590 2327 1733 2383 infelicem
1764 2327 1905 2383 hominem
1929 2335 1959 2384 et
1982 2328 2056 2382 omni
2079 2328 2254 2382 lacrimarum

602 2433 681 2490 sonte
704 2434 908 2506 plangendum,
936 2435 985 2506 qni
1014 2434 1086 2490 haee
1115 2435 1214 2490 dicens
1244 2451 1300 2488 nou
1330 2452 1360 2489 se
1384 2433 1521 2506 intelligit
1545 2451 1607 2489 esse
1632 2433 1797 2490 Samaritam
1829 2441 1860 2489 et
1883 2433 2030 2501 Iudaeam,
2061 2435 2109 2505 qni
2139 2453 2256 2505 corpora

602 2547 771 2616 inoduorum
799 2560 850 2614 pro
873 2542 1014 2597 inmundis
1036 2542 1145 2598 habent
1169 2550 1198 2597 et
1222 2542 1309 2596 etiam
1332 2559 1409 2606 vass,
1434 2559 1508 2611 quae
1532 2542 1561 2596 in
1585 2542 1685 2596 eadem
1709 2542 1791 2596 domo
1814 2542 1931 2609 fuerint,
1956 2541 2042 2612 pollui
2067 2542 2254 2613 suspicantur,

423 2663 581 2712 sereniss,
601 2655 757 2719 sequenter
786 2648 966 2704 occidentem
996 2648 1122 2703 litteram
1153 2657 1183 2704 et
1213 2665 1269 2703 non
1300 2647 1429 2719 spiritum
1457 2646 1657 2702 vivificantem.
1711 2648 1770 2703 Nos
1801 2656 1896 2704 autem
1926 2665 1981 2702 nou
2010 2650 2073 2702 dieo
2102 2657 2255 2719 martyrum

601 2754 747 2826 reliquias,
778 2756 830 2809 sed
860 2773 896 2811 ne
926 2755 1015 2811 solem
1045 2756 1161 2827 quidem
1193 2763 1222 2809 et
1251 2755 1357 2820 lunam,
1388 2772 1444 2810 non
1474 2754 1601 2827 angelos,
1631 2773 1687 2809 non
1711 2755 1905 2827 archangelos,
1935 2773 1990 2809 nou
2014 2754 2173 2826 Seraphim,
2201 2772 2255 2809 non
2271 2771 2295 2808 so

601 2859 754 2917 Cherubim
777 2870 807 2916 et
822 2881 904 2918 omne
928 2881 1040 2930 nomen,
1065 2864 1140 2935 quod
1165 2864 1327 2917 nominatur
1350 2871 1380 2917 et
1404 2863 1433 2916 in
1456 2863 1601 2932 praesenti
1625 2861 1740 2917 saeculo
1764 2867 1794 2916 et
1817 2862 1845 2915 in
1868 2861 1975 2928 futuro,
1999 2861 2113 2916 colimus
2136 2870 2167 2916 et
2187 2864 2254 2916 ado·

601 2987 704 3036 mrnrrs,
728 2987 765 3024 ne
788 2970 944 3024 serviamus
967 2977 1116 3026 creaturae
1140 2970 1236 3040 potius
1260 2987 1343 3040 quarn
1366 2969 1499 3036 creatori,
1524 2970 1571 3040 qni
1597 2977 1641 3024 est
1664 2968 1834 3023 benedictus
1857 2969 1885 3021 in
1908 2968 2032 3022 saecula.
2079 2968 2255 3023 Houoramus

600 3084 697 3130 auteur
720 3075 854 3147 reliquias
878 3083 1041 3148 martyrum,
1065 3084 1097 3131 ut
1121 3095 1196 3144 eum,
1219 3077 1300 3130 cuius
1323 3082 1390 3130 sunt
1412 3082 1562 3146 martyres,
1590 3077 1756 3140 adoremus3
1786 3075 1953 3129 honoramus
1976 3093 2082 3141 servos,
2112 3085 2144 3130 nt
2168 3076 2256 3130 honor

423 3197 584 3248 nascerere.
601 3201 745 3238 servorum
768 3185 913 3238 redundet
936 3185 971 3238 ad
996 3184 1156 3252 Dominum,
1180 3184 1243 3255 quit
1266 3184 1322 3238 ait:
1349 3181 1408 3246 Qui
1429 3201 1478 3239 vos
1499 3180 1616 3256 nenpit
1637 3201 1680 3237 me
1699 3181 1825 3256 nncqrit.

709 3297 867 3362 XLVIII.
903 3298 985 3363 Item
1008 3299 1078 3384 ipse
1103 3297 1259 3363 adversus
1280 3297 1510 3384 Vigilantium:
1542 3304 1635 3371 Quint
1665 3308 1749 3375 enim,
1780 3326 1796 3362 o
1819 3307 1946 3361 insanum
1977 3314 2073 3377 caput,
2103 3307 2255 3379 aliquando
2272 3319 2296 3357 ro

601 3422 740 3487 martyres
764 3415 913 3470 adoravit?
960 3413 1030 3478 Quis
1060 3414 1199 3471 hominem
1230 3415 1341 3486 putavit
1364 3415 1481 3469 Deum?
1527 3415 1628 3469 Nonne
1653 3414 1758 3469 Paulus
1789 3420 1819 3469 et
1843 3413 1999 3481 Barnabas,
2028 3432 2090 3468 cum
2114 3432 2131 3468 a
2154 3415 2254 3469 Licao-

451 3526 582 3619 etfftss.
602 3522 684 3576 uibus
707 3520 837 3593 Iuppiter
861 3529 892 3576 et
908 3521 1064 3576 Mercurius
1087 3527 1258 3593 putarentur
1281 3531 1311 3577 et
1336 3522 1376 3577 eis
1400 3521 1510 3576 veilent
1532 3521 1638 3576 hostias
1662 3520 1816 3587 immolare,
1841 3520 1987 3575 sciderunt
2011 3521 2182 3575 vestimenta
2205 3540 2256 3575 sua

509 3591 558 3629 m
602 3637 633 3682 et
656 3647 687 3682 se
710 3628 838 3684 homines
862 3645 924 3682 esse
955 3628 1098 3695 dixerunt,
1129 3646 1184 3684 non
1214 3645 1270 3699 quo
1293 3628 1423 3683 meliores
1447 3647 1503 3682 non
1528 3636 1626 3683 essent
1655 3628 1719 3683 oiim
1750 3629 1867 3682 mortuis
1891 3626 2047 3682 hominibus
2074 3627 2142 3682 love
2167 3636 2254 3700 atque

602 3735 751 3803 Mercurio,
784 3735 835 3790 sed
866 3753 922 3807 quo
945 3735 998 3789 sub
1020 3735 1189 3807 gentilitatis
1214 3753 1308 3790 errore
1331 3735 1420 3790 honor
1444 3736 1484 3790 eis
1508 3735 1571 3789 Deo
1595 3735 1710 3790 debitus
1736 3735 1907 3801 deferretur,
1940 3736 2016 3805 quod
2047 3741 2076 3789 et
2107 3735 2143 3789 de
2168 3735 2255 3791 Petro

464 3855 493 3896 rs.
507 3855 580 3906 rom,
600 3841 730 3914 legimus,
762 3843 810 3915 qui
840 3841 1001 3898 Cornelium
1031 3861 1062 3896 se
1092 3843 1209 3898 adorare
1241 3842 1404 3914 cupientem
1434 3860 1519 3897 manu
1548 3842 1709 3897 sublevavit
1740 3847 1770 3895 et
1800 3842 1887 3895 dixit:
1925 3839 2033 3916 διῆρες
2063 3860 2128 3896 nem
2157 3849 2183 3896 et
2207 3860 2256 3917 eqo
2272 3858 2296 3896 so

601 3948 681 4006 bomo
702 3969 774 4008 nim.

708 4064 881 4129 XLVIIII.
916 4065 1118 4152 Augustinus
1149 4066 1182 4128 in
1214 4063 1323 4129 libello
1354 4063 1394 4129 de
1427 4063 1586 4129 solutione
1617 4064 1843 4151 quaestionum
1868 4064 1975 4149 eapite
2000 4062 2077 4126 III:
2109 4069 2256 4128 Proinde-³

600 4181 673 4236 sicut
697 4181 782 4252 impia
803 4181 938 4253 superbia
960 4181 1020 4236 sive
1044 4181 1184 4236 hominum
1207 4182 1267 4236 sive
1292 4183 1459 4236 daemonum
1482 4181 1536 4236 sibi
1559 4180 1609 4236 hos
1633 4181 1742 4235 divinos
1765 4181 1886 4236 honores
1907 4180 2033 4235 exhiberi
2049 4179 2096 4234 vel
2111 4180 2191 4235 iubet
2210 4181 2254 4235 vel

600 4288 689 4360 (rupit,
721 4288 762 4342 ita
785 4288 832 4360 pia
854 4287 996 4343 humilitas
1019 4289 1065 4342 vei
1089 4288 1230 4344 hominum
1255 4289 1300 4344 vel
1324 4289 1489 4361 angelornm
1512 4296 1672 4343 sanctorum
1698 4287 1770 4342 haec
1793 4287 1847 4342 sibi
1870 4286 1968 4342 oblata
1990 4286 2130 4341 recusavit
2155 4295 2185 4341 et
2210 4288 2255 4341 cui

599 4396 776 4452 deberentur
797 4396 932 4450 ostendii.
2273 4405 2297 4443 at

706 4510 743 4575 L.
782 4511 819 4574 ln
835 4509 918 4574 libro
936 4510 1079 4575 XVIIII.
1096 4510 1136 4576 de
1154 4510 1285 4575 ciuitate
1302 4511 1367 4576 Dei
1387 4510 1468 4577 dicit
1482 4510 1703 4597 Augustinus:
1728 4517 1808 4574 Sed⁴
1823 4519 1904 4574 Deus
1920 4519 1978 4584 ille,
2004 4535 2089 4588 quem
2104 4517 2255 4573 coluerunt

599 4628 745 4700 sapientes
769 4627 977 4695 Hebraeorum,
1002 4628 1086 4683 etium
1110 4627 1282 4683 caelestibus
1306 4629 1411 4683 sanetis
1434 4628 1544 4701 angelis
1569 4635 1599 4682 et
1622 4626 1774 4681 vimutibus
1797 4626 1863 4694 Dei,
1889 4643 1959 4696 quos
1983 4625 2158 4680 beatissimos
2182 4634 2253 4681 tarn·

600 4753 683 4807 quam
707 4735 784 4790 cives
807 4735 836 4790 iu
859 4735 911 4790 hae
935 4743 1031 4790 nostra
1053 4734 1283 4807 peregrinatione
1307 4736 1417 4790 mortali
1441 4753 1611 4790 veneramur
1634 4741 1664 4790 et
1688 4752 1823 4801 amamus,
1853 4731 2004 4788 sacrificari
2031 4739 2111 4787 vetat
2134 4739 2165 4787 et
2189 4734 2254 4800 coli,

423 4853 580 4906 uaesanae.
600 4842 730 4898 intonans
754 4842 781 4897 in
806 4842 871 4914 lege
896 4861 961 4898 sua:
988 4839 1166 4920 Saen‘ficens
1189 4840 1243 4898 diis
1266 4840 1466 4899 endicabitnr.

706 5087 816 5138 XLVII.
848 5089 877 5138 li
899 5083 1041 5155 Acceptis]
1064 5089 1140 5138 llicr.
1160 5087 1188 5138 in
1206 5105 1285 5152 uturp.
1305 5087 1336 5138 Ρ.
1407 5089 1439 5138 12
1458 5082 1535 5153 quas]
1554 5102 1625 5152 quae
1644 5086 1676 5136 P.
1741 5087 1773 5135 18
1793 5078 1900 5148 fuerint]
1920 5084 2022 5134 ruerint
2042 5082 2073 5133 P.
2127 5085 2162 5134 23
2181 5079 2253 5148 eum]
2271 5093 2297 5132 so

600 5177 658 5227 eins
677 5175 707 5226 Ρ.

705 5265 835 5316 ΧΙΝῙΙΙ,
865 5261 1140 5330 theutemosis
1158 5283 1237 5330 merq.
1257 5264 1287 5316 Ρ.
1361 5267 1395 5316 26
1415 5283 1431 5315 a
1448 5266 1515 5317 deest
1533 5266 1564 5316 P.

706 5355 848 5406 xtvlnl.
878 5359 911 5407 ³2
931 5351 1059 5420 Proinde]
1079 5355 1149 5420 Aug,
1169 5354 1196 5404 in
1215 5372 1293 5420 scorp.
1314 5354 1344 5405 Ρ.

707 5445 736 5498 L.
766 5445 800 5494 36
819 5441 882 5508 sed]
902 5445 972 5510 Aug.
990 5445 1017 5495 in
1036 5461 1115 5510 merp.
1136 5441 1166 5494 P.

712 5653 740 5736 II
768 5659 963 5734 Hieronymus,
989 5661 1120 5738 &pedale
1144 5663 1203 5722 109
1226 5663 1268 5719 ed
1288 5661 1458 5738 Reperiam
1490 5660 1564 5738 Opp.
1589 5661 1698 5731 I,719.
1807 5654 1838 5738 2)
1862 5659 2061 5734 Hieronymus,
2092 5659 2178 5716 Liber
2200 5661 2254 5717 ad·
2270 5677 2296 5716 ss

602 5785 698 5824 oanis
719 5765 898 5842 Vipitentium
922 5761 996 5842 §lh
1028 5769 1102 5845 opp.
1126 5768 1167 5840 ΙΙ,
1183 5772 1250 5830 391.
1365 5759 1396 5845 3)
1421 5768 1486 5826 Non
1510 5767 1613 5826 inveni.
1730 5765 1761 5836 4)
1786 5766 1965 5843 depretiaris,
1997 5766 2043 5823 Dc
2064 5765 2174 5824 studete
2195 5766 2256 5823 Dei

604 5871 682 5929 XIX
701 5877 780 5932 e23
802 5867 876 5950 §e
907 5875 981 5952 Opp.
1006 5875 1152 5945 vrttes.

1710 6671 1757 6702 a
1968 6451 2374 6703 A
