4884 6717
540 519 605 584 838
1008 526 1060 585 50.
1096 526 1316 585 CONCILIUM
1338 525 1566 584 PARISIENSE
1590 528 1627 583 Α.
1649 525 1724 583 829.

538 737 708 796 memores,
739 716 837 779 immo
869 716 1024 779 canonice
1055 715 1241 779 auctoritati
1271 713 1475 796 resultantes,
1506 716 1540 778 in
1570 725 1692 779 tantam
1723 713 1894 778 audaciam
1924 714 2120 800 prorupisse,
2155 723 2192 777 ut

539 843 702 886 sacrarum
726 822 890 907 virginum
915 832 1159 886 consecratores
1183 822 1378 902 existerent3
1403 831 1435 886 et
1459 819 1520 885 hoo
1543 820 1587 884 ad
1609 813 1848 906 neglegentiam
1872 821 2098 906 episcoporum
2118 841 2189 906 pcr-

537 928 641 992 tinere
665 926 800 992 dubium
822 949 887 992 non
912 938 970 992 est.
1007 927 1104 1009 Quod
1128 929 1205 1014 quia
1229 929 1387 992 canonice
1410 928 1616 992 auctoritatil
1639 927 1771 991 minime
1788 925 1974 1008 concordat,
1997 948 2038 990 ne
2056 925 2190 991 ulterius

538 1035 709 1121 quisquam
733 1033 1009 1120 praesbiterorum
1033 1033 1067 1097 id
1090 1034 1200 1098 facere
1224 1044 1420 1120 praesumat,
1445 1053 1577 1120 prorsus
1600 1031 1794 1098 inhibemus.
1837 1032 1962 1114 Quodsi
1984 1033 2077 1112 forte,
2101 1032 2189 1119 quod

537 1164 602 1205 non
626 1151 785 1227 optamus,
809 1140 926 1228 aliquis
950 1139 1225 1228 praesbiterorum
1249 1140 1283 1204 id
1305 1140 1415 1206 facere
1439 1141 1702 1228 praesumpserit,
1727 1149 1839 1227 utpote
1859 1140 2035 1204 canonicae
2051 1141 2221 1207 auctori-s

538 1248 612 1311 tatis
635 1258 856 1348 transgressor
879 1246 1166 1312 inretractabiliter
1188 1247 1333 1312 feriatur.

645 1370 748 1458 Cap.
784 1371 890 1438 XLII.
937 1372 1002 1436 De
1040 1371 1259 1454 feminis,
1302 1394 1418 1459 quae
1464 1374 1567 1436 sine
1607 1391 1846 1436 consensu
1884 1370 2187 1435 sacerdotum

536 1477 1132 1586 relumsibigindiscret}
1167 1480 1413 1565 inponunt.
1467 1478 1690 1561 Invenimusff,
1726 1478 1814 1565 quud
1845 1477 2006 1564 quaedam
2036 1477 2187 1558 feminae,

536 1579 775 1666 maxime‘h'ae,
791 1573 885 1671 ¹isuae
908 1579 1004 1648 ralde
1029 1586 1127 1648 sensu
1150 1595 1265 1650 tenues
1288 1595 1372 1666 suut,
1397 1585 1467 1649 sine
1492 1607 1653 1649 consensu
1667 1571 1880 1650 ”sacerddtum
1904 1575 2028 1648 idcirco
2045 1582 2187 1648 sibimet·
2226 1575 2233 1584 ’

536 1692 617 1777 ipsis
640 1691 750 1756 velum
773 1691 941 1778 inponant,
972 1701 1007 1755 ut
1038 1690 1098 1755 sub
1129 1702 1302 1777 praetextu
1331 1691 1427 1757 huius
1457 1690 1628 1756 velaminis
1659 1690 1871 1756 ecclesiarum
1901 1689 2128 1755 excubatrices
2155 1704 2188 1754 et
2207 1719 2233 1758 ιο

536 1797 827 1863 administratrices
857 1798 928 1862 fieri
952 1799 1086 1884 possint.
1132 1798 1225 1862 Haec
1249 1799 1349 1884 igitur
1370 1799 1503 1863 incauta
1525 1797 1645 1863 velatio
1669 1799 1890 1884 unusquisque
1919 1797 2091 1884 episcopus
2114 1819 2186 1883 pro·

536 1904 648 1968 videat
678 1926 718 1968 ne
748 1906 782 1968 in
814 1904 1009 1991 parroechia
1037 1927 1096 1969 sua
1124 1904 1190 1969 fiat.
1237 1905 1281 1969 Et
1304 1907 1381 1991 quia
1404 1907 1437 1969 in
1460 1904 1623 1991 plerisque
1646 1904 1726 1969 locis
1748 1902 1972 1968 huiuscemodi
1995 1902 2119 1968 velatas
2142 1902 2187 1968 la-

537 2033 657 2098 queum
687 2010 912 2076 sacerdotibus
943 2012 1090 2076 extitisse
1122 2013 1344 2096 cognorimus,
1377 2010 1597 2098 prohibemus,
1627 2032 1669 2075 ne
1700 2011 1871 2097 quisquam
1902 2008 2187 2096 praesbyterorum

536 2117 761 2183 huiuscemodi
789 2140 947 2204 personas
977 2119 1012 2181 in
1041 2116 1187 2182 basilicis
1218 2115 1280 2181 sibi
1312 2119 1492 2182 commissis
1523 2140 1582 2203 pro
1613 2116 1797 2182 huiusmodi
1828 2115 1984 2203 obsequio
2016 2116 2186 2181 admittere

535 2235 732 2310 praesumat.
780 2222 869 2288 Talis
899 2246 978 2289 rero
1008 2222 1139 2304 velatio,
1170 2246 1211 2288 nc
1242 2223 1376 2288 ulterius
1406 2223 1581 2289 indiscrete
1612 2224 1677 2305 fiat,
1708 2222 1910 2306 inhibeatur,
1941 2233 1973 2287 et
2002 2222 2186 2287 huiusmodi
2208 2251 2232 2290 rs

535 2330 745 2395 mulierculae
770 2332 997 2396 examinentur
1021 2342 1053 2395 et
1076 2332 1286 2412 instruantur,
1318 2329 1468 2418 qualiter,
1499 2332 1526 2394 si
1557 2341 1689 2417 propter
1712 2330 1821 2394 Deum
1851 2352 1887 2394 se
1917 2330 2041 2394 sacrari
2064 2327 2186 2410 volunt,

535 2437 674 2502 velanda
698 2439 763 2502 sint
787 2438 990 2525 qualiterque
1015 2437 1153 2502 eandem
1176 2436 1372 2502 relationem
1397 2435 1458 2501 sub
1482 2438 1639 2502 castitatis
1663 2447 1695 2501 et
1718 2435 1906 2501 humilitatis
1929 2436 2094 2523 proposito
2111 2458 2186 2501 cou-

535 2556 676 2626 serveut,
701 2544 873 2630 diligenter
896 2544 1140 2609 admoneantur.

642 2668 746 2755 Cap.
777 2668 900 2733 XLIII.
947 2668 1004 2734 Ut
1039 2667 1324 2734 abbatissae
1360 2679 1404 2732 et
1438 2679 1602 2732 cetere
1638 2667 2023 2732 sanctaemoniales
2053 2689 2186 2753 neque

534 2775 709 2840 viduas
739 2798 891 2862 neque
922 2774 1113 2862 puellas
1143 2775 1366 2860 virgines
1397 2774 1563 2839 velare
1594 2784 1894 2860 praesumant.
1932 2774 2043 2838 Inter³
2066 2784 2232 2854 ceteram

535 2905 619 2970 quae
650 2892 762 2947 contra
792 2882 982 2968 religionem
1007 2880 1226 2947 Christianam
1259 2882 1293 2945 in
1324 2881 1465 2946 ecclesia
1489 2879 1610 2945 Christi
1640 2881 1712 2944 fieri
1735 2883 1957 2967 cognovimus,
1988 2904 2053 2945 non
2080 2882 2186 2946 minus

535 2989 761 3054 emendatione
785 2998 818 3053 et
841 3011 985 3075 cougma
1009 2990 1211 3054 correctione
1236 2988 1370 3074 dignum
1401 2989 1596 3068 invenimus,
1628 2987 1716 3074 quod
1747 2987 1907 3074 quaedam
1938 2986 2123 3052 abbatissae
2154 3001 2187 3052 et

535 3107 664 3161 ceterae
688 3095 979 3161 sanctaemoniales
1003 3119 1068 3160 non
1092 3096 1195 3161 solum
1218 3094 1346 3176 viduas,
1371 3094 1544 3159 sedetiam
1561 3095 1706 3180 virgines
1722 3093 1847 3181 puellas
1862 3094 1972 3159 velare
1989 3093 2083 3158 solite
2107 3095 2184 3174 siut3

535 3202 623 3289 quod
653 3213 808 3289 quantum
839 3204 933 3267 sexui
962 3202 1103 3267 femineo
1132 3202 1293 3267 inlicitum
1323 3212 1355 3266 et
1379 3224 1398 3266 a
1422 3201 1579 3287 religione
1604 3200 1789 3266 Christiana
1819 3202 1860 3264 sit
1890 3199 2040 3282 alienum,
2071 3202 2185 3282 omnis,

535 3310 591 3396 qui
614 3332 729 3373 sanum
752 3311 847 3395 sapit,
871 3308 968 3374 facile
992 3308 1142 3373 advertit.
1177 3309 1267 3373 Pena
1284 3309 1384 3394 igitur
1398 3308 1432 3372 in
1456 3306 1604 3372 omnibus
1628 3308 1831 3372 monasteriis
1855 3305 2054 3393 puellaribus
2077 3306 2186 3372 huius·
2204 3334 2232 3374 rs

535 3415 664 3480 oemodi
679 3415 804 3480 velatas
820 3417 978 3480 iuvenies.
1013 3415 1142 3480 Idcirco
1165 3416 1285 3480 etenim
1309 3413 1494 3479 huiusmodi
1516 3413 1578 3478 hoc
1602 3414 1698 3478 modo
1721 3415 1830 3500 potius
1854 3435 1950 3500 quam
1974 3434 1994 3477 a
2017 3412 2185 3478 sacerdote

534 3521 637 3586 velari
660 3522 782 3604 volunt,
807 3523 893 3609 quia,
919 3521 996 3587 dum
1020 3521 1169 3587 clanculo
1193 3545 1229 3587 se
1254 3532 1474 3608 corrumpunt,
1499 3519 1580 3584 nihil
1604 3519 1667 3585 sibi
1690 3519 1805 3585 obesse
1829 3520 1872 3585 ad
1894 3520 2098 3606 peccandum
2122 3519 2185 3584 tale

534 3626 752 3694 velamentum
775 3639 900 3715 putant.
938 3629 989 3694 Ita
1013 3651 1090 3715 ergo
1114 3628 1201 3693 idem
1226 3628 1385 3694 inlicitum
1408 3638 1441 3691 et
1463 3628 1671 3692 temerarium
1695 3628 1815 3692 factum
1838 3624 1978 3691 habetur
1999 3627 2033 3691 in
2056 3649 2127 3706 usu,
2151 3639 2187 3690 ut

534 3736 592 3799 vix
615 3745 672 3800 aut
695 3735 814 3800 viduae
838 3734 940 3800 velari
965 3758 985 3800 a
1008 3734 1229 3823 praesbyteris
1252 3745 1309 3800 aut
1331 3733 1458 3821 puellae
1482 3735 1626 3821 virgines
1651 3734 1836 3799 consecrari
1860 3744 2016 3819 expetant
2038 3755 2059 3798 a
2081 3733 2185 3819 ponti·

534 3840 662 3906 ficibus.
697 3841 785 3906 Nulli
809 3843 930 3929 quippe
954 3841 1089 3907 dubium
1113 3852 1171 3920 est,
1196 3843 1275 3929 quin
1298 3840 1359 3906 hoc
1383 3841 1504 3905 factum
1528 3863 1571 3905 ex
1593 3851 1660 3906 toto
1685 3862 1705 3904 a
1728 3839 1841 3905 diviua
1859 3839 2033 3905 abhorreat
2048 3841 2186 3905 auctori·
2205 3867 2232 3907 so

536 3958 603 4013 tate
627 3958 660 4013 et
682 3948 725 4013 ad
747 3948 988 4035 neglegentiam
1019 3947 1220 4036 quorundam
1251 3949 1413 4035 pertineat
1443 3947 1659 4012 sacerdotum.
1705 3947 1830 4012 Verum
1857 3970 1898 4012 ne
1931 3946 2087 4033 deinceps
2114 3945 2186 4011 fieri

536 4066 772 4141 praesumatur,
804 4077 916 4120 omnes
940 4056 973 4119 in
997 4078 1167 4120 commune
1191 4054 1404 4120 inhibendum
1434 4053 1649 4119 decrevimus.
1695 4054 1741 4119 At
1764 4055 1813 4118 si⁴
1836 4055 1918 4118 forte
1942 4066 1999 4118 aut
2021 4051 2187 4118 abbatissa

537 4171 592 4225 aut
614 4161 679 4227 alia
703 4160 870 4248 quaelibet
893 4161 1148 4226 sanctimonialis
1171 4171 1245 4248 post
1268 4160 1352 4225 hanc
1377 4160 1598 4225 definitionem
1613 4161 1648 4224 in
1664 4171 1788 4225 tantam
1803 4160 1976 4225 audaciam
1991 4161 2185 4247 proruperit,

536 4278 572 4333 ut
594 4279 651 4333 aut
673 4267 806 4333 viduam
830 4279 886 4333 aut
907 4268 1050 4356 puellam
1072 4269 1234 4354 virginem
1258 4266 1369 4332 velare
1393 4278 1590 4353 praesumat,
1623 4289 1768 4353 congrua
1790 4265 1832 4332 ab
1857 4268 2011 4354 episcopo
2034 4289 2092 4331 suo
2116 4289 2185 4332 cor·

536 4375 680 4440 rectione
704 4374 917 4440 coherceatur
940 4386 972 4440 et
995 4376 1215 4461 paenitentiae
1240 4374 1417 4439 canonicae
1441 4396 1543 4460 usque
1567 4373 1610 4438 ad
1633 4374 1889 4439 satisfactionem
1914 4373 2080 4439 subdatur.
2205 4400 2232 4440 ss

643 4498 747 4587 Cap.
778 4499 919 4564 XLIIII.
957 4499 1022 4564 De
1052 4498 1304 4564 nobilibus
1334 4498 1552 4580 feminis,
1589 4520 1706 4586 quac
1737 4499 1931 4562 amissis
1961 4500 2084 4562 viris
2108 4520 2186 4562 ve·

536 4606 698 4671 lantur
732 4608 854 4671 etin
888 4606 1105 4693 propriis
1141 4603 1358 4671 domibus
1393 4603 1617 4670 residere
1653 4604 1977 4670 delectantur.
2030 4603 2187 4670 Nobiles⁵

535 4712 687 4794 feminae,
712 4736 796 4800 quae
820 4714 947 4777 amissis
967 4713 1047 4777 riris
1070 4712 1221 4777 velantur
1237 4723 1269 4776 et
1284 4734 1350 4776 uon
1366 4713 1400 4776 in
1416 4713 1620 4776 monasteriis
1637 4710 1697 4776 sub
1714 4712 1868 4798 spiritalis
1883 4713 1996 4777 matris
2016 4712 2185 4797 regimine,

537 4819 596 4884 sed
618 4822 725 4907 potius
749 4820 783 4884 in
806 4817 955 4884 domibus
979 4820 1129 4905 propriis,
1161 4820 1333 4883 occasione
1363 4816 1539 4883 liberorum
1570 4840 1743 4905 rerumque
1767 4841 1908 4900 suarum,
1940 4817 2083 4883 residere
2108 4817 2186 4883 deli·

641 5073 712 5124 xm.
742 5074 903 5124 hobtamus
923 5071 954 5124 P.
2204 5085 2232 5124 to

642 5162 728 5212 XLII.
756 5157 882 5224 9sensu]
902 5178 986 5212 ceusu
1006 5161 1032 5211 l'.
1053 5156 1084 5212 P.
1160 5157 1255 5224 lane]
1277 5175 1327 5211 nec
1347 5161 1375 5210 1⁷.
1450 5161 1481 5211 l‘l
1502 5167 1665 5212 conservant
1684 5161 1712 5211 Γ.
1731 5161 1761 5211 Ρ.

642 5251 748 5301 XLIII.
777 5253 810 5302 23
824 5249 1045 5301 sanctimoniales
1063 5251 1090 5300 Γ.
1146 5252 1272 5301 28usum
1292 5250 1319 5299 V.
1375 5251 1409 5301 29
1429 5257 1591 5316 expetantur
1606 5249 1678 5301 1:1³.
1734 5252 1768 5301 30
1781 5244 1936 5312 abhorreat]
1952 5250 2099 5302 obhorreat
2114 5251 2141 5301 1⁷.
2156 5249 2187 5302 P.

642 5340 762 5390 XLIIII.
791 5340 824 5390 3'l
845 5339 970 5390 resedere
991 5333 1022 5390 P.

645 5549 675 5634 1)
701 5554 750 5628 Cs.
775 5555 874 5614 concil.
900 5554 1135 5634 Carthaginiense
1158 5555 1212 5612 III
1230 5575 1254 5613 c.
1271 5557 1312 5615 36
1318 5578 1328 5620 ,·
1353 5555 1453 5613 Mauri
1475 5555 1532 5625 ΙΙΙ,
1548 5560 1622 5617 885.
1647 5587 1690 5597 -
1715 5558 1748 5614 V.
1773 5556 1855 5614 etiam
1878 5555 2023 5614 canalium
2046 5555 2189 5632 Papieure

535 5666 599 5723 850
622 5683 646 5720 c.
664 5667 693 5734 7,
731 5663 909 5721 Tridurieuse
930 5667 993 5724 895
1017 5681 1042 5720 c.
1059 5667 1119 5732 24,·
1152 5660 1227 5721 ΜΘ.
1253 5659 1346 5738 Capit.
1371 5661 1412 5732 ΙΙ,
1429 5665 1498 5723 118.
1514 5666 1578 5723 226
1589 5684 1631 5740 sq.
1742 5656 1772 5740 2)
1798 5660 1847 5735 Cf.
1871 5661 1972 5720 relatio
1995 5662 2188 5738 episcoporum
2205 5679 2234 5720 as

537 5790 561 5826 c.
578 5774 635 5839 aa·
659 5772 678 5827 l.
695 5772 714 5827 l.
739 5770 780 5838 II,
797 5774 848 5831 42.
941 5762 971 5848 3)
997 5768 1045 5841 Cf.
1071 5769 1136 5826 ibid.
1161 5789 1185 5825 c.
1203 5773 1261 5838 50,-
1285 5770 1304 5824 Ι.
1321 5771 1339 5826 l.
1365 5768 1406 5839 II,
1422 5772 1474 5830 42.
1566 5761 1597 5848 4)
1623 5767 1672 5841 Cf.
1697 5772 1756 5829 c.3
1782 5767 1813 5828 C.
1829 5772 1872 5829 20
1894 5788 1941 5845 qu·
1957 5771 1988 5828 2.
2081 5759 2112 5848 b)
2137 5767 2187 5840 Cf.

536 5876 636 5934 relatio
659 5877 851 5953 episcoporum
875 5897 899 5934 c.
917 5880 974 5946 51;
997 5878 1016 5932 l.
1033 5878 1052 5932 l.
1077 5875 1185 5945 [1,42.
