<?xml version="1.0" encoding="UTF-8"?>
<!DOCTYPE html PUBLIC "-//W3C//DTD XHTML 1.0 Transitional//EN"
    "http://www.w3.org/TR/xhtml1/DTD/xhtml1-transitional.dtd">
<html xmlns="http://www.w3.org/1999/xhtml" xml:lang="en" lang="en">
 <head>
  <title>
</title>
<meta http-equiv="Content-Type" content="text/html;charset=utf-8" />
  <meta name='ocr-system' content='tesseract 3.04.00' />
  <meta name='ocr-capabilities' content='ocr_page ocr_carea ocr_par ocr_line ocrx_word'/>
</head>
<body>
  <div class='ocr_page' id='page_1' title='image "./monumentagerman02gescgoog/monumentagerman02gescgoog_0344.png"; bbox 0 0 4884 6717; ppageno 0'>
   <div class='ocr_carea' id='block_1_1' title="bbox 528 531 1763 597">
    <p class='ocr_par' dir='ltr' id='par_1_1' title="bbox 528 531 1763 597">
     <span class='ocr_line' id='line_1_1' title="bbox 528 531 1763 597; baseline -0.003 -5"><span class='ocrx_word' id='word_1_1' title='bbox 528 531 590 594; x_wconf 77' lang='grc'>756</span> <span class='ocrx_word' id='word_1_2' title='bbox 946 536 999 591; x_wconf 80' lang='grc'>56.</span> <span class='ocrx_word' id='word_1_3' title='bbox 1035 532 1254 590; x_wconf 83' lang='lat' dir='ltr'>CONCILIUM</span> <span class='ocrx_word' id='word_1_4' title='bbox 1277 531 1606 597; x_wconf 82' lang='lat' dir='ltr'>AQUISGRANENSE</span> <span class='ocrx_word' id='word_1_5' title='bbox 1630 534 1667 588; x_wconf 86' lang='grc' dir='ltr'>Α.</span> <span class='ocrx_word' id='word_1_6' title='bbox 1689 532 1763 588; x_wconf 84' lang='grc'>836.</span> 
     </span>
    </p>
   </div>
   <div class='ocr_carea' id='block_1_2' title="bbox 634 719 2182 809">
    <p class='ocr_par' dir='ltr' id='par_1_2' title="bbox 634 719 2182 809">
     <span class='ocr_line' id='line_1_2' title="bbox 634 719 2182 809; baseline -0.001 -22"><span class='ocrx_word' id='word_1_7' title='bbox 634 724 717 809; x_wconf 79' lang='lat'>(63).</span> <span class='ocrx_word' id='word_1_8' title='bbox 742 723 852 786; x_wconf 91' lang='lat' dir='ltr'>XXV.</span> <span class='ocrx_word' id='word_1_9' title='bbox 889 721 1039 802; x_wconf 79' lang='lat' dir='ltr'>Qualiter</span> <span class='ocrx_word' id='word_1_10' title='bbox 1067 743 1208 806; x_wconf 89' lang='lat' dir='ltr'>namque</span> <span class='ocrx_word' id='word_1_11' title='bbox 1239 719 1337 784; x_wconf 87' lang='lat' dir='ltr'>Iudas</span> <span class='ocrx_word' id='word_1_12' title='bbox 1367 719 1569 784; x_wconf 87' lang='lat' dir='ltr'>Machabeus</span> <span class='ocrx_word' id='word_1_13' title='bbox 1599 719 1686 783; x_wconf 91' lang='lat' dir='ltr'>idem</span> <span class='ocrx_word' id='word_1_14' title='bbox 1717 719 1872 806; x_wconf 89' lang='lat' dir='ltr'>templum</span> <span class='ocrx_word' id='word_1_15' title='bbox 1903 721 2126 806; x_wconf 87' lang='lat' dir='ltr'>purificaverit</span> <span class='ocrx_word' id='word_1_16' title='bbox 2149 733 2182 785; x_wconf 89' lang='lat' dir='ltr'>ct</span> 
     </span>
    </p>
   </div>
   <div class='ocr_carea' id='block_1_3' title="bbox 372 825 1559 934">
    <p class='ocr_par' dir='ltr' id='par_1_3' title="bbox 372 825 1559 934">
     <span class='ocr_line' id='line_1_3' title="bbox 372 825 1559 934; baseline -0.002 -42"><span class='ocrx_word' id='word_1_17' title='bbox 372 831 507 934; x_wconf 53' lang='lat' dir='ltr'>‘gfffib</span> <span class='ocrx_word' id='word_1_18' title='bbox 528 830 682 895; x_wconf 80' lang='lat' dir='ltr'>ditaverit</span> <span class='ocrx_word' id='word_1_19' title='bbox 705 830 844 915; x_wconf 86' lang='lat' dir='ltr'>Deoque</span> <span class='ocrx_word' id='word_1_20' title='bbox 868 829 1119 908; x_wconf 88' lang='lat' dir='ltr'>consecraverit,</span> <span class='ocrx_word' id='word_1_21' title='bbox 1144 825 1247 889; x_wconf 88' lang='lat' dir='ltr'>habes</span> <span class='ocrx_word' id='word_1_22' title='bbox 1270 827 1304 889; x_wconf 93' lang='lat' dir='ltr'>in</span> <span class='ocrx_word' id='word_1_23' title='bbox 1328 826 1443 889; x_wconf 86' lang='lat' dir='ltr'>eodem</span> <span class='ocrx_word' id='word_1_24' title='bbox 1467 826 1559 890; x_wconf 87' lang='lat' dir='ltr'>libro.</span> 
     </span>
    </p>
   </div>
   <div class='ocr_carea' id='block_1_4' title="bbox 346 950 2227 2422">
    <p class='ocr_par' dir='ltr' id='par_1_4' title="bbox 346 950 2227 2422">
     <span class='ocr_line' id='line_1_4' title="bbox 634 950 2181 1042; baseline -0.002 -24"><span class='ocrx_word' id='word_1_25' title='bbox 634 954 717 1042; x_wconf 77' lang='lat' dir='ltr'>(et).</span> <span class='ocrx_word' id='word_1_26' title='bbox 743 953 869 1017; x_wconf 85' lang='lat' dir='ltr'>XXVI.</span> <span class='ocrx_word' id='word_1_27' title='bbox 906 951 994 1032; x_wconf 79' lang='lat' dir='ltr'>Quid</span> <span class='ocrx_word' id='word_1_28' title='bbox 1025 973 1102 1014; x_wconf 86' lang='lat' dir='ltr'>vero</span> <span class='ocrx_word' id='word_1_29' title='bbox 1133 950 1220 1014; x_wconf 89' lang='lat' dir='ltr'>idem</span> <span class='ocrx_word' id='word_1_30' title='bbox 1251 950 1497 1036; x_wconf 86' lang='lat' dir='ltr'>profanissimus</span> <span class='ocrx_word' id='word_1_31' title='bbox 1527 973 1587 1013; x_wconf 86' lang='lat' dir='ltr'>rex</span> <span class='ocrx_word' id='word_1_32' title='bbox 1617 950 1798 1014; x_wconf 90' lang='lat' dir='ltr'>Anthiocus</span> <span class='ocrx_word' id='word_1_33' title='bbox 1822 973 1882 1036; x_wconf 91' lang='lat' dir='ltr'>pro</span> <span class='ocrx_word' id='word_1_34' title='bbox 1907 953 2181 1015; x_wconf 80' lang='lat' dir='ltr'>contaminatione</span> 
     </span>
     <span class='ocr_line' id='line_1_5' title="bbox 528 1057 2181 1144; baseline -0.002 -19"><span class='ocrx_word' id='word_1_35' title='bbox 528 1060 673 1125; x_wconf 89' lang='lat' dir='ltr'>eiusdem</span> <span class='ocrx_word' id='word_1_36' title='bbox 691 1060 901 1124; x_wconf 81' lang='lat' dir='ltr'>sacratissimi</span> <span class='ocrx_word' id='word_1_37' title='bbox 917 1057 1029 1143; x_wconf 89' lang='lat' dir='ltr'>templi</span> <span class='ocrx_word' id='word_1_38' title='bbox 1047 1079 1277 1142; x_wconf 87' lang='lat' dir='ltr'>sacrorumque</span> <span class='ocrx_word' id='word_1_39' title='bbox 1294 1079 1445 1119; x_wconf 88' lang='lat' dir='ltr'>vasorum</span> <span class='ocrx_word' id='word_1_40' title='bbox 1463 1058 1682 1142; x_wconf 81' lang='lat' dir='ltr'>asportatione</span> <span class='ocrx_word' id='word_1_41' title='bbox 1700 1067 1732 1119; x_wconf 90' lang='lat' dir='ltr'>et</span> <span class='ocrx_word' id='word_1_42' title='bbox 1749 1058 1866 1120; x_wconf 88' lang='lat' dir='ltr'>ceteris</span> <span class='ocrx_word' id='word_1_43' title='bbox 1885 1057 1989 1134; x_wconf 87' lang='lat' dir='ltr'>malis,</span> <span class='ocrx_word' id='word_1_44' title='bbox 2010 1081 2094 1144; x_wconf 90' lang='lat' dir='ltr'>quae</span> <span class='ocrx_word' id='word_1_45' title='bbox 2111 1060 2181 1122; x_wconf 85' lang='lat' dir='ltr'>sive</span> 
     </span>
     <span class='ocr_line' id='line_1_6' title="bbox 346 1162 2213 1252; baseline 0.003 -27"><span class='ocrx_word' id='word_1_46' title='bbox 346 1186 505 1236; x_wconf 65' lang='lat' dir='ltr'>amasa.</span> <span class='ocrx_word' id='word_1_47' title='bbox 527 1190 607 1252; x_wconf 84' lang='lat' dir='ltr'>erga</span> <span class='ocrx_word' id='word_1_48' title='bbox 623 1179 833 1230; x_wconf 88' lang='lat' dir='ltr'>memoratum</span> <span class='ocrx_word' id='word_1_49' title='bbox 850 1162 1005 1249; x_wconf 91' lang='lat' dir='ltr'>templum</span> <span class='ocrx_word' id='word_1_50' title='bbox 1024 1165 1092 1226; x_wconf 89' lang='lat' dir='ltr'>sive</span> <span class='ocrx_word' id='word_1_51' title='bbox 1111 1185 1190 1248; x_wconf 84' lang='lat' dir='ltr'>erga</span> <span class='ocrx_word' id='word_1_52' title='bbox 1205 1163 1360 1248; x_wconf 88' lang='lat' dir='ltr'>populum</span> <span class='ocrx_word' id='word_1_53' title='bbox 1377 1163 1442 1227; x_wconf 90' lang='lat' dir='ltr'>Dei</span> <span class='ocrx_word' id='word_1_54' title='bbox 1459 1164 1617 1242; x_wconf 83' lang='lat' dir='ltr'>exercuit,</span> <span class='ocrx_word' id='word_1_55' title='bbox 1641 1185 1814 1248; x_wconf 87' lang='lat' dir='ltr'>perpessus</span> <span class='ocrx_word' id='word_1_56' title='bbox 1831 1165 1882 1244; x_wconf 87' lang='lat' dir='ltr'>sit,</span> <span class='ocrx_word' id='word_1_57' title='bbox 1900 1163 2080 1228; x_wconf 79' lang='lat' dir='ltr'>rideamus</span> <span class='ocrx_word' id='word_1_58' title='bbox 2119 1165 2213 1243; x_wconf 79' lang='lat' dir='ltr'>ert’s</span> 
     </span>
     <span class='ocr_line' id='line_1_7' title="bbox 526 1269 2180 1359; baseline -0.002 -21"><span class='ocrx_word' id='word_1_59' title='bbox 526 1278 675 1338; x_wconf 71' lang='lat' dir='ltr'>ateirersa</span> <span class='ocrx_word' id='word_1_60' title='bbox 706 1276 859 1359; x_wconf 74' lang='lat' dir='ltr'>conspicit</span> <span class='ocrx_word' id='word_1_61' title='bbox 889 1273 1035 1334; x_wconf 83' lang='lat' dir='ltr'>dominus</span> <span class='ocrx_word' id='word_1_62' title='bbox 1062 1272 1149 1333; x_wconf 84' lang='lat' dir='ltr'>Dens</span> <span class='ocrx_word' id='word_1_63' title='bbox 1179 1269 1315 1348; x_wconf 77' lang='lat' dir='ltr'>Israhel,</span> <span class='ocrx_word' id='word_1_64' title='bbox 1340 1274 1500 1356; x_wconf 74' lang='lat' dir='ltr'>percussit</span> <span class='ocrx_word' id='word_1_65' title='bbox 1529 1295 1595 1334; x_wconf 87' lang='lat' dir='ltr'>enm</span> <span class='ocrx_word' id='word_1_66' title='bbox 1630 1271 1807 1333; x_wconf 75' lang='lat' dir='ltr'>insanabili</span> <span class='ocrx_word' id='word_1_67' title='bbox 1834 1285 1862 1334; x_wconf 88' lang='lat' dir='ltr'>et</span> <span class='ocrx_word' id='word_1_68' title='bbox 1884 1273 2047 1335; x_wconf 78' lang='lat' dir='ltr'>t&#39;nctsibili</span> <span class='ocrx_word' id='word_1_69' title='bbox 2069 1273 2180 1358; x_wconf 81' lang='lat' dir='ltr'>plapa.</span> 
     </span>
     <span class='ocr_line' id='line_1_8' title="bbox 533 1377 2182 1466; baseline -0.001 -22"><span class='ocrx_word' id='word_1_70' title='bbox 533 1382 573 1444; x_wconf 83' lang='lat' dir='ltr'>Ut</span> <span class='ocrx_word' id='word_1_71' title='bbox 595 1384 677 1445; x_wconf 85' lang='lat' dir='ltr'>enim</span> <span class='ocrx_word' id='word_1_72' title='bbox 693 1383 807 1466; x_wconf 73' lang='lat' dir='ltr'>finirit</span> <span class='ocrx_word' id='word_1_73' title='bbox 829 1381 909 1442; x_wconf 76' lang='lat' dir='ltr'>britte</span> <span class='ocrx_word' id='word_1_74' title='bbox 932 1403 1113 1457; x_wconf 87' lang='lat' dir='ltr'>sermonem,</span> <span class='ocrx_word' id='word_1_75' title='bbox 1145 1378 1357 1463; x_wconf 74' lang='lat' dir='ltr'>adprehendit</span> <span class='ocrx_word' id='word_1_76' title='bbox 1385 1403 1452 1441; x_wconf 87' lang='lat' dir='ltr'>enm</span> <span class='ocrx_word' id='word_1_77' title='bbox 1484 1378 1575 1440; x_wconf 84' lang='lat' dir='ltr'>dolor</span> <span class='ocrx_word' id='word_1_78' title='bbox 1608 1377 1699 1440; x_wconf 83' lang='lat' dir='ltr'>dirtts</span> <span class='ocrx_word' id='word_1_79' title='bbox 1722 1380 1876 1440; x_wconf 78' lang='lat' dir='ltr'>uiscerum</span> <span class='ocrx_word' id='word_1_80' title='bbox 1901 1392 1929 1440; x_wconf 89' lang='lat' dir='ltr'>et</span> <span class='ocrx_word' id='word_1_81' title='bbox 1950 1404 2064 1442; x_wconf 86' lang='lat' dir='ltr'>arnara</span> <span class='ocrx_word' id='word_1_82' title='bbox 2089 1382 2182 1442; x_wconf 89' lang='lat' dir='ltr'>inter-</span> 
     </span>
     <span class='ocr_line' id='line_1_9' title="bbox 363 1484 2181 1571; baseline -0.002 -20"><span class='ocrx_word' id='word_1_83' title='bbox 363 1505 506 1555; x_wconf 63' lang='lat' dir='ltr'>ibat-10·</span> <span class='ocrx_word' id='word_1_84' title='bbox 526 1513 637 1551; x_wconf 86' lang='lat' dir='ltr'>norum</span> <span class='ocrx_word' id='word_1_85' title='bbox 662 1501 821 1551; x_wconf 83' lang='lat' dir='ltr'>tormenta.</span> <span class='ocrx_word' id='word_1_86' title='bbox 869 1485 912 1547; x_wconf 83' lang='lat' dir='ltr'>Et</span> <span class='ocrx_word' id='word_1_87' title='bbox 935 1497 1008 1569; x_wconf 92' lang='lat' dir='ltr'>post</span> <span class='ocrx_word' id='word_1_88' title='bbox 1031 1506 1153 1568; x_wconf 88' lang='lat' dir='ltr'>pauca:</span> <span class='ocrx_word' id='word_1_89' title='bbox 1186 1484 1291 1569; x_wconf 77' lang='lat' dir='ltr'>Isque,</span> <span class='ocrx_word' id='word_1_90' title='bbox 1322 1487 1381 1568; x_wconf 82' lang='lat' dir='ltr'>qni</span> <span class='ocrx_word' id='word_1_91' title='bbox 1407 1486 1474 1547; x_wconf 88' lang='lat' dir='ltr'>sibi</span> <span class='ocrx_word' id='word_1_92' title='bbox 1501 1484 1664 1547; x_wconf 81' lang='lat' dir='ltr'>ridebatur</span> <span class='ocrx_word' id='word_1_93' title='bbox 1696 1487 1789 1547; x_wconf 74' lang='lat' dir='ltr'>ettam</span> <span class='ocrx_word' id='word_1_94' title='bbox 1812 1485 1966 1571; x_wconf 68' lang='lat' dir='ltr'>fluentibus</span> <span class='ocrx_word' id='word_1_95' title='bbox 1995 1488 2096 1548; x_wconf 88' lang='lat' dir='ltr'>maris</span> <span class='ocrx_word' id='word_1_96' title='bbox 2125 1488 2181 1549; x_wconf 83' lang='lat' dir='ltr'>int-</span> 
     </span>
     <span class='ocr_line' id='line_1_10' title="bbox 522 1590 2181 1680; baseline -0.001 -23"><span class='ocrx_word' id='word_1_97' title='bbox 522 1619 649 1680; x_wconf 87' lang='lat' dir='ltr'>perare,</span> <span class='ocrx_word' id='word_1_98' title='bbox 673 1618 772 1678; x_wconf 88' lang='lat' dir='ltr'>snpra</span> <span class='ocrx_word' id='word_1_99' title='bbox 796 1593 964 1654; x_wconf 80' lang='lat' dir='ltr'>burrianum</span> <span class='ocrx_word' id='word_1_100' title='bbox 990 1591 1113 1654; x_wconf 78' lang='lat' dir='ltr'>aretium</span> <span class='ocrx_word' id='word_1_101' title='bbox 1131 1593 1281 1676; x_wconf 81' lang='lat' dir='ltr'>snperbia</span> <span class='ocrx_word' id='word_1_102' title='bbox 1304 1592 1449 1676; x_wconf 84' lang='lat' dir='ltr'>repletus,</span> <span class='ocrx_word' id='word_1_103' title='bbox 1474 1605 1503 1653; x_wconf 87' lang='lat' dir='ltr'>et</span> <span class='ocrx_word' id='word_1_104' title='bbox 1517 1593 1664 1653; x_wconf 73' lang='lat' dir='ltr'>errautinm</span> <span class='ocrx_word' id='word_1_105' title='bbox 1682 1590 1866 1654; x_wconf 75' lang='lat' dir='ltr'>altitudines</span> <span class='ocrx_word' id='word_1_106' title='bbox 1882 1593 2048 1654; x_wconf 81' lang='lat' dir='ltr'>instatere</span> <span class='ocrx_word' id='word_1_107' title='bbox 2063 1617 2181 1678; x_wconf 87' lang='lat' dir='ltr'>appen-</span> 
     </span>
     <span class='ocr_line' id='line_1_11' title="bbox 527 1697 2227 1784; baseline 0 -21"><span class='ocrx_word' id='word_1_108' title='bbox 527 1701 610 1778; x_wconf 85' lang='lat' dir='ltr'>dere,</span> <span class='ocrx_word' id='word_1_109' title='bbox 641 1725 722 1762; x_wconf 81' lang='lat' dir='ltr'>nrtnc</span> <span class='ocrx_word' id='word_1_110' title='bbox 753 1700 938 1761; x_wconf 82' lang='lat' dir='ltr'>btrrniliatus</span> <span class='ocrx_word' id='word_1_111' title='bbox 968 1698 1013 1761; x_wconf 86' lang='lat' dir='ltr'>ad</span> <span class='ocrx_word' id='word_1_112' title='bbox 1041 1712 1156 1760; x_wconf 84' lang='lat' dir='ltr'>terram</span> <span class='ocrx_word' id='word_1_113' title='bbox 1190 1700 1221 1760; x_wconf 88' lang='lat' dir='ltr'>in</span> <span class='ocrx_word' id='word_1_114' title='bbox 1244 1699 1411 1784; x_wconf 82' lang='lat' dir='ltr'>pestatorio</span> <span class='ocrx_word' id='word_1_115' title='bbox 1430 1698 1629 1782; x_wconf 86' lang='lat' dir='ltr'>portabatur,</span> <span class='ocrx_word' id='word_1_116' title='bbox 1659 1697 1863 1782; x_wconf 76' lang='lat' dir='ltr'>ruanifestam</span> <span class='ocrx_word' id='word_1_117' title='bbox 1887 1697 1955 1760; x_wconf 86' lang='lat' dir='ltr'>Dei</span> <span class='ocrx_word' id='word_1_118' title='bbox 1979 1700 2123 1762; x_wconf 74' lang='lat' dir='ltr'>uirtutem</span> <span class='ocrx_word' id='word_1_119' title='bbox 2149 1702 2182 1762; x_wconf 88' lang='lat' dir='ltr'>in</span> <span class='ocrx_word' id='word_1_120' title='bbox 2202 1724 2227 1763; x_wconf 84' lang='lat' dir='ltr'>to</span> 
     </span>
     <span class='ocr_line' id='line_1_12' title="bbox 526 1805 2182 1892; baseline -0.001 -23"><span class='ocrx_word' id='word_1_121' title='bbox 526 1809 689 1892; x_wconf 80' lang='lat' dir='ltr'>seritetipso</span> <span class='ocrx_word' id='word_1_122' title='bbox 713 1819 895 1882; x_wconf 82' lang='lat' dir='ltr'>contestans,</span> <span class='ocrx_word' id='word_1_123' title='bbox 927 1807 970 1868; x_wconf 89' lang='lat' dir='ltr'>ita</span> <span class='ocrx_word' id='word_1_124' title='bbox 995 1805 1088 1867; x_wconf 73' lang='lat' dir='ltr'>attile</span> <span class='ocrx_word' id='word_1_125' title='bbox 1112 1829 1242 1888; x_wconf 86' lang='lat' dir='ltr'>corpore</span> <span class='ocrx_word' id='word_1_126' title='bbox 1271 1806 1368 1889; x_wconf 86' lang='lat' dir='ltr'>impii</span> <span class='ocrx_word' id='word_1_127' title='bbox 1389 1829 1506 1866; x_wconf 78' lang='lat' dir='ltr'>recines</span> <span class='ocrx_word' id='word_1_128' title='bbox 1528 1806 1717 1866; x_wconf 75' lang='lat' dir='ltr'>scaturirent</span> <span class='ocrx_word' id='word_1_129' title='bbox 1739 1829 1776 1866; x_wconf 89' lang='lat' dir='ltr'>ac</span> <span class='ocrx_word' id='word_1_130' title='bbox 1799 1806 1933 1867; x_wconf 85' lang='lat' dir='ltr'>m&#39;rentis</span> <span class='ocrx_word' id='word_1_131' title='bbox 1962 1807 1993 1867; x_wconf 87' lang='lat' dir='ltr'>in</span> <span class='ocrx_word' id='word_1_132' title='bbox 2018 1805 2182 1868; x_wconf 80' lang='lat' dir='ltr'>doloribus</span> 
     </span>
     <span class='ocr_line' id='line_1_13' title="bbox 528 1911 2182 1998; baseline -0.001 -22"><span class='ocrx_word' id='word_1_133' title='bbox 528 1939 638 1976; x_wconf 76' lang='lat' dir='ltr'>carries</span> <span class='ocrx_word' id='word_1_134' title='bbox 661 1916 729 1976; x_wconf 80' lang='lat' dir='ltr'>eius</span> <span class='ocrx_word' id='word_1_135' title='bbox 752 1913 928 1998; x_wconf 64' lang='lat' dir='ltr'>effluerent,</span> <span class='ocrx_word' id='word_1_136' title='bbox 952 1911 1047 1974; x_wconf 81' lang='lat' dir='ltr'>odore</span> <span class='ocrx_word' id='word_1_137' title='bbox 1071 1913 1163 1973; x_wconf 86' lang='lat' dir='ltr'>etiam</span> <span class='ocrx_word' id='word_1_138' title='bbox 1190 1911 1279 1972; x_wconf 88' lang='lat' dir='ltr'>illins</span> <span class='ocrx_word' id='word_1_139' title='bbox 1303 1927 1330 1973; x_wconf 90' lang='lat' dir='ltr'>et</span> <span class='ocrx_word' id='word_1_140' title='bbox 1345 1911 1457 1996; x_wconf 85' lang='lat' dir='ltr'>satore</span> <span class='ocrx_word' id='word_1_141' title='bbox 1481 1912 1633 1972; x_wconf 73' lang='lat' dir='ltr'>accercitus</span> <span class='ocrx_word' id='word_1_142' title='bbox 1646 1924 1836 1995; x_wconf 78' lang='lat' dir='ltr'>precaretur</span> <span class='ocrx_word' id='word_1_143' title='bbox 1858 1923 1895 1988; x_wconf 90' lang='lat' dir='ltr'>et,</span> <span class='ocrx_word' id='word_1_144' title='bbox 1920 1913 1978 1995; x_wconf 82' lang='lat' dir='ltr'>qui</span> <span class='ocrx_word' id='word_1_145' title='bbox 1991 1911 2095 1996; x_wconf 73' lang='lat' dir='ltr'>perclo</span> <span class='ocrx_word' id='word_1_146' title='bbox 2111 1925 2182 1975; x_wconf 88' lang='lat' dir='ltr'>ante</span> 
     </span>
     <span class='ocr_line' id='line_1_14' title="bbox 526 2017 2182 2104; baseline -0.002 -21"><span class='ocrx_word' id='word_1_147' title='bbox 526 2021 635 2083; x_wconf 83' lang='lat' dir='ltr'>sidera</span> <span class='ocrx_word' id='word_1_148' title='bbox 659 2020 744 2082; x_wconf 83' lang='lat' dir='ltr'>eceli</span> <span class='ocrx_word' id='word_1_149' title='bbox 764 2020 939 2104; x_wconf 77' lang='lat' dir='ltr'>continpere</span> <span class='ocrx_word' id='word_1_150' title='bbox 962 2043 994 2080; x_wconf 83' lang='lat' dir='ltr'>se</span> <span class='ocrx_word' id='word_1_151' title='bbox 1017 2018 1244 2091; x_wconf 71' lang='lat' dir='ltr'>arbitrabatur,</span> <span class='ocrx_word' id='word_1_152' title='bbox 1275 2040 1342 2079; x_wconf 87' lang='lat' dir='ltr'>enm</span> <span class='ocrx_word' id='word_1_153' title='bbox 1368 2041 1454 2078; x_wconf 82' lang='lat' dir='ltr'>nerrm</span> <span class='ocrx_word' id='word_1_154' title='bbox 1476 2030 1599 2101; x_wconf 87' lang='lat' dir='ltr'>poterat</span> <span class='ocrx_word' id='word_1_155' title='bbox 1622 2030 1755 2101; x_wconf 86' lang='lat' dir='ltr'>propter</span> <span class='ocrx_word' id='word_1_156' title='bbox 1788 2018 2019 2080; x_wconf 83' lang='lat' dir='ltr'>intolerantiam</span> <span class='ocrx_word' id='word_1_157' title='bbox 2040 2017 2182 2103; x_wconf 87' lang='lat' dir='ltr'>foetoris</span> 
     </span>
     <span class='ocr_line' id='line_1_15' title="bbox 409 2122 2183 2212; baseline 0.002 -28"><span class='ocrx_word' id='word_1_158' title='bbox 409 2145 508 2194; x_wconf 71' lang='lat' dir='ltr'>mura,</span> <span class='ocrx_word' id='word_1_159' title='bbox 524 2141 662 2212; x_wconf 88' lang='lat' dir='ltr'>portare.</span> <span class='ocrx_word' id='word_1_160' title='bbox 699 2124 743 2186; x_wconf 88' lang='lat' dir='ltr'>Et</span> <span class='ocrx_word' id='word_1_161' title='bbox 765 2123 867 2186; x_wconf 85' lang='lat' dir='ltr'>infra:</span> <span class='ocrx_word' id='word_1_162' title='bbox 893 2124 937 2187; x_wconf 82' lang='lat' dir='ltr'>Et</span> <span class='ocrx_word' id='word_1_163' title='bbox 959 2148 1026 2186; x_wconf 86' lang='lat' dir='ltr'>cum</span> <span class='ocrx_word' id='word_1_164' title='bbox 1052 2149 1105 2185; x_wconf 73' lang='lat' dir='ltr'>rtet:</span> <span class='ocrx_word' id='word_1_165' title='bbox 1131 2124 1370 2208; x_wconf 78' lang='lat' dir='ltr'>ipsefoetorem</span> <span class='ocrx_word' id='word_1_166' title='bbox 1395 2147 1484 2184; x_wconf 79' lang='lat' dir='ltr'>sittim</span> <span class='ocrx_word' id='word_1_167' title='bbox 1509 2124 1572 2185; x_wconf 87' lang='lat' dir='ltr'>iam</span> <span class='ocrx_word' id='word_1_168' title='bbox 1591 2123 1687 2208; x_wconf 86' lang='lat' dir='ltr'>ferre</span> <span class='ocrx_word' id='word_1_169' title='bbox 1705 2136 1821 2206; x_wconf 87' lang='lat' dir='ltr'>posset,</span> <span class='ocrx_word' id='word_1_170' title='bbox 1846 2125 1891 2186; x_wconf 85' lang='lat' dir='ltr'>ita</span> <span class='ocrx_word' id='word_1_171' title='bbox 1906 2125 1970 2186; x_wconf 91' lang='lat' dir='ltr'>ait:</span> <span class='ocrx_word' id='word_1_172' title='bbox 1993 2122 2112 2186; x_wconf 86' lang='lat' dir='ltr'>Iustum</span> <span class='ocrx_word' id='word_1_173' title='bbox 2138 2139 2183 2187; x_wconf 84' lang='lat' dir='ltr'>cst</span> 
     </span>
     <span class='ocr_line' id='line_1_16' title="bbox 408 2227 2225 2314; baseline 0.002 -23"><span class='ocrx_word' id='word_1_174' title='bbox 408 2252 508 2301; x_wconf 75' lang='lat' dir='ltr'>mara</span> <span class='ocrx_word' id='word_1_175' title='bbox 527 2233 683 2295; x_wconf 81' lang='lat' dir='ltr'>subditum</span> <span class='ocrx_word' id='word_1_176' title='bbox 709 2256 773 2294; x_wconf 88' lang='lat' dir='ltr'>esse</span> <span class='ocrx_word' id='word_1_177' title='bbox 797 2231 865 2293; x_wconf 83' lang='lat' dir='ltr'>Deo</span> <span class='ocrx_word' id='word_1_178' title='bbox 890 2246 917 2294; x_wconf 91' lang='lat' dir='ltr'>et</span> <span class='ocrx_word' id='word_1_179' title='bbox 939 2231 1098 2293; x_wconf 82' lang='lat' dir='ltr'>-rnortalern</span> <span class='ocrx_word' id='word_1_180' title='bbox 1126 2255 1185 2291; x_wconf 85' lang='lat' dir='ltr'>nnn</span> <span class='ocrx_word' id='word_1_181' title='bbox 1206 2231 1305 2314; x_wconf 87' lang='lat' dir='ltr'>paria</span> <span class='ocrx_word' id='word_1_182' title='bbox 1330 2227 1397 2292; x_wconf 84' lang='lat' dir='ltr'>Deo</span> <span class='ocrx_word' id='word_1_183' title='bbox 1421 2231 1544 2292; x_wconf 86' lang='lat' dir='ltr'>sentire.</span> <span class='ocrx_word' id='word_1_184' title='bbox 1584 2227 1627 2290; x_wconf 83' lang='lat' dir='ltr'>Et</span> <span class='ocrx_word' id='word_1_185' title='bbox 1651 2239 1723 2311; x_wconf 85' lang='lat' dir='ltr'>post</span> <span class='ocrx_word' id='word_1_186' title='bbox 1746 2250 1869 2312; x_wconf 88' lang='lat' dir='ltr'>pauca:</span> <span class='ocrx_word' id='word_1_187' title='bbox 1900 2229 2061 2314; x_wconf 85' lang='lat' dir='ltr'>Templum</span> <span class='ocrx_word' id='word_1_188' title='bbox 2086 2232 2225 2295; x_wconf 77' lang='lat' dir='ltr'>etiamn</span> 
     </span>
     <span class='ocr_line' id='line_1_17' title="bbox 526 2336 2179 2422; baseline -0.002 -20"><span class='ocrx_word' id='word_1_189' title='bbox 526 2354 678 2412; x_wconf 75' lang='lat' dir='ltr'>sairanem,</span> <span class='ocrx_word' id='word_1_190' title='bbox 709 2338 795 2422; x_wconf 76' lang='lat' dir='ltr'>quat</span> <span class='ocrx_word' id='word_1_191' title='bbox 819 2340 915 2422; x_wconf 87' lang='lat' dir='ltr'>prius</span> <span class='ocrx_word' id='word_1_192' title='bbox 945 2338 1170 2422; x_wconf 61' lang='lat' dir='ltr'>expoliarerat,</span> <span class='ocrx_word' id='word_1_193' title='bbox 1203 2338 1330 2420; x_wconf 85' lang='lat' dir='ltr'>optimis</span> <span class='ocrx_word' id='word_1_194' title='bbox 1360 2336 1452 2398; x_wconf 81' lang='lat' dir='ltr'>donis</span> <span class='ocrx_word' id='word_1_195' title='bbox 1483 2337 1545 2398; x_wconf 84' lang='lat' dir='ltr'>ianr</span> <span class='ocrx_word' id='word_1_196' title='bbox 1578 2349 1760 2397; x_wconf 75' lang='lat' dir='ltr'>certaturum</span> <span class='ocrx_word' id='word_1_197' title='bbox 1792 2349 1821 2397; x_wconf 89' lang='lat' dir='ltr'>et</span> <span class='ocrx_word' id='word_1_198' title='bbox 1842 2349 1949 2398; x_wconf 89' lang='lat' dir='ltr'>sancta</span> <span class='ocrx_word' id='word_1_199' title='bbox 1976 2360 2049 2398; x_wconf 85' lang='lat' dir='ltr'>rasa</span> <span class='ocrx_word' id='word_1_200' title='bbox 2074 2336 2179 2400; x_wconf 77' lang='lat' dir='ltr'>inulti-</span> 
     </span>
    </p>
   </div>
   <div class='ocr_carea' id='block_1_5' title="bbox 521 2441 2180 2536">
    <p class='ocr_par' dir='ltr' id='par_1_5' title="bbox 521 2441 2180 2536">
     <span class='ocr_line' id='line_1_18' title="bbox 521 2441 2180 2536; baseline -0.003 -27"><span class='ocrx_word' id='word_1_201' title='bbox 521 2447 718 2536; x_wconf 81' lang='lat' dir='ltr'>plicaturmn</span> <span class='ocrx_word' id='word_1_202' title='bbox 743 2460 770 2508; x_wconf 89' lang='lat' dir='ltr'>et</span> <span class='ocrx_word' id='word_1_203' title='bbox 790 2447 980 2530; x_wconf 80' lang='lat' dir='ltr'>pertinentes</span> <span class='ocrx_word' id='word_1_204' title='bbox 1002 2443 1048 2507; x_wconf 80' lang='lat' dir='ltr'>ad</span> <span class='ocrx_word' id='word_1_205' title='bbox 1068 2446 1232 2527; x_wconf 64' lang='lat' dir='ltr'>sacrificia</span> <span class='ocrx_word' id='word_1_206' title='bbox 1255 2456 1396 2526; x_wconf 80' lang='lat' dir='ltr'>sttrrrptus</span> <span class='ocrx_word' id='word_1_207' title='bbox 1419 2441 1457 2505; x_wconf 80' lang='lat' dir='ltr'>cle</span> <span class='ocrx_word' id='word_1_208' title='bbox 1472 2441 1627 2504; x_wconf 83' lang='lat' dir='ltr'>reditibus</span> <span class='ocrx_word' id='word_1_209' title='bbox 1642 2443 1710 2504; x_wconf 88' lang='lat' dir='ltr'>suis</span> <span class='ocrx_word' id='word_1_210' title='bbox 1731 2465 1763 2504; x_wconf 89' lang='lat' dir='ltr'>se</span> <span class='ocrx_word' id='word_1_211' title='bbox 1783 2455 1993 2527; x_wconf 82' lang='lat' dir='ltr'>prestaturum</span> <span class='ocrx_word' id='word_1_212' title='bbox 2015 2443 2180 2527; x_wconf 86' lang='lat' dir='ltr'>pellicitus</span> 
     </span>
    </p>
   </div>
   <div class='ocr_carea' id='block_1_6' title="bbox 405 2548 2226 3680">
    <p class='ocr_par' dir='ltr' id='par_1_6' title="bbox 405 2548 2226 3680">
     <span class='ocr_line' id='line_1_19' title="bbox 405 2548 2179 2635; baseline 0.001 -25"><span class='ocrx_word' id='word_1_213' title='bbox 405 2572 506 2620; x_wconf 59' lang='lat' dir='ltr'>naas.</span> <span class='ocrx_word' id='word_1_214' title='bbox 526 2566 577 2616; x_wconf 84' lang='lat' dir='ltr'>est.</span> <span class='ocrx_word' id='word_1_215' title='bbox 613 2551 734 2614; x_wconf 87' lang='lat' dir='ltr'>Iterum</span> <span class='ocrx_word' id='word_1_216' title='bbox 758 2574 824 2614; x_wconf 89' lang='lat' dir='ltr'>non</span> <span class='ocrx_word' id='word_1_217' title='bbox 847 2563 920 2635; x_wconf 91' lang='lat' dir='ltr'>post</span> <span class='ocrx_word' id='word_1_218' title='bbox 943 2548 1058 2612; x_wconf 84' lang='lat' dir='ltr'>multa:</span> <span class='ocrx_word' id='word_1_219' title='bbox 1084 2549 1187 2634; x_wconf 75' lang='lat' dir='ltr'>Ipitnr</span> <span class='ocrx_word' id='word_1_220' title='bbox 1210 2548 1370 2611; x_wconf 76' lang='lat' dir='ltr'>bornicitla</span> <span class='ocrx_word' id='word_1_221' title='bbox 1387 2563 1416 2611; x_wconf 93' lang='lat' dir='ltr'>et</span> <span class='ocrx_word' id='word_1_222' title='bbox 1430 2548 1628 2633; x_wconf 78' lang='lat' dir='ltr'>blasphemus</span> <span class='ocrx_word' id='word_1_223' title='bbox 1645 2550 1783 2633; x_wconf 84' lang='lat' dir='ltr'>pessime</span> <span class='ocrx_word' id='word_1_224' title='bbox 1800 2572 1972 2633; x_wconf 87' lang='lat' dir='ltr'>percussus</span> <span class='ocrx_word' id='word_1_225' title='bbox 1995 2562 2033 2626; x_wconf 88' lang='lat' dir='ltr'>et,</span> <span class='ocrx_word' id='word_1_226' title='bbox 2058 2563 2090 2611; x_wconf 91' lang='lat' dir='ltr'>ut</span> <span class='ocrx_word' id='word_1_227' title='bbox 2112 2552 2179 2634; x_wconf 87' lang='lat' dir='ltr'>ipse</span> 
     </span>
     <span class='ocr_line' id='line_1_20' title="bbox 526 2653 2178 2743; baseline -0.002 -21"><span class='ocrx_word' id='word_1_228' title='bbox 526 2660 609 2722; x_wconf 90' lang='lat' dir='ltr'>alios</span> <span class='ocrx_word' id='word_1_229' title='bbox 633 2673 831 2737; x_wconf 81' lang='lat' dir='ltr'>tractarerat,</span> <span class='ocrx_word' id='word_1_230' title='bbox 850 2681 983 2743; x_wconf 79' lang='lat' dir='ltr'>perepre</span> <span class='ocrx_word' id='word_1_231' title='bbox 1009 2658 1039 2718; x_wconf 90' lang='lat' dir='ltr'>in</span> <span class='ocrx_word' id='word_1_232' title='bbox 1065 2657 1219 2718; x_wconf 78' lang='lat' dir='ltr'>nroiitibns</span> <span class='ocrx_word' id='word_1_233' title='bbox 1242 2656 1423 2718; x_wconf 83' lang='lat' dir='ltr'>nriserabili</span> <span class='ocrx_word' id='word_1_234' title='bbox 1444 2656 1527 2718; x_wconf 82' lang='lat' dir='ltr'>olu‘tu</span> <span class='ocrx_word' id='word_1_235' title='bbox 1552 2657 1617 2716; x_wconf 84' lang='lat' dir='ltr'>cita</span> <span class='ocrx_word' id='word_1_236' title='bbox 1633 2655 1769 2739; x_wconf 72' lang='lat' dir='ltr'>samatus</span> <span class='ocrx_word' id='word_1_237' title='bbox 1793 2669 1843 2716; x_wconf 87' lang='lat' dir='ltr'>est.</span> <span class='ocrx_word' id='word_1_238' title='bbox 1884 2653 2058 2717; x_wconf 83' lang='lat' dir='ltr'>Horrenda</span> <span class='ocrx_word' id='word_1_239' title='bbox 2081 2653 2178 2739; x_wconf 90' lang='lat' dir='ltr'>plane</span> 
     </span>
     <span class='ocr_line' id='line_1_21' title="bbox 529 2757 2224 2849; baseline -0.001 -22"><span class='ocrx_word' id='word_1_240' title='bbox 529 2766 720 2849; x_wconf 90' lang='lat' dir='ltr'>cunctisque</span> <span class='ocrx_word' id='word_1_241' title='bbox 742 2762 932 2827; x_wconf 82' lang='lat' dir='ltr'>mortalibus</span> <span class='ocrx_word' id='word_1_242' title='bbox 949 2772 997 2825; x_wconf 90' lang='lat' dir='ltr'>est</span> <span class='ocrx_word' id='word_1_243' title='bbox 1012 2759 1273 2846; x_wconf 85' lang='lat' dir='ltr'>pertimescenda</span> <span class='ocrx_word' id='word_1_244' title='bbox 1297 2782 1382 2821; x_wconf 86' lang='lat' dir='ltr'>mors</span> <span class='ocrx_word' id='word_1_245' title='bbox 1405 2771 1471 2821; x_wconf 91' lang='lat' dir='ltr'>tam</span> <span class='ocrx_word' id='word_1_246' title='bbox 1494 2757 1647 2822; x_wconf 89' lang='lat' dir='ltr'>terribilis</span> <span class='ocrx_word' id='word_1_247' title='bbox 1671 2758 1892 2822; x_wconf 84' lang='lat' dir='ltr'>scelestissimi</span> <span class='ocrx_word' id='word_1_248' title='bbox 1912 2761 1997 2844; x_wconf 84' lang='lat' dir='ltr'>regis</span> <span class='ocrx_word' id='word_1_249' title='bbox 2014 2761 2178 2829; x_wconf 70' lang='lat' dir='ltr'>Antlrioci,</span> <span class='ocrx_word' id='word_1_250' title='bbox 2198 2790 2224 2827; x_wconf 76' lang='lat' dir='ltr'>aa</span> 
     </span>
     <span class='ocr_line' id='line_1_22' title="bbox 531 2866 2179 2957; baseline -0.002 -23"><span class='ocrx_word' id='word_1_251' title='bbox 531 2872 586 2957; x_wconf 90' lang='lat' dir='ltr'>qui</span> <span class='ocrx_word' id='word_1_252' title='bbox 611 2893 669 2956; x_wconf 90' lang='lat' dir='ltr'>pro</span> <span class='ocrx_word' id='word_1_253' title='bbox 694 2893 742 2950; x_wconf 84' lang='lat' dir='ltr'>ee,</span> <span class='ocrx_word' id='word_1_254' title='bbox 774 2869 861 2955; x_wconf 90' lang='lat' dir='ltr'>quod</span> <span class='ocrx_word' id='word_1_255' title='bbox 886 2892 982 2932; x_wconf 84' lang='lat' dir='ltr'>ausus</span> <span class='ocrx_word' id='word_1_256' title='bbox 1007 2878 1056 2931; x_wconf 83' lang='lat' dir='ltr'>est</span> <span class='ocrx_word' id='word_1_257' title='bbox 1078 2867 1234 2952; x_wconf 88' lang='lat' dir='ltr'>templum</span> <span class='ocrx_word' id='word_1_258' title='bbox 1259 2866 1323 2928; x_wconf 89' lang='lat' dir='ltr'>Dei</span> <span class='ocrx_word' id='word_1_259' title='bbox 1347 2867 1467 2929; x_wconf 89' lang='lat' dir='ltr'>intrare</span> <span class='ocrx_word' id='word_1_260' title='bbox 1492 2877 1525 2929; x_wconf 92' lang='lat' dir='ltr'>et</span> <span class='ocrx_word' id='word_1_261' title='bbox 1548 2867 1770 2929; x_wconf 87' lang='lat' dir='ltr'>contaminare</span> <span class='ocrx_word' id='word_1_262' title='bbox 1795 2877 1827 2929; x_wconf 92' lang='lat' dir='ltr'>et</span> <span class='ocrx_word' id='word_1_263' title='bbox 1849 2889 1930 2929; x_wconf 86' lang='lat' dir='ltr'>vasa</span> <span class='ocrx_word' id='word_1_264' title='bbox 1953 2866 2026 2930; x_wconf 88' lang='lat' dir='ltr'>Deo</span> <span class='ocrx_word' id='word_1_265' title='bbox 2051 2881 2179 2931; x_wconf 88' lang='lat' dir='ltr'>saerata</span> 
     </span>
     <span class='ocr_line' id='line_1_23' title="bbox 528 2971 2178 3060; baseline -0.002 -20"><span class='ocrx_word' id='word_1_266' title='bbox 528 2977 604 3041; x_wconf 89' lang='lat' dir='ltr'>inde</span> <span class='ocrx_word' id='word_1_267' title='bbox 629 2977 757 3040; x_wconf 84' lang='lat' dir='ltr'>auferre</span> <span class='ocrx_word' id='word_1_268' title='bbox 788 2987 885 3060; x_wconf 84' lang='lat' dir='ltr'>atque</span> <span class='ocrx_word' id='word_1_269' title='bbox 917 2974 1062 3037; x_wconf 87' lang='lat' dir='ltr'>scelestis</span> <span class='ocrx_word' id='word_1_270' title='bbox 1092 2972 1242 3036; x_wconf 80' lang='lat' dir='ltr'>matribus</span> <span class='ocrx_word' id='word_1_271' title='bbox 1266 2983 1379 3036; x_wconf 87' lang='lat' dir='ltr'>saneta</span> <span class='ocrx_word' id='word_1_272' title='bbox 1402 2995 1493 3052; x_wconf 86' lang='lat' dir='ltr'>vasa,</span> <span class='ocrx_word' id='word_1_273' title='bbox 1525 2995 1608 3058; x_wconf 88' lang='lat' dir='ltr'>quae</span> <span class='ocrx_word' id='word_1_274' title='bbox 1640 2971 1681 3036; x_wconf 88' lang='lat' dir='ltr'>ab</span> <span class='ocrx_word' id='word_1_275' title='bbox 1713 2973 1784 3036; x_wconf 88' lang='lat' dir='ltr'>aliis</span> <span class='ocrx_word' id='word_1_276' title='bbox 1809 2972 1940 3057; x_wconf 79' lang='lat' dir='ltr'>regibus</span> <span class='ocrx_word' id='word_1_277' title='bbox 1965 2972 2007 3036; x_wconf 90' lang='lat' dir='ltr'>ad</span> <span class='ocrx_word' id='word_1_278' title='bbox 2031 2987 2178 3037; x_wconf 88' lang='lat' dir='ltr'>ornatum</span> 
     </span>
     <span class='ocr_line' id='line_1_24' title="bbox 527 3078 2179 3168; baseline -0.003 -21"><span class='ocrx_word' id='word_1_279' title='bbox 527 3083 590 3148; x_wconf 92' lang='lat' dir='ltr'>loci</span> <span class='ocrx_word' id='word_1_280' title='bbox 615 3096 647 3146; x_wconf 91' lang='lat' dir='ltr'>et</span> <span class='ocrx_word' id='word_1_281' title='bbox 670 3083 805 3168; x_wconf 83' lang='lat' dir='ltr'>gloriam</span> <span class='ocrx_word' id='word_1_282' title='bbox 830 3081 903 3144; x_wconf 91' lang='lat' dir='ltr'>Deo</span> <span class='ocrx_word' id='word_1_283' title='bbox 927 3081 1055 3144; x_wconf 86' lang='lat' dir='ltr'>fuerant</span> <span class='ocrx_word' id='word_1_284' title='bbox 1079 3078 1197 3154; x_wconf 87' lang='lat' dir='ltr'>oblata,</span> <span class='ocrx_word' id='word_1_285' title='bbox 1229 3079 1362 3164; x_wconf 76' lang='lat' dir='ltr'>indigne</span> <span class='ocrx_word' id='word_1_286' title='bbox 1387 3089 1588 3142; x_wconf 88' lang='lat' dir='ltr'>contrectare</span> <span class='ocrx_word' id='word_1_287' title='bbox 1616 3092 1648 3141; x_wconf 90' lang='lat' dir='ltr'>et</span> <span class='ocrx_word' id='word_1_288' title='bbox 1671 3079 1705 3141; x_wconf 92' lang='lat' dir='ltr'>in</span> <span class='ocrx_word' id='word_1_289' title='bbox 1729 3101 1804 3143; x_wconf 85' lang='lat' dir='ltr'>suos</span> <span class='ocrx_word' id='word_1_290' title='bbox 1829 3079 2078 3143; x_wconf 87' lang='lat' dir='ltr'>nefandissimos</span> <span class='ocrx_word' id='word_1_291' title='bbox 2102 3103 2179 3143; x_wconf 89' lang='lat' dir='ltr'>usus</span> 
     </span>
     <span class='ocr_line' id='line_1_25' title="bbox 528 3184 2179 3270; baseline -0.002 -17"><span class='ocrx_word' id='word_1_292' title='bbox 528 3202 729 3270; x_wconf 86' lang='lat' dir='ltr'>convertere,</span> <span class='ocrx_word' id='word_1_293' title='bbox 755 3190 837 3251; x_wconf 90' lang='lat' dir='ltr'>iusto</span> <span class='ocrx_word' id='word_1_294' title='bbox 862 3188 927 3250; x_wconf 88' lang='lat' dir='ltr'>Dei</span> <span class='ocrx_word' id='word_1_295' title='bbox 951 3186 1071 3250; x_wconf 83' lang='lat' dir='ltr'>iudicio</span> <span class='ocrx_word' id='word_1_296' title='bbox 1095 3201 1161 3249; x_wconf 84' lang='lat' dir='ltr'>tarn</span> <span class='ocrx_word' id='word_1_297' title='bbox 1186 3184 1332 3248; x_wconf 87' lang='lat' dir='ltr'>horribili</span> <span class='ocrx_word' id='word_1_298' title='bbox 1357 3197 1459 3248; x_wconf 89' lang='lat' dir='ltr'>morte</span> <span class='ocrx_word' id='word_1_299' title='bbox 1483 3186 1601 3249; x_wconf 87' lang='lat' dir='ltr'>meruit</span> <span class='ocrx_word' id='word_1_300' title='bbox 1624 3185 1828 3249; x_wconf 87' lang='lat' dir='ltr'>occumbere.</span> <span class='ocrx_word' id='word_1_301' title='bbox 1869 3186 1907 3249; x_wconf 92' lang='lat' dir='ltr'>In</span> <span class='ocrx_word' id='word_1_302' title='bbox 1932 3188 2024 3250; x_wconf 89' lang='lat' dir='ltr'>cuius</span> <span class='ocrx_word' id='word_1_303' title='bbox 2047 3188 2179 3250; x_wconf 90' lang='lat' dir='ltr'>interitu</span> 
     </span>
     <span class='ocr_line' id='line_1_26' title="bbox 527 3291 2226 3381; baseline 0 -22"><span class='ocrx_word' id='word_1_304' title='bbox 527 3298 689 3381; x_wconf 82' lang='lat' dir='ltr'>sagaciter</span> <span class='ocrx_word' id='word_1_305' title='bbox 719 3293 1054 3372; x_wconf 87' lang='lat' dir='ltr'>animadvertendum,</span> <span class='ocrx_word' id='word_1_306' title='bbox 1091 3292 1177 3378; x_wconf 92' lang='lat' dir='ltr'>quod</span> <span class='ocrx_word' id='word_1_307' title='bbox 1209 3291 1301 3354; x_wconf 90' lang='lat' dir='ltr'>Deus</span> <span class='ocrx_word' id='word_1_308' title='bbox 1336 3294 1540 3376; x_wconf 86' lang='lat' dir='ltr'>omnipotens</span> <span class='ocrx_word' id='word_1_309' title='bbox 1570 3292 1773 3355; x_wconf 87' lang='lat' dir='ltr'>invasionem</span> <span class='ocrx_word' id='word_1_310' title='bbox 1804 3291 1857 3355; x_wconf 92' lang='lat' dir='ltr'>vel</span> <span class='ocrx_word' id='word_1_311' title='bbox 1888 3291 2085 3356; x_wconf 85' lang='lat' dir='ltr'>ablationem</span> <span class='ocrx_word' id='word_1_312' title='bbox 2117 3292 2178 3356; x_wconf 89' lang='lat' dir='ltr'>sibi</span> <span class='ocrx_word' id='word_1_313' title='bbox 2197 3321 2226 3360; x_wconf 81' lang='lat' dir='ltr'>ss</span> 
     </span>
     <span class='ocr_line' id='line_1_27' title="bbox 527 3397 2178 3478; baseline -0.003 -11"><span class='ocrx_word' id='word_1_314' title='bbox 527 3403 707 3467; x_wconf 86' lang='lat' dir='ltr'>oblatarum</span> <span class='ocrx_word' id='word_1_315' title='bbox 733 3425 838 3464; x_wconf 91' lang='lat' dir='ltr'>rerum</span> <span class='ocrx_word' id='word_1_316' title='bbox 864 3399 1000 3463; x_wconf 89' lang='lat' dir='ltr'>inultam</span> <span class='ocrx_word' id='word_1_317' title='bbox 1024 3423 1084 3462; x_wconf 89' lang='lat' dir='ltr'>nec</span> <span class='ocrx_word' id='word_1_318' title='bbox 1110 3399 1243 3461; x_wconf 88' lang='lat' dir='ltr'>dimittit</span> <span class='ocrx_word' id='word_1_319' title='bbox 1266 3421 1326 3462; x_wconf 90' lang='lat' dir='ltr'>nec</span> <span class='ocrx_word' id='word_1_320' title='bbox 1351 3398 1473 3461; x_wconf 87' lang='lat' dir='ltr'>dimisit</span> <span class='ocrx_word' id='word_1_321' title='bbox 1495 3419 1556 3461; x_wconf 88' lang='lat' dir='ltr'>nee</span> <span class='ocrx_word' id='word_1_322' title='bbox 1577 3397 1766 3461; x_wconf 86' lang='lat' dir='ltr'>dimissurus</span> <span class='ocrx_word' id='word_1_323' title='bbox 1784 3400 1835 3461; x_wconf 87' lang='lat' dir='ltr'>sit.</span> <span class='ocrx_word' id='word_1_324' title='bbox 1872 3399 2042 3478; x_wconf 80' lang='lat' dir='ltr'>Quaedam</span> <span class='ocrx_word' id='word_1_325' title='bbox 2059 3411 2178 3478; x_wconf 85' lang='lat' dir='ltr'>tamen,</span> 
     </span>
     <span class='ocr_line' id='line_1_28' title="bbox 525 3503 2178 3593; baseline -0.002 -20"><span class='ocrx_word' id='word_1_326' title='bbox 525 3521 562 3573; x_wconf 92' lang='lat' dir='ltr'>ut</span> <span class='ocrx_word' id='word_1_327' title='bbox 592 3510 625 3571; x_wconf 89' lang='lat' dir='ltr'>in</span> <span class='ocrx_word' id='word_1_328' title='bbox 656 3506 875 3593; x_wconf 85' lang='lat' dir='ltr'>superioribus</span> <span class='ocrx_word' id='word_1_329' title='bbox 910 3507 975 3569; x_wconf 88' lang='lat' dir='ltr'>iam</span> <span class='ocrx_word' id='word_1_330' title='bbox 1011 3504 1132 3567; x_wconf 89' lang='lat' dir='ltr'>dietum</span> <span class='ocrx_word' id='word_1_331' title='bbox 1168 3517 1216 3567; x_wconf 88' lang='lat' dir='ltr'>est</span> <span class='ocrx_word' id='word_1_332' title='bbox 1228 3510 1248 3584; x_wconf 82' lang='lat'>1,</span> <span class='ocrx_word' id='word_1_333' title='bbox 1284 3506 1317 3567; x_wconf 91' lang='lat' dir='ltr'>iu</span> <span class='ocrx_word' id='word_1_334' title='bbox 1352 3506 1496 3590; x_wconf 89' lang='lat' dir='ltr'>presenti</span> <span class='ocrx_word' id='word_1_335' title='bbox 1531 3503 1698 3567; x_wconf 92' lang='lat' dir='ltr'>ulciscitur</span> <span class='ocrx_word' id='word_1_336' title='bbox 1732 3504 1873 3584; x_wconf 86' lang='lat' dir='ltr'>saeculo,</span> <span class='ocrx_word' id='word_1_337' title='bbox 1909 3505 2070 3591; x_wconf 87' lang='lat' dir='ltr'>quaedam</span> <span class='ocrx_word' id='word_1_338' title='bbox 2100 3528 2178 3569; x_wconf 90' lang='lat' dir='ltr'>vero</span> 
     </span>
     <span class='ocr_line' id='line_1_29' title="bbox 527 3611 1238 3680; baseline -0.008 0"><span class='ocrx_word' id='word_1_339' title='bbox 527 3614 716 3680; x_wconf 87' lang='lat' dir='ltr'>ulciscenda</span> <span class='ocrx_word' id='word_1_340' title='bbox 739 3615 772 3676; x_wconf 92' lang='lat' dir='ltr'>in</span> <span class='ocrx_word' id='word_1_341' title='bbox 796 3615 903 3677; x_wconf 87' lang='lat' dir='ltr'>futuro</span> <span class='ocrx_word' id='word_1_342' title='bbox 927 3625 1074 3675; x_wconf 79' lang='lat' dir='ltr'>reservat</span> <span class='ocrx_word' id='word_1_343' title='bbox 1098 3611 1238 3674; x_wconf 87' lang='lat' dir='ltr'>saecule.</span> 
     </span>
    </p>
   </div>
   <div class='ocr_carea' id='block_1_7' title="bbox 369 3734 2226 4572">
    <p class='ocr_par' dir='ltr' id='par_1_7' title="bbox 369 3734 2226 4572">
     <span class='ocr_line' id='line_1_30' title="bbox 635 3734 2179 3822; baseline 0 -21"><span class='ocrx_word' id='word_1_344' title='bbox 635 3739 717 3822; x_wconf 75' lang='grc'><strong>(65).</strong></span> <span class='ocrx_word' id='word_1_345' title='bbox 742 3738 886 3801; x_wconf 80' lang='lat' dir='ltr'>XXVII.</span> <span class='ocrx_word' id='word_1_346' title='bbox 924 3737 1016 3817; x_wconf 79' lang='lat' dir='ltr'>Qtiae</span> <span class='ocrx_word' id='word_1_347' title='bbox 1048 3738 1147 3819; x_wconf 82' lang='lat' dir='ltr'>igitur</span> <span class='ocrx_word' id='word_1_348' title='bbox 1176 3758 1282 3821; x_wconf 90' lang='lat' dir='ltr'>poena</span> <span class='ocrx_word' id='word_1_349' title='bbox 1312 3734 1507 3816; x_wconf 86' lang='lat' dir='ltr'>Menelaum,</span> <span class='ocrx_word' id='word_1_350' title='bbox 1539 3735 1706 3800; x_wconf 90' lang='lat' dir='ltr'>ductorem</span> <span class='ocrx_word' id='word_1_351' title='bbox 1736 3748 1768 3800; x_wconf 88' lang='lat' dir='ltr'>et</span> <span class='ocrx_word' id='word_1_352' title='bbox 1792 3736 1987 3801; x_wconf 82' lang='lat' dir='ltr'>hortatorem</span> <span class='ocrx_word' id='word_1_353' title='bbox 2011 3740 2179 3801; x_wconf 84' lang='lat' dir='ltr'>memorati</span> 
     </span>
     <span class='ocr_line' id='line_1_31' title="bbox 528 3841 2226 3931; baseline -0.001 -22"><span class='ocrx_word' id='word_1_354' title='bbox 528 3848 615 3931; x_wconf 83' lang='lat' dir='ltr'>regis</span> <span class='ocrx_word' id='word_1_355' title='bbox 640 3845 793 3909; x_wconf 84' lang='lat' dir='ltr'>Anthioei</span> <span class='ocrx_word' id='word_1_356' title='bbox 824 3845 867 3908; x_wconf 88' lang='lat' dir='ltr'>ad</span> <span class='ocrx_word' id='word_1_357' title='bbox 897 3844 1128 3930; x_wconf 85' lang='lat' dir='ltr'>expoliandum</span> <span class='ocrx_word' id='word_1_358' title='bbox 1153 3841 1306 3927; x_wconf 87' lang='lat' dir='ltr'>templum</span> <span class='ocrx_word' id='word_1_359' title='bbox 1332 3842 1465 3904; x_wconf 89' lang='lat' dir='ltr'>Domini</span> <span class='ocrx_word' id='word_1_360' title='bbox 1498 3854 1529 3905; x_wconf 92' lang='lat' dir='ltr'>et</span> <span class='ocrx_word' id='word_1_361' title='bbox 1553 3866 1632 3906; x_wconf 86' lang='lat' dir='ltr'>vasa</span> <span class='ocrx_word' id='word_1_362' title='bbox 1656 3843 1729 3906; x_wconf 89' lang='lat' dir='ltr'>Deo</span> <span class='ocrx_word' id='word_1_363' title='bbox 1753 3855 1880 3907; x_wconf 86' lang='lat' dir='ltr'>saerata</span> <span class='ocrx_word' id='word_1_364' title='bbox 1903 3844 2092 3925; x_wconf 87' lang='lat' dir='ltr'>auferenda,</span> <span class='ocrx_word' id='word_1_365' title='bbox 2123 3846 2178 3930; x_wconf 93' lang='lat' dir='ltr'>qui</span> <span class='ocrx_word' id='word_1_366' title='bbox 2198 3871 2226 3909; x_wconf 76' lang='lat' dir='ltr'>so</span> 
     </span>
     <span class='ocr_line' id='line_1_32' title="bbox 374 3948 2178 4058; baseline -0.001 -43"><span class='ocrx_word' id='word_1_367' title='bbox 374 3966 427 4058; x_wconf 56' lang='lat' dir='ltr'>a}</span> <span class='ocrx_word' id='word_1_368' title='bbox 439 3965 510 4057; x_wconf 59' lang='lat' dir='ltr'>{¹5⁸⁰l·</span> <span class='ocrx_word' id='word_1_369' title='bbox 528 3955 639 4039; x_wconf 90' lang='lat' dir='ltr'>utique</span> <span class='ocrx_word' id='word_1_370' title='bbox 653 3953 799 4038; x_wconf 86' lang='lat' dir='ltr'>proditor</span> <span class='ocrx_word' id='word_1_371' title='bbox 814 3952 923 4036; x_wconf 82' lang='lat' dir='ltr'>legum</span> <span class='ocrx_word' id='word_1_372' title='bbox 940 3964 971 4014; x_wconf 90' lang='lat' dir='ltr'>et</span> <span class='ocrx_word' id='word_1_373' title='bbox 987 3952 1112 4036; x_wconf 87' lang='lat' dir='ltr'>patriae</span> <span class='ocrx_word' id='word_1_374' title='bbox 1130 3948 1283 4011; x_wconf 88' lang='lat' dir='ltr'>scribitur</span> <span class='ocrx_word' id='word_1_375' title='bbox 1298 3950 1455 4029; x_wconf 85' lang='lat' dir='ltr'>extitisse,</span> <span class='ocrx_word' id='word_1_376' title='bbox 1473 3948 1573 4033; x_wconf 85' lang='lat' dir='ltr'>digna</span> <span class='ocrx_word' id='word_1_377' title='bbox 1589 3972 1797 4035; x_wconf 85' lang='lat' dir='ltr'>congruaque</span> <span class='ocrx_word' id='word_1_378' title='bbox 1814 3951 1856 4013; x_wconf 92' lang='lat' dir='ltr'>sit</span> <span class='ocrx_word' id='word_1_379' title='bbox 1872 3973 1978 4036; x_wconf 88' lang='lat' dir='ltr'>poena</span> <span class='ocrx_word' id='word_1_380' title='bbox 1994 3950 2178 4032; x_wconf 86' lang='lat' dir='ltr'>subsecuta,</span> 
     </span>
     <span class='ocr_line' id='line_1_33' title="bbox 382 4047 2180 4144; baseline 0.001 -24"><span class='ocrx_word' id='word_1_381' title='bbox 382 4047 509 4131; x_wconf 67' lang='lat' dir='ltr'>ruinis</span> <span class='ocrx_word' id='word_1_382' title='bbox 530 4060 700 4144; x_wconf 88' lang='lat' dir='ltr'>sequentia</span> <span class='ocrx_word' id='word_1_383' title='bbox 734 4058 891 4144; x_wconf 85' lang='lat' dir='ltr'>pandunt,</span> <span class='ocrx_word' id='word_1_384' title='bbox 927 4081 1010 4144; x_wconf 90' lang='lat' dir='ltr'>quae</span> <span class='ocrx_word' id='word_1_385' title='bbox 1046 4059 1091 4119; x_wconf 86' lang='lat' dir='ltr'>ita</span> <span class='ocrx_word' id='word_1_386' title='bbox 1121 4079 1156 4118; x_wconf 84' lang='lat' dir='ltr'>se</span> <span class='ocrx_word' id='word_1_387' title='bbox 1188 4054 1324 4118; x_wconf 86' lang='lat' dir='ltr'>habent:</span> <span class='ocrx_word' id='word_1_388' title='bbox 1360 4057 1454 4119; x_wconf 77' lang='lat' dir='ltr'>Anno</span> <span class='ocrx_word' id='word_1_389' title='bbox 1489 4071 1590 4120; x_wconf 87' lang='lat' dir='ltr'>autem</span> <span class='ocrx_word' id='word_1_390' title='bbox 1625 4060 1787 4120; x_wconf 82' lang='lat' dir='ltr'>centesimo</span> <span class='ocrx_word' id='word_1_391' title='bbox 1822 4058 2065 4144; x_wconf 73' lang='lat' dir='ltr'>quedrapesimo</span> <span class='ocrx_word' id='word_1_392' title='bbox 2100 4083 2180 4122; x_wconf 86' lang='lat' dir='ltr'>nano</span> 
     </span>
     <span class='ocr_line' id='line_1_34' title="bbox 529 4163 2177 4252; baseline -0.002 -22"><span class='ocrx_word' id='word_1_393' title='bbox 529 4169 672 4252; x_wconf 77' lang='lat' dir='ltr'>copitar-it</span> <span class='ocrx_word' id='word_1_394' title='bbox 693 4165 794 4228; x_wconf 79' lang='lat' dir='ltr'>Itrtlas</span> <span class='ocrx_word' id='word_1_395' title='bbox 818 4166 1004 4228; x_wconf 77' lang='lat' dir='ltr'>Antln‘oetnn</span> <span class='ocrx_word' id='word_1_396' title='bbox 1031 4165 1206 4249; x_wconf 75' lang='lat' dir='ltr'>Eupatoria</span> <span class='ocrx_word' id='word_1_397' title='bbox 1238 4165 1340 4226; x_wconf 83' lang='lat' dir='ltr'>reru&#39;rc</span> <span class='ocrx_word' id='word_1_398' title='bbox 1370 4188 1439 4226; x_wconf 89' lang='lat' dir='ltr'>cum</span> <span class='ocrx_word' id='word_1_399' title='bbox 1470 4163 1670 4227; x_wconf 84' lang='lat' dir='ltr'>multitudine</span> <span class='ocrx_word' id='word_1_400' title='bbox 1699 4164 1853 4227; x_wconf 81' lang='lat' dir='ltr'>aduersas</span> <span class='ocrx_word' id='word_1_401' title='bbox 1875 4163 2028 4228; x_wconf 80' lang='lat' dir='ltr'>Iudaeam</span> <span class='ocrx_word' id='word_1_402' title='bbox 2060 4180 2177 4229; x_wconf 86' lang='lat' dir='ltr'>etcum</span> 
     </span>
     <span class='ocr_line' id='line_1_35' title="bbox 369 4269 2177 4358; baseline 0.001 -25"><span class='ocrx_word' id='word_1_403' title='bbox 369 4294 508 4345; x_wconf 61' lang='lat' dir='ltr'>rurus-a.</span> <span class='ocrx_word' id='word_1_404' title='bbox 529 4299 563 4336; x_wconf 88' lang='lat' dir='ltr'>ea</span> <span class='ocrx_word' id='word_1_405' title='bbox 587 4273 712 4336; x_wconf 79' lang='lat' dir='ltr'>Lisianr</span> <span class='ocrx_word' id='word_1_406' title='bbox 733 4286 969 4358; x_wconf 67' lang='lat' dir='ltr'>procuratorene</span> <span class='ocrx_word' id='word_1_407' title='bbox 1002 4287 1030 4334; x_wconf 85' lang='lat' dir='ltr'>et</span> <span class='ocrx_word' id='word_1_408' title='bbox 1053 4272 1251 4356; x_wconf 83' lang='lat' dir='ltr'>prepositum</span> <span class='ocrx_word' id='word_1_409' title='bbox 1282 4272 1482 4357; x_wconf 81' lang='lat' dir='ltr'>nepotiorum.</span> <span class='ocrx_word' id='word_1_410' title='bbox 1529 4269 1573 4332; x_wconf 81' lang='lat' dir='ltr'>Et</span> <span class='ocrx_word' id='word_1_411' title='bbox 1599 4280 1817 4355; x_wconf 84' lang='lat' dir='ltr'>postpauca:</span> <span class='ocrx_word' id='word_1_412' title='bbox 1854 4269 2058 4334; x_wconf 76' lang='lat' dir='ltr'>Conimiscuit</span> <span class='ocrx_word' id='word_1_413' title='bbox 2078 4287 2177 4336; x_wconf 78' lang='lat' dir='ltr'>autent</span> 
     </span>
     <span class='ocr_line' id='line_1_36' title="bbox 525 4377 2225 4463; baseline -0.001 -20"><span class='ocrx_word' id='word_1_414' title='bbox 525 4405 558 4443; x_wconf 90' lang='lat' dir='ltr'>se</span> <span class='ocrx_word' id='word_1_415' title='bbox 584 4380 651 4443; x_wconf 88' lang='lat' dir='ltr'>illis</span> <span class='ocrx_word' id='word_1_416' title='bbox 675 4393 702 4443; x_wconf 89' lang='lat' dir='ltr'>ct</span> <span class='ocrx_word' id='word_1_417' title='bbox 725 4379 888 4442; x_wconf 49' lang='lat' dir='ltr'>illenelaus</span> <span class='ocrx_word' id='word_1_418' title='bbox 912 4393 939 4441; x_wconf 88' lang='lat' dir='ltr'>et</span> <span class='ocrx_word' id='word_1_419' title='bbox 962 4404 1029 4440; x_wconf 77' lang='lat' dir='ltr'>cirin</span> <span class='ocrx_word' id='word_1_420' title='bbox 1055 4378 1152 4439; x_wconf 75' lang='lat' dir='ltr'>irretita</span> <span class='ocrx_word' id='word_1_421' title='bbox 1169 4377 1310 4463; x_wconf 85' lang='lat' dir='ltr'>fallatia</span> <span class='ocrx_word' id='word_1_422' title='bbox 1334 4377 1562 4461; x_wconf 81' lang='lat' dir='ltr'>deprecabatur</span> <span class='ocrx_word' id='word_1_423' title='bbox 1583 4377 1773 4440; x_wconf 76' lang='lat' dir='ltr'>Ambiacum</span> <span class='ocrx_word' id='word_1_424' title='bbox 1803 4402 1863 4440; x_wconf 80' lang='lat' dir='ltr'>nort</span> <span class='ocrx_word' id='word_1_425' title='bbox 1888 4401 1953 4463; x_wconf 90' lang='lat' dir='ltr'>pro</span> <span class='ocrx_word' id='word_1_426' title='bbox 1973 4381 2105 4463; x_wconf 83' lang='lat' dir='ltr'>patriae</span> <span class='ocrx_word' id='word_1_427' title='bbox 2127 4403 2177 4442; x_wconf 89' lang='lat' dir='ltr'>sa·</span> <span class='ocrx_word' id='word_1_428' title='bbox 2197 4403 2225 4441; x_wconf 79' lang='lat' dir='ltr'>aa</span> 
     </span>
     <span class='ocr_line' id='line_1_37' title="bbox 528 4483 2182 4572; baseline -0.001 -23"><span class='ocrx_word' id='word_1_429' title='bbox 528 4488 598 4564; x_wconf 88' lang='lat' dir='ltr'>late,</span> <span class='ocrx_word' id='word_1_430' title='bbox 622 4487 679 4550; x_wconf 76' lang='lat' dir='ltr'>secl</span> <span class='ocrx_word' id='word_1_431' title='bbox 700 4511 832 4572; x_wconf 86' lang='lat' dir='ltr'>sperans</span> <span class='ocrx_word' id='word_1_432' title='bbox 855 4511 886 4549; x_wconf 89' lang='lat' dir='ltr'>sc</span> <span class='ocrx_word' id='word_1_433' title='bbox 911 4487 1058 4548; x_wconf 76' lang='lat' dir='ltr'>earistitai</span> <span class='ocrx_word' id='word_1_434' title='bbox 1081 4487 1112 4547; x_wconf 87' lang='lat' dir='ltr'>in</span> <span class='ocrx_word' id='word_1_435' title='bbox 1134 4486 1361 4569; x_wconf 78' lang='lat' dir='ltr'>principatum.</span> <span class='ocrx_word' id='word_1_436' title='bbox 1403 4483 1468 4546; x_wconf 78' lang='lat' dir='ltr'>Seri</span> <span class='ocrx_word' id='word_1_437' title='bbox 1488 4509 1546 4546; x_wconf 78' lang='lat' dir='ltr'>rear</span> <span class='ocrx_word' id='word_1_438' title='bbox 1567 4508 1674 4570; x_wconf 75' lang='lat' dir='ltr'>repam</span> <span class='ocrx_word' id='word_1_439' title='bbox 1697 4486 1862 4547; x_wconf 85' lang='lat' dir='ltr'>suscitarit</span> <span class='ocrx_word' id='word_1_440' title='bbox 1883 4487 2006 4548; x_wconf 81' lang='lat' dir='ltr'>am‘mos</span> <span class='ocrx_word' id='word_1_441' title='bbox 2029 4484 2182 4549; x_wconf 79' lang='lat' dir='ltr'>Antbioci</span> 
     </span>
    </p>
   </div>
   <div class='ocr_carea' id='block_1_8' title="bbox 527 4591 2180 4679">
    <p class='ocr_par' dir='ltr' id='par_1_8' title="bbox 527 4591 2180 4679">
     <span class='ocr_line' id='line_1_38' title="bbox 527 4591 2180 4679; baseline -0.001 -23"><span class='ocrx_word' id='word_1_442' title='bbox 527 4595 560 4657; x_wconf 90' lang='lat' dir='ltr'>in</span> <span class='ocrx_word' id='word_1_443' title='bbox 578 4609 773 4679; x_wconf 85' lang='lat' dir='ltr'>peccatorem</span> <span class='ocrx_word' id='word_1_444' title='bbox 799 4606 827 4654; x_wconf 88' lang='lat' dir='ltr'>et</span> <span class='ocrx_word' id='word_1_445' title='bbox 849 4606 1026 4678; x_wconf 72' lang='lat' dir='ltr'>snpperente</span> <span class='ocrx_word' id='word_1_446' title='bbox 1049 4591 1144 4654; x_wconf 78' lang='lat' dir='ltr'>Liu&#39;a</span> <span class='ocrx_word' id='word_1_447' title='bbox 1175 4591 1256 4653; x_wconf 70' lang='lat' dir='ltr'>branc</span> <span class='ocrx_word' id='word_1_448' title='bbox 1287 4615 1350 4654; x_wconf 84' lang='lat' dir='ltr'>esse</span> <span class='ocrx_word' id='word_1_449' title='bbox 1380 4615 1508 4654; x_wconf 74' lang='lat' dir='ltr'>ceruam</span> <span class='ocrx_word' id='word_1_450' title='bbox 1539 4593 1677 4654; x_wconf 86' lang='lat' dir='ltr'>omnium</span> <span class='ocrx_word' id='word_1_451' title='bbox 1700 4592 1856 4654; x_wconf 87' lang='lat' dir='ltr'>malorum</span> <span class='ocrx_word' id='word_1_452' title='bbox 1882 4594 1982 4670; x_wconf 86' lang='lat' dir='ltr'>iussit,</span> <span class='ocrx_word' id='word_1_453' title='bbox 2011 4605 2044 4655; x_wconf 89' lang='lat' dir='ltr'>ut</span> <span class='ocrx_word' id='word_1_454' title='bbox 2066 4594 2113 4655; x_wconf 88' lang='lat' dir='ltr'>eis</span> <span class='ocrx_word' id='word_1_455' title='bbox 2135 4606 2180 4656; x_wconf 86' lang='lat' dir='ltr'>est</span> 
     </span>
    </p>
   </div>
   <div class='ocr_carea' id='block_1_9' title="bbox 633 4784 1390 4852">
    <p class='ocr_par' dir='ltr' id='par_1_9' title="bbox 633 4784 1390 4852">
     <span class='ocr_line' id='line_1_39' title="bbox 633 4784 1390 4852; baseline -0.004 -11"><span class='ocrx_word' id='word_1_456' title='bbox 633 4793 718 4841; x_wconf 83' lang='lat' dir='ltr'>XXV.</span> <span class='ocrx_word' id='word_1_457' title='bbox 747 4784 919 4852; x_wconf 64' lang='lat' dir='ltr'>‘tilitaveritl</span> <span class='ocrx_word' id='word_1_458' title='bbox 938 4790 1107 4839; x_wconf 82' lang='lat' dir='ltr'>dedicaverit</span> <span class='ocrx_word' id='word_1_459' title='bbox 1127 4787 1163 4837; x_wconf 84' lang='lat' dir='ltr'>II.</span> <span class='ocrx_word' id='word_1_460' title='bbox 1237 4791 1339 4839; x_wconf 86' lang='lat' dir='ltr'>habens</span> <span class='ocrx_word' id='word_1_461' title='bbox 1359 4788 1390 4838; x_wconf 89' lang='lat' dir='ltr'>L.</span> 
     </span>
    </p>
   </div>
   <div class='ocr_carea' id='block_1_10' title="bbox 524 4890 2224 5495">
    <p class='ocr_par' dir='ltr' id='par_1_10' title="bbox 524 4890 2224 5495">
     <span class='ocr_line' id='line_1_40' title="bbox 633 4890 2175 4961; baseline -0.001 -13"><span class='ocrx_word' id='word_1_462' title='bbox 633 4900 730 4948; x_wconf 81' lang='lat' dir='ltr'>XXVI.</span> <span class='ocrx_word' id='word_1_463' title='bbox 765 4903 781 4948; x_wconf 82' lang='lat'><strong>3</strong></span> <span class='ocrx_word' id='word_1_464' title='bbox 808 4899 1066 4947; x_wconf 86' lang='lat' dir='ltr'>contaminationem</span> <span class='ocrx_word' id='word_1_465' title='bbox 1088 4891 1122 4944; x_wconf 79' lang='lat' dir='ltr'>II.</span> <span class='ocrx_word' id='word_1_466' title='bbox 1215 4899 1231 4944; x_wconf 83' lang='lat'><strong>6</strong></span> <span class='ocrx_word' id='word_1_467' title='bbox 1258 4903 1285 4945; x_wconf 90' lang='lat' dir='ltr'>et</span> <span class='ocrx_word' id='word_1_468' title='bbox 1304 4894 1434 4946; x_wconf 90' lang='lat' dir='ltr'>invisibili</span> <span class='ocrx_word' id='word_1_469' title='bbox 1452 4895 1542 4944; x_wconf 85' lang='lat' dir='ltr'>desunt</span> <span class='ocrx_word' id='word_1_470' title='bbox 1562 4898 1597 4948; x_wconf 76' lang='lat' dir='ltr'>ll.</span> <span class='ocrx_word' id='word_1_471' title='bbox 1688 4890 1820 4960; x_wconf 83' lang='lat' dir='ltr'>tfinivtt]</span> <span class='ocrx_word' id='word_1_472' title='bbox 1840 4896 1907 4946; x_wconf 89' lang='lat' dir='ltr'>fiunt</span> <span class='ocrx_word' id='word_1_473' title='bbox 1925 4896 1957 4946; x_wconf 85' lang='lat' dir='ltr'>L.</span> <span class='ocrx_word' id='word_1_474' title='bbox 2048 4890 2175 4961; x_wconf 83' lang='lat' dir='ltr'>81sque]</span> 
     </span>
     <span class='ocr_line' id='line_1_41' title="bbox 526 4982 2224 5048; baseline -0.001 -9"><span class='ocrx_word' id='word_1_475' title='bbox 526 4991 578 5039; x_wconf 87' lang='lat' dir='ltr'>llis</span> <span class='ocrx_word' id='word_1_476' title='bbox 597 4989 657 5038; x_wconf 66' lang='lat' dir='ltr'><strong>BL).</strong></span> <span class='ocrx_word' id='word_1_477' title='bbox 732 4991 764 5036; x_wconf 87' lang='lat'>10</span> <span class='ocrx_word' id='word_1_478' title='bbox 784 4982 949 5048; x_wconf 77' lang='lat' dir='ltr'>hutniliatnsl</span> <span class='ocrx_word' id='word_1_479' title='bbox 970 4985 1065 5035; x_wconf 87' lang='lat' dir='ltr'>humili</span> <span class='ocrx_word' id='word_1_480' title='bbox 1085 4984 1116 5032; x_wconf 60' lang='lat' dir='ltr'>t„</span> <span class='ocrx_word' id='word_1_481' title='bbox 1172 4984 1396 5034; x_wconf 79' lang='lat' dir='ltr'>manifestumli.</span> <span class='ocrx_word' id='word_1_482' title='bbox 1453 4987 1481 5033; x_wconf 92' lang='grc'>11</span> <span class='ocrx_word' id='word_1_483' title='bbox 1503 4984 1873 5035; x_wconf 81' lang='lat' dir='ltr'>scaturrirentBt.L.B3.</span> <span class='ocrx_word' id='word_1_484' title='bbox 1930 4988 1962 5036; x_wconf 80' lang='grc'><strong>12</strong></span> <span class='ocrx_word' id='word_1_485' title='bbox 1982 4986 2126 5035; x_wconf 76' lang='lat' dir='ltr'>affluerent</span> <span class='ocrx_word' id='word_1_486' title='bbox 2143 4984 2177 5034; x_wconf 86' lang='lat' dir='ltr'>L.</span> <span class='ocrx_word' id='word_1_487' title='bbox 2195 5000 2224 5037; x_wconf 74' lang='lat' dir='ltr'>to</span> 
     </span>
     <span class='ocr_line' id='line_1_42' title="bbox 526 5069 2176 5138; baseline -0.001 -10"><span class='ocrx_word' id='word_1_488' title='bbox 526 5078 594 5128; x_wconf 85' lang='lat' dir='ltr'>odor</span> <span class='ocrx_word' id='word_1_489' title='bbox 613 5077 644 5127; x_wconf 74' lang='lat' dir='ltr'>t.</span> <span class='ocrx_word' id='word_1_490' title='bbox 736 5077 1043 5138; x_wconf 76' lang='lat' dir='ltr'>odore-gravaretur</span> <span class='ocrx_word' id='word_1_491' title='bbox 1060 5075 1149 5123; x_wconf 70' lang='lat' dir='ltr'>(leniat</span> <span class='ocrx_word' id='word_1_492' title='bbox 1169 5073 1194 5122; x_wconf 88' lang='grc' dir='ltr'><em>Β</em></span> <span class='ocrx_word' id='word_1_493' title='bbox 1204 5079 1229 5122; x_wconf 84' lang='grc'>3.</span> <span class='ocrx_word' id='word_1_494' title='bbox 1249 5070 1285 5121; x_wconf 83' lang='lat' dir='ltr'>M.</span> <span class='ocrx_word' id='word_1_495' title='bbox 1376 5070 1455 5137; x_wconf 88' lang='lat' dir='ltr'>paulo</span> <span class='ocrx_word' id='word_1_496' title='bbox 1474 5072 1541 5122; x_wconf 82' lang='lat' dir='ltr'>deest</span> <span class='ocrx_word' id='word_1_497' title='bbox 1560 5074 1596 5123; x_wconf 78' lang='lat' dir='ltr'>tt.</span> <span class='ocrx_word' id='word_1_498' title='bbox 1689 5076 1721 5123; x_wconf 96' lang='grc'><strong>13</strong></span> <span class='ocrx_word' id='word_1_499' title='bbox 1746 5074 1837 5123; x_wconf 85' lang='lat' dir='ltr'>sidere</span> <span class='ocrx_word' id='word_1_500' title='bbox 1857 5069 1937 5136; x_wconf 84' lang='lat' dir='ltr'>caeli]</span> <span class='ocrx_word' id='word_1_501' title='bbox 1958 5073 2011 5124; x_wconf 86' lang='lat' dir='ltr'>celi</span> <span class='ocrx_word' id='word_1_502' title='bbox 2029 5075 2120 5124; x_wconf 85' lang='lat' dir='ltr'>sidera</span> <span class='ocrx_word' id='word_1_503' title='bbox 2139 5078 2176 5127; x_wconf 78' lang='grc'><strong>11.</strong></span> 
     </span>
     <span class='ocr_line' id='line_1_43' title="bbox 527 5157 2176 5229; baseline -0.002 -13"><span class='ocrx_word' id='word_1_504' title='bbox 527 5170 559 5216; x_wconf 75' lang='lat' dir='ltr'>tt</span> <span class='ocrx_word' id='word_1_505' title='bbox 578 5183 657 5216; x_wconf 83' lang='lat' dir='ltr'>suum</span> <span class='ocrx_word' id='word_1_506' title='bbox 675 5166 741 5214; x_wconf 75' lang='lat' dir='ltr'>deest</span> <span class='ocrx_word' id='word_1_507' title='bbox 760 5164 790 5213; x_wconf 60' lang='lat' dir='ltr'>Ii.</span> <span class='ocrx_word' id='word_1_508' title='bbox 866 5166 897 5212; x_wconf 85' lang='grc'><strong>16</strong></span> <span class='ocrx_word' id='word_1_509' title='bbox 918 5162 1118 5227; x_wconf 78' lang='lat' dir='ltr'>exspoliaverat</span> <span class='ocrx_word' id='word_1_510' title='bbox 1137 5162 1172 5211; x_wconf 80' lang='lat' dir='ltr'>II.</span> <span class='ocrx_word' id='word_1_511' title='bbox 1250 5164 1280 5212; x_wconf 85' lang='lat' dir='ltr'>lt</span> <span class='ocrx_word' id='word_1_512' title='bbox 1300 5167 1404 5211; x_wconf 87' lang='lat' dir='ltr'>sumtus</span> <span class='ocrx_word' id='word_1_513' title='bbox 1424 5161 1461 5210; x_wconf 79' lang='lat' dir='ltr'>tt.</span> <span class='ocrx_word' id='word_1_514' title='bbox 1542 5163 1575 5211; x_wconf 84' lang='lat'>18</span> <span class='ocrx_word' id='word_1_515' title='bbox 1594 5162 1712 5212; x_wconf 87' lang='lat' dir='ltr'>omicida</span> <span class='ocrx_word' id='word_1_516' title='bbox 1732 5160 1791 5211; x_wconf 79' lang='lat'>132.</span> <span class='ocrx_word' id='word_1_517' title='bbox 1868 5165 1898 5212; x_wconf 88' lang='grc'>19</span> <span class='ocrx_word' id='word_1_518' title='bbox 1919 5157 2041 5228; x_wconf 81' lang='lat' dir='ltr'>peregre]</span> <span class='ocrx_word' id='word_1_519' title='bbox 2063 5179 2176 5229; x_wconf 82' lang='lat' dir='ltr'>peregre</span> 
     </span>
     <span class='ocr_line' id='line_1_44' title="bbox 524 5245 2175 5318; baseline -0.003 -13"><span class='ocrx_word' id='word_1_520' title='bbox 524 5274 587 5306; x_wconf 82' lang='lat' dir='ltr'>corr.</span> <span class='ocrx_word' id='word_1_521' title='bbox 606 5256 640 5304; x_wconf 84' lang='lat' dir='ltr'>al.</span> <span class='ocrx_word' id='word_1_522' title='bbox 661 5273 727 5303; x_wconf 79' lang='lat' dir='ltr'>niara.</span> <span class='ocrx_word' id='word_1_523' title='bbox 748 5254 772 5303; x_wconf 87' lang='lat' dir='ltr'><em>B</em></span> <span class='ocrx_word' id='word_1_524' title='bbox 782 5259 806 5313; x_wconf 74' lang='grc'>3,</span> <span class='ocrx_word' id='word_1_525' title='bbox 827 5270 891 5318; x_wconf 87' lang='lat' dir='ltr'>pere</span> <span class='ocrx_word' id='word_1_526' title='bbox 912 5249 947 5300; x_wconf 78' lang='lat' dir='ltr'>ll.</span> <span class='ocrx_word' id='word_1_527' title='bbox 1010 5255 1065 5301; x_wconf 81' lang='lat' dir='ltr'>vita</span> <span class='ocrx_word' id='word_1_528' title='bbox 1084 5252 1149 5300; x_wconf 69' lang='lat' dir='ltr'>drea</span> <span class='ocrx_word' id='word_1_529' title='bbox 1170 5251 1229 5299; x_wconf 81' lang='lat' dir='ltr'>Bt.</span> <span class='ocrx_word' id='word_1_530' title='bbox 1294 5253 1324 5300; x_wconf 79' lang='lat'>21</span> <span class='ocrx_word' id='word_1_531' title='bbox 1348 5245 1410 5312; x_wconf 85' lang='lat' dir='ltr'>Dei]</span> <span class='ocrx_word' id='word_1_532' title='bbox 1431 5248 1534 5301; x_wconf 85' lang='lat' dir='ltr'>inlicite</span> <span class='ocrx_word' id='word_1_533' title='bbox 1553 5250 1613 5301; x_wconf 82' lang='lat' dir='ltr'>add.</span> <span class='ocrx_word' id='word_1_534' title='bbox 1633 5248 1736 5312; x_wconf 58' lang='grc' dir='ltr'>ΒΜ).</span> <span class='ocrx_word' id='word_1_535' title='bbox 1755 5250 1781 5300; x_wconf 91' lang='lat' dir='ltr'><em>B</em></span> <span class='ocrx_word' id='word_1_536' title='bbox 1791 5255 1815 5301; x_wconf 84' lang='lat'>3.</span> <span class='ocrx_word' id='word_1_537' title='bbox 1836 5251 1874 5301; x_wconf 83' lang='grc' dir='ltr'>Μ.</span> <span class='ocrx_word' id='word_1_538' title='bbox 1938 5254 1972 5301; x_wconf 77' lang='grc'>24</span> <span class='ocrx_word' id='word_1_539' title='bbox 1992 5251 2097 5301; x_wconf 86' lang='lat' dir='ltr'>orribili</span> <span class='ocrx_word' id='word_1_540' title='bbox 2116 5251 2142 5301; x_wconf 92' lang='lat' dir='ltr'><em>B</em></span> <span class='ocrx_word' id='word_1_541' title='bbox 2152 5255 2175 5300; x_wconf 80' lang='lat'>2.</span> 
     </span>
     <span class='ocr_line' id='line_1_45' title="bbox 526 5336 2176 5408; baseline -0.003 -14"><span class='ocrx_word' id='word_1_542' title='bbox 526 5339 698 5406; x_wconf 83' lang='lat' dir='ltr'>occumbere]</span> <span class='ocrx_word' id='word_1_543' title='bbox 725 5353 853 5408; x_wconf 83' lang='lat' dir='ltr'>appetere</span> <span class='ocrx_word' id='word_1_544' title='bbox 880 5342 939 5400; x_wconf 68' lang='lat' dir='ltr'>Bt),</span> <span class='ocrx_word' id='word_1_545' title='bbox 969 5352 1098 5406; x_wconf 83' lang='lat' dir='ltr'>oppetere</span> <span class='ocrx_word' id='word_1_546' title='bbox 1127 5340 1188 5400; x_wconf 83' lang='lat' dir='ltr'>B3,</span> <span class='ocrx_word' id='word_1_547' title='bbox 1217 5349 1327 5405; x_wconf 89' lang='lat' dir='ltr'>opetere</span> <span class='ocrx_word' id='word_1_548' title='bbox 1347 5336 1383 5388; x_wconf 74' lang='lat' dir='ltr'>II.</span> <span class='ocrx_word' id='word_1_549' title='bbox 1475 5341 1508 5389; x_wconf 80' lang='lat'>25</span> <span class='ocrx_word' id='word_1_550' title='bbox 1535 5341 1666 5404; x_wconf 80' lang='lat' dir='ltr'>sagatiter</span> <span class='ocrx_word' id='word_1_551' title='bbox 1686 5341 1722 5390; x_wconf 74' lang='lat' dir='ltr'>tt.</span> <span class='ocrx_word' id='word_1_552' title='bbox 1813 5338 1980 5391; x_wconf 86' lang='lat' dir='ltr'>oblationem</span> <span class='ocrx_word' id='word_1_553' title='bbox 2005 5338 2037 5389; x_wconf 87' lang='lat' dir='ltr'>L.</span> <span class='ocrx_word' id='word_1_554' title='bbox 2057 5339 2119 5390; x_wconf 89' lang='lat' dir='ltr'>B3.</span> <span class='ocrx_word' id='word_1_555' title='bbox 2139 5340 2176 5389; x_wconf 77' lang='grc' dir='ltr'>Μ.</span> 
     </span>
     <span class='ocr_line' id='line_1_46' title="bbox 526 5424 2224 5495; baseline -0.004 -12"><span class='ocrx_word' id='word_1_556' title='bbox 526 5436 560 5484; x_wconf 82' lang='grc'>23</span> <span class='ocrx_word' id='word_1_557' title='bbox 579 5427 701 5495; x_wconf 77' lang='lat' dir='ltr'>inultam]</span> <span class='ocrx_word' id='word_1_558' title='bbox 721 5433 757 5480; x_wconf 87' lang='lat' dir='ltr'>ita</span> <span class='ocrx_word' id='word_1_559' title='bbox 775 5450 847 5490; x_wconf 64' lang='lat' dir='ltr'>carr,</span> <span class='ocrx_word' id='word_1_560' title='bbox 874 5429 988 5480; x_wconf 87' lang='lat' dir='ltr'>inultum</span> <span class='ocrx_word' id='word_1_561' title='bbox 1011 5432 1037 5480; x_wconf 77' lang='lat' dir='ltr'>e.</span> <span class='ocrx_word' id='word_1_562' title='bbox 1057 5430 1116 5478; x_wconf 71' lang='lat' dir='ltr'>tit.</span> <span class='ocrx_word' id='word_1_563' title='bbox 1137 5429 1167 5478; x_wconf 82' lang='lat' dir='ltr'>L.</span> <span class='ocrx_word' id='word_1_564' title='bbox 1187 5429 1247 5490; x_wconf 70' lang='lat' dir='ltr'>aa,</span> <span class='ocrx_word' id='word_1_565' title='bbox 1273 5427 1385 5478; x_wconf 90' lang='lat' dir='ltr'>multum</span> <span class='ocrx_word' id='word_1_566' title='bbox 1404 5428 1464 5478; x_wconf 87' lang='lat' dir='ltr'>B3.</span> <span class='ocrx_word' id='word_1_567' title='bbox 1484 5424 1522 5478; x_wconf 86' lang='lat' dir='ltr'>M.</span> <span class='ocrx_word' id='word_1_568' title='bbox 1595 5430 1627 5479; x_wconf 77' lang='lat' dir='ltr'>tt</span> <span class='ocrx_word' id='word_1_569' title='bbox 1647 5430 1676 5478; x_wconf 81' lang='lat' dir='ltr'>ln</span> <span class='ocrx_word' id='word_1_570' title='bbox 1693 5428 1760 5478; x_wconf 78' lang='lat' dir='ltr'>deest</span> <span class='ocrx_word' id='word_1_571' title='bbox 1777 5429 1809 5478; x_wconf 89' lang='lat' dir='ltr'>L.</span> <span class='ocrx_word' id='word_1_572' title='bbox 2195 5443 2224 5483; x_wconf 72' lang='lat' dir='ltr'>aa</span> 
     </span>
    </p>
   </div>
   <div class='ocr_carea' id='block_1_11' title="bbox 525 5530 2176 5779">
    <p class='ocr_par' dir='ltr' id='par_1_11' title="bbox 525 5530 2176 5779">
     <span class='ocr_line' id='line_1_47' title="bbox 632 5530 2176 5603; baseline -0.001 -15"><span class='ocrx_word' id='word_1_573' title='bbox 632 5539 749 5588; x_wconf 83' lang='lat' dir='ltr'>XXVII.</span> <span class='ocrx_word' id='word_1_574' title='bbox 778 5541 811 5588; x_wconf 82' lang='lat'>29</span> <span class='ocrx_word' id='word_1_575' title='bbox 833 5555 921 5603; x_wconf 88' lang='lat' dir='ltr'>poena</span> <span class='ocrx_word' id='word_1_576' title='bbox 939 5537 1005 5586; x_wconf 75' lang='lat' dir='ltr'>deett</span> <span class='ocrx_word' id='word_1_577' title='bbox 1025 5537 1083 5586; x_wconf 70' lang='lat'>132.</span> <span class='ocrx_word' id='word_1_578' title='bbox 1096 5541 1121 5584; x_wconf 79' lang='lat' dir='ltr'>a.</span> <span class='ocrx_word' id='word_1_579' title='bbox 1142 5536 1178 5586; x_wconf 83' lang='grc'><strong>11.</strong></span> <span class='ocrx_word' id='word_1_580' title='bbox 1252 5539 1282 5585; x_wconf 87' lang='grc'><strong>31</strong></span> <span class='ocrx_word' id='word_1_581' title='bbox 1305 5530 1403 5600; x_wconf 86' lang='lat' dir='ltr'>poena]</span> <span class='ocrx_word' id='word_1_582' title='bbox 1422 5535 1460 5584; x_wconf 85' lang='lat' dir='ltr'>ita</span> <span class='ocrx_word' id='word_1_583' title='bbox 1478 5552 1561 5585; x_wconf 81' lang='lat' dir='ltr'>ornnes</span> <span class='ocrx_word' id='word_1_584' title='bbox 1578 5535 1649 5586; x_wconf 84' lang='lat' dir='ltr'>cedd.</span> <span class='ocrx_word' id='word_1_585' title='bbox 1729 5539 1762 5588; x_wconf 84' lang='grc'>32</span> <span class='ocrx_word' id='word_1_586' title='bbox 1782 5545 1873 5587; x_wconf 80' lang='lat' dir='ltr'>utitem</span> <span class='ocrx_word' id='word_1_587' title='bbox 1892 5536 1959 5587; x_wconf 80' lang='lat' dir='ltr'>deest</span> <span class='ocrx_word' id='word_1_588' title='bbox 1977 5534 2013 5586; x_wconf 75' lang='lat' dir='ltr'>M,</span> <span class='ocrx_word' id='word_1_589' title='bbox 2087 5543 2176 5586; x_wconf 85' lang='lat' dir='ltr'>cente·</span> 
     </span>
     <span class='ocr_line' id='line_1_48' title="bbox 525 5620 2176 5690; baseline -0.003 -10"><span class='ocrx_word' id='word_1_590' title='bbox 525 5633 594 5680; x_wconf 88' lang='lat' dir='ltr'>simo</span> <span class='ocrx_word' id='word_1_591' title='bbox 613 5629 679 5679; x_wconf 82' lang='lat' dir='ltr'>deest</span> <span class='ocrx_word' id='word_1_592' title='bbox 696 5628 776 5688; x_wconf 67' lang='lat' dir='ltr'>codd„</span> <span class='ocrx_word' id='word_1_593' title='bbox 796 5628 886 5690; x_wconf 62' lang='lat' dir='ltr'>taliter</span> <span class='ocrx_word' id='word_1_594' title='bbox 904 5627 931 5675; x_wconf 81' lang='lat' dir='ltr'>in</span> <span class='ocrx_word' id='word_1_595' title='bbox 952 5627 1022 5690; x_wconf 73' lang='lat' dir='ltr'>l&#39;ntp.</span> <span class='ocrx_word' id='word_1_596' title='bbox 1107 5620 1190 5686; x_wconf 82' lang='lat' dir='ltr'>nono}</span> <span class='ocrx_word' id='word_1_597' title='bbox 1212 5641 1267 5675; x_wconf 89' lang='lat' dir='ltr'>non</span> <span class='ocrx_word' id='word_1_598' title='bbox 1286 5624 1318 5674; x_wconf 83' lang='lat' dir='ltr'>L·</span> <span class='ocrx_word' id='word_1_599' title='bbox 1403 5626 1436 5675; x_wconf 89' lang='grc'>33</span> <span class='ocrx_word' id='word_1_600' title='bbox 1456 5625 1569 5674; x_wconf 84' lang='lat' dir='ltr'>ludeam</span> <span class='ocrx_word' id='word_1_601' title='bbox 1588 5624 1648 5675; x_wconf 89' lang='lat' dir='ltr'>B3.</span> <span class='ocrx_word' id='word_1_602' title='bbox 1669 5622 1706 5673; x_wconf 80' lang='lat' dir='ltr'>M.</span> <span class='ocrx_word' id='word_1_603' title='bbox 1795 5628 1829 5676; x_wconf 83' lang='lat'>34</span> <span class='ocrx_word' id='word_1_604' title='bbox 1849 5620 2032 5690; x_wconf 78' lang='lat' dir='ltr'>negotiorum]</span> <span class='ocrx_word' id='word_1_605' title='bbox 2053 5627 2176 5690; x_wconf 84' lang='lat' dir='ltr'>negotia·</span> 
     </span>
     <span class='ocr_line' id='line_1_49' title="bbox 526 5712 1353 5779; baseline -0.005 -11"><span class='ocrx_word' id='word_1_606' title='bbox 526 5729 614 5769; x_wconf 86' lang='lat' dir='ltr'>torum</span> <span class='ocrx_word' id='word_1_607' title='bbox 636 5717 671 5767; x_wconf 83' lang='lat' dir='ltr'>tt.</span> <span class='ocrx_word' id='word_1_608' title='bbox 745 5721 778 5766; x_wconf 76' lang='grc'>33</span> <span class='ocrx_word' id='word_1_609' title='bbox 799 5718 945 5765; x_wconf 74' lang='lat' dir='ltr'>Antioenm</span> <span class='ocrx_word' id='word_1_610' title='bbox 965 5715 1001 5764; x_wconf 80' lang='lat' dir='ltr'>M.</span> <span class='ocrx_word' id='word_1_611' title='bbox 1075 5717 1107 5764; x_wconf 78' lang='grc'><strong>31</strong></span> <span class='ocrx_word' id='word_1_612' title='bbox 1129 5723 1302 5779; x_wconf 86' lang='lat' dir='ltr'>peecatorum</span> <span class='ocrx_word' id='word_1_613' title='bbox 1321 5712 1353 5764; x_wconf 85' lang='lat' dir='ltr'>L.</span> 
     </span>
    </p>
   </div>
   <div class='ocr_carea' id='block_1_12' title="bbox 637 5895 1463 5972">
    <p class='ocr_par' dir='ltr' id='par_1_12' title="bbox 637 5895 1463 5972">
     <span class='ocr_line' id='line_1_50' title="bbox 637 5895 1463 5972; baseline -0.005 -18"><span class='ocrx_word' id='word_1_614' title='bbox 637 5899 664 5968; x_wconf 84' lang='lat' dir='ltr'>l)</span> <span class='ocrx_word' id='word_1_615' title='bbox 690 5899 739 5970; x_wconf 71' lang='lat' dir='ltr'>(If.</span> <span class='ocrx_word' id='word_1_616' title='bbox 765 5897 846 5954; x_wconf 68' lang='lat' dir='ltr'>lintius</span> <span class='ocrx_word' id='word_1_617' title='bbox 869 5898 1002 5972; x_wconf 73' lang='lat' dir='ltr'>qristolae</span> <span class='ocrx_word' id='word_1_618' title='bbox 1025 5895 1069 5950; x_wconf 86' lang='lat' dir='ltr'>lib.</span> <span class='ocrx_word' id='word_1_619' title='bbox 1088 5895 1108 5950; x_wconf 91' lang='lat' dir='ltr'>I</span> <span class='ocrx_word' id='word_1_620' title='bbox 1127 5915 1149 5951; x_wconf 83' lang='lat' dir='ltr'>e.</span> <span class='ocrx_word' id='word_1_621' title='bbox 1167 5903 1205 5964; x_wconf 72' lang='grc'>2,·</span> <span class='ocrx_word' id='word_1_622' title='bbox 1235 5914 1324 5970; x_wconf 79' lang='lat' dir='ltr'>sttpra</span> <span class='ocrx_word' id='word_1_623' title='bbox 1345 5915 1375 5969; x_wconf 87' lang='lat' dir='ltr'>p.</span> <span class='ocrx_word' id='word_1_624' title='bbox 1395 5897 1463 5954; x_wconf 87' lang='lat'><em>730.</em></span> 
     </span>
    </p>
   </div>
   <div class='ocr_carea' id='block_1_13' title="bbox 0 0 2446 6710">
    <p class='ocr_par' dir='ltr' id='par_1_13' title="bbox 0 0 2446 6710">
     <span class='ocr_line' id='line_1_51' title="bbox 0 0 2446 6710; baseline 0 0"><span class='ocrx_word' id='word_1_625' title='bbox 0 0 2446 6710; x_wconf 95' lang='lat' dir='ltr'> </span> 
     </span>
    </p>
   </div>
  </div>
 </body>
</html>
