<?xml version="1.0" encoding="UTF-8"?>
<!DOCTYPE html PUBLIC "-//W3C//DTD XHTML 1.0 Transitional//EN"
    "http://www.w3.org/TR/xhtml1/DTD/xhtml1-transitional.dtd">
<html xmlns="http://www.w3.org/1999/xhtml" xml:lang="en" lang="en">
 <head>
  <title>
</title>
<meta http-equiv="Content-Type" content="text/html;charset=utf-8" />
  <meta name='ocr-system' content='tesseract 3.04.00' />
  <meta name='ocr-capabilities' content='ocr_page ocr_carea ocr_par ocr_line ocrx_word'/>
</head>
<body>
  <div class='ocr_page' id='page_1' title='image "./monumentagerman02gescgoog/monumentagerman02gescgoog_0341.png"; bbox 0 0 4884 6717; ppageno 0'>
   <div class='ocr_carea' id='block_1_1' title="bbox 676 501 1910 571">
    <p class='ocr_par' dir='ltr' id='par_1_1' title="bbox 676 501 1910 571">
     <span class='ocr_line' id='line_1_1' title="bbox 676 501 1910 571; baseline 0.002 -11"><span class='ocrx_word' id='word_1_1' title='bbox 676 505 728 561; x_wconf 79' lang='lat'><em>56.</em></span> <span class='ocrx_word' id='word_1_2' title='bbox 765 505 982 563; x_wconf 81' lang='lat' dir='ltr'>CONCILIUM</span> <span class='ocrx_word' id='word_1_3' title='bbox 1007 505 1336 571; x_wconf 76' lang='lat' dir='ltr'>AQI&#39;ISGRANENSE</span> <span class='ocrx_word' id='word_1_4' title='bbox 1361 507 1398 562; x_wconf 76' lang='lat' dir='ltr'><em>A.</em></span> <span class='ocrx_word' id='word_1_5' title='bbox 1420 506 1494 562; x_wconf 78' lang='lat'><strong>836.</strong></span> <span class='ocrx_word' id='word_1_6' title='bbox 1847 501 1910 563; x_wconf 76' lang='grc'><em>753</em></span> 
     </span>
    </p>
   </div>
   <div class='ocr_carea' id='block_1_2' title="bbox 231 693 2056 1552">
    <p class='ocr_par' dir='ltr' id='par_1_2' title="bbox 231 693 2056 1552">
     <span class='ocr_line' id='line_1_2' title="bbox 255 693 2056 799; baseline -0.002 -42"><span class='ocrx_word' id='word_1_7' title='bbox 255 695 355 757; x_wconf 74' lang='lat' dir='ltr'><em>loetum</em></span> <span class='ocrx_word' id='word_1_8' title='bbox 377 718 497 757; x_wconf 86' lang='lat' dir='ltr'><em>summe</em></span> <span class='ocrx_word' id='word_1_9' title='bbox 521 695 636 758; x_wconf 79' lang='lat' dir='ltr'><em>honore</em></span> <span class='ocrx_word' id='word_1_10' title='bbox 660 693 791 780; x_wconf 64' lang='lat' dir='ltr'><em>dianam</em></span> <span class='ocrx_word' id='word_1_11' title='bbox 815 694 961 758; x_wconf 79' lang='lat' dir='ltr'><em>ducerent</em></span> <span class='ocrx_word' id='word_1_12' title='bbox 983 708 1011 758; x_wconf 91' lang='lat' dir='ltr'><em>et</em></span> <span class='ocrx_word' id='word_1_13' title='bbox 1033 695 1181 779; x_wconf 85' lang='lat' dir='ltr'><em>ternplum</em></span> <span class='ocrx_word' id='word_1_14' title='bbox 1204 696 1355 758; x_wconf 78' lang='lat' dir='ltr'><em>maximis</em></span> <span class='ocrx_word' id='word_1_15' title='bbox 1378 695 1559 758; x_wconf 83' lang='lat' dir='ltr'><em>muneribus</em></span> <span class='ocrx_word' id='word_1_16' title='bbox 1578 695 1794 775; x_wconf 77' lang='lat' dir='ltr'><em>inlustrat-ent,</em></span> <span class='ocrx_word' id='word_1_17' title='bbox 1816 697 1861 758; x_wconf 90' lang='lat' dir='ltr'><em>ita</em></span> <span class='ocrx_word' id='word_1_18' title='bbox 1879 709 1912 759; x_wconf 86' lang='lat' dir='ltr'><em>ut</em></span> <span class='ocrx_word' id='word_1_19' title='bbox 1929 703 2056 799; x_wconf 45' lang='lat' dir='ltr'><em>&amp;lyges</em></span> 
     </span>
     <span class='ocr_line' id='line_1_3' title="bbox 255 788 2019 888; baseline 0.001 -24"><span class='ocrx_word' id='word_1_20' title='bbox 255 799 402 864; x_wconf 82' lang='lat' dir='ltr'><em>Seleucna</em></span> <span class='ocrx_word' id='word_1_21' title='bbox 425 801 524 864; x_wconf 75' lang='lat' dir='ltr'><em>Assae</em></span> <span class='ocrx_word' id='word_1_22' title='bbox 547 800 665 865; x_wconf 79' lang='lat' dir='ltr'><em>rende</em></span> <span class='ocrx_word' id='word_1_23' title='bbox 688 800 844 864; x_wconf 80' lang='lat' dir='ltr'><em>reditibus</em></span> <span class='ocrx_word' id='word_1_24' title='bbox 865 804 933 864; x_wconf 81' lang='lat' dir='ltr'><em>sur‘s</em></span> <span class='ocrx_word' id='word_1_25' title='bbox 952 814 1110 886; x_wconf 70' lang='lat' dir='ltr'><em>prestaret</em></span> <span class='ocrx_word' id='word_1_26' title='bbox 1138 825 1242 864; x_wconf 87' lang='lat' dir='ltr'><em>omnes</em></span> <span class='ocrx_word' id='word_1_27' title='bbox 1271 815 1413 887; x_wconf 72' lang='lat' dir='ltr'><em>sumptura</em></span> <span class='ocrx_word' id='word_1_28' title='bbox 1443 805 1478 866; x_wconf 87' lang='lat' dir='ltr'><em>in</em></span> <span class='ocrx_word' id='word_1_29' title='bbox 1500 804 1709 865; x_wconf 83' lang='lat' dir='ltr'><em>ministerium</em></span> <span class='ocrx_word' id='word_1_30' title='bbox 1734 803 1910 888; x_wconf 66' lang='lat' dir='ltr'><em>sacrifimo·</em></span> <span class='ocrx_word' id='word_1_31' title='bbox 2013 788 2019 801; x_wconf 53' lang='lat'><strong><em>⁹</em></strong></span> 
     </span>
     <span class='ocr_line' id='line_1_4' title="bbox 256 904 1909 994; baseline 0.001 -25"><span class='ocrx_word' id='word_1_32' title='bbox 256 932 323 970; x_wconf 88' lang='lat' dir='ltr'><em>rum</em></span> <span class='ocrx_word' id='word_1_33' title='bbox 346 910 549 992; x_wconf 82' lang='lat' dir='ltr'><em>pertinentes.</em></span> <span class='ocrx_word' id='word_1_34' title='bbox 610 905 769 985; x_wconf 82' lang='lat' dir='ltr'><em>Observa,</em></span> <span class='ocrx_word' id='word_1_35' title='bbox 801 904 940 990; x_wconf 84' lang='lat' dir='ltr'><em>diligens</em></span> <span class='ocrx_word' id='word_1_36' title='bbox 971 905 1082 986; x_wconf 88' lang='lat' dir='ltr'><em>lector,</em></span> <span class='ocrx_word' id='word_1_37' title='bbox 1107 917 1264 992; x_wconf 89' lang='lat' dir='ltr'><em>quantum</em></span> <span class='ocrx_word' id='word_1_38' title='bbox 1295 913 1509 970; x_wconf 85' lang='lat' dir='ltr'><em>memoratum</em></span> <span class='ocrx_word' id='word_1_39' title='bbox 1533 905 1721 970; x_wconf 82' lang='lat' dir='ltr'><em>venerabile</em></span> <span class='ocrx_word' id='word_1_40' title='bbox 1752 906 1909 994; x_wconf 90' lang='lat' dir='ltr'><em>templum</em></span> 
     </span>
     <span class='ocr_line' id='line_1_5' title="bbox 253 1010 1909 1097; baseline 0.002 -23"><span class='ocrx_word' id='word_1_41' title='bbox 253 1034 319 1075; x_wconf 92' lang='lat' dir='ltr'><em>non</em></span> <span class='ocrx_word' id='word_1_42' title='bbox 343 1011 447 1075; x_wconf 90' lang='lat' dir='ltr'><em>solum</em></span> <span class='ocrx_word' id='word_1_43' title='bbox 472 1033 491 1075; x_wconf 91' lang='lat' dir='ltr'><em>a</em></span> <span class='ocrx_word' id='word_1_44' title='bbox 514 1010 718 1097; x_wconf 90' lang='lat' dir='ltr'><em>principibus</em></span> <span class='ocrx_word' id='word_1_45' title='bbox 743 1022 776 1074; x_wconf 91' lang='lat' dir='ltr'><em>et</em></span> <span class='ocrx_word' id='word_1_46' title='bbox 798 1011 931 1096; x_wconf 84' lang='lat' dir='ltr'><em>regibus</em></span> <span class='ocrx_word' id='word_1_47' title='bbox 956 1011 1100 1076; x_wconf 82' lang='lat' dir='ltr'><em>divinam</em></span> <span class='ocrx_word' id='word_1_48' title='bbox 1124 1011 1231 1096; x_wconf 87' lang='lat' dir='ltr'><em>legem</em></span> <span class='ocrx_word' id='word_1_49' title='bbox 1262 1012 1459 1093; x_wconf 89' lang='lat' dir='ltr'><em>tenentibus,</em></span> <span class='ocrx_word' id='word_1_50' title='bbox 1495 1013 1553 1076; x_wconf 88' lang='lat' dir='ltr'><em>sed</em></span> <span class='ocrx_word' id='word_1_51' title='bbox 1584 1014 1680 1076; x_wconf 91' lang='lat' dir='ltr'><em>etiam</em></span> <span class='ocrx_word' id='word_1_52' title='bbox 1716 1036 1736 1076; x_wconf 90' lang='lat' dir='ltr'><em>a</em></span> <span class='ocrx_word' id='word_1_53' title='bbox 1771 1014 1909 1077; x_wconf 88' lang='lat' dir='ltr'><em>diversis</em></span> 
     </span>
     <span class='ocr_line' id='line_1_6' title="bbox 231 1117 1909 1204; baseline -0.001 -18"><span class='ocrx_word' id='word_1_54' title='bbox 231 1120 420 1186; x_wconf 85' lang='lat' dir='ltr'><em>snationum</em></span> <span class='ocrx_word' id='word_1_55' title='bbox 449 1117 580 1203; x_wconf 80' lang='lat' dir='ltr'><em>regibus</em></span> <span class='ocrx_word' id='word_1_56' title='bbox 605 1117 743 1182; x_wconf 88' lang='lat' dir='ltr'><em>eandem</em></span> <span class='ocrx_word' id='word_1_57' title='bbox 768 1118 833 1182; x_wconf 88' lang='lat' dir='ltr'><em>Dei</em></span> <span class='ocrx_word' id='word_1_58' title='bbox 864 1117 968 1203; x_wconf 83' lang='lat' dir='ltr'><em>legem</em></span> <span class='ocrx_word' id='word_1_59' title='bbox 999 1117 1224 1202; x_wconf 81' lang='lat' dir='ltr'><em>ignorantibus</em></span> <span class='ocrx_word' id='word_1_60' title='bbox 1255 1129 1388 1204; x_wconf 90' lang='lat' dir='ltr'><em>propter</em></span> <span class='ocrx_word' id='word_1_61' title='bbox 1419 1141 1562 1183; x_wconf 89' lang='lat' dir='ltr'><em>amorem</em></span> <span class='ocrx_word' id='word_1_62' title='bbox 1593 1131 1625 1183; x_wconf 90' lang='lat' dir='ltr'><em>et</em></span> <span class='ocrx_word' id='word_1_63' title='bbox 1660 1119 1816 1183; x_wconf 88' lang='lat' dir='ltr'><em>honorem</em></span> <span class='ocrx_word' id='word_1_64' title='bbox 1843 1121 1909 1184; x_wconf 89' lang='lat' dir='ltr'><em>Dei</em></span> 
     </span>
     <span class='ocr_line' id='line_1_7' title="bbox 253 1224 1908 1313; baseline 0.001 -25"><span class='ocrx_word' id='word_1_65' title='bbox 253 1226 405 1289; x_wconf 83' lang='lat' dir='ltr'><em>maximis</em></span> <span class='ocrx_word' id='word_1_66' title='bbox 428 1224 617 1289; x_wconf 89' lang='lat' dir='ltr'><em>muneribus</em></span> <span class='ocrx_word' id='word_1_67' title='bbox 642 1225 684 1288; x_wconf 94' lang='lat' dir='ltr'><em>sit</em></span> <span class='ocrx_word' id='word_1_68' title='bbox 707 1224 910 1288; x_wconf 83' lang='lat' dir='ltr'><em>inlustratum</em></span> <span class='ocrx_word' id='word_1_69' title='bbox 937 1237 969 1288; x_wconf 92' lang='lat' dir='ltr'><em>et</em></span> <span class='ocrx_word' id='word_1_70' title='bbox 992 1225 1194 1288; x_wconf 88' lang='lat' dir='ltr'><em>honoratum.</em></span> <span class='ocrx_word' id='word_1_71' title='bbox 1242 1225 1327 1289; x_wconf 86' lang='lat' dir='ltr'><em>Nam</em></span> <span class='ocrx_word' id='word_1_72' title='bbox 1350 1235 1383 1289; x_wconf 91' lang='lat' dir='ltr'><em>et</em></span> <span class='ocrx_word' id='word_1_73' title='bbox 1405 1224 1491 1289; x_wconf 88' lang='lat' dir='ltr'><em>idem</em></span> <span class='ocrx_word' id='word_1_74' title='bbox 1515 1225 1671 1313; x_wconf 89' lang='lat' dir='ltr'><em>templum</em></span> <span class='ocrx_word' id='word_1_75' title='bbox 1697 1227 1740 1290; x_wconf 89' lang='lat' dir='ltr'><em>ad</em></span> <span class='ocrx_word' id='word_1_76' title='bbox 1770 1227 1908 1290; x_wconf 90' lang='lat' dir='ltr'><em>adoran-</em></span> 
     </span>
     <span class='ocr_line' id='line_1_8' title="bbox 254 1330 1907 1417; baseline 0.002 -23"><span class='ocrx_word' id='word_1_77' title='bbox 254 1332 330 1396; x_wconf 90' lang='lat' dir='ltr'><em>dum</em></span> <span class='ocrx_word' id='word_1_78' title='bbox 354 1332 531 1396; x_wconf 91' lang='lat' dir='ltr'><em>Dominum</em></span> <span class='ocrx_word' id='word_1_79' title='bbox 557 1342 590 1395; x_wconf 90' lang='lat' dir='ltr'><em>et</em></span> <span class='ocrx_word' id='word_1_80' title='bbox 613 1330 751 1394; x_wconf 86' lang='lat' dir='ltr'><em>diversis</em></span> <span class='ocrx_word' id='word_1_81' title='bbox 776 1330 963 1394; x_wconf 87' lang='lat' dir='ltr'><em>muneribus</em></span> <span class='ocrx_word' id='word_1_82' title='bbox 996 1331 1219 1394; x_wconf 87' lang='lat' dir='ltr'><em>honorandum</em></span> <span class='ocrx_word' id='word_1_83' title='bbox 1250 1331 1367 1395; x_wconf 88' lang='lat' dir='ltr'><em>multos</em></span> <span class='ocrx_word' id='word_1_84' title='bbox 1397 1331 1564 1417; x_wconf 82' lang='lat' dir='ltr'><em>gentilium</em></span> <span class='ocrx_word' id='word_1_85' title='bbox 1597 1332 1716 1397; x_wconf 77' lang='lat' dir='ltr'><em>adiisse</em></span> <span class='ocrx_word' id='word_1_86' title='bbox 1747 1332 1907 1397; x_wconf 87' lang='lat' dir='ltr'><em>adventus</em></span> 
     </span>
     <span class='ocr_line' id='line_1_9' title="bbox 241 1436 2045 1552; baseline -0.001 -51"><span class='ocrx_word' id='word_1_87' title='bbox 241 1438 338 1527; x_wconf 77' lang='lat' dir='ltr'><em>villins</em></span> <span class='ocrx_word' id='word_1_88' title='bbox 361 1438 543 1524; x_wconf 81' lang='lat' dir='ltr'><em>Aethiopis,</em></span> <span class='ocrx_word' id='word_1_89' title='bbox 576 1460 672 1524; x_wconf 87' lang='lat' dir='ltr'><em>quem</em></span> <span class='ocrx_word' id='word_1_90' title='bbox 698 1461 718 1500; x_wconf 87' lang='lat' dir='ltr'><em>a</em></span> <span class='ocrx_word' id='word_1_91' title='bbox 741 1437 892 1524; x_wconf 92' lang='lat' dir='ltr'><em>Philippo</em></span> <span class='ocrx_word' id='word_1_92' title='bbox 924 1436 1062 1522; x_wconf 84' lang='lat' dir='ltr'><em>legimus</em></span> <span class='ocrx_word' id='word_1_93' title='bbox 1089 1436 1301 1522; x_wconf 86' lang='lat' dir='ltr'><em>baptizatum,</em></span> <span class='ocrx_word' id='word_1_94' title='bbox 1335 1460 1463 1502; x_wconf 79' lang='lat' dir='ltr'>necnon</span> <span class='ocrx_word' id='word_1_95' title='bbox 1495 1449 1527 1502; x_wconf 88' lang='lat' dir='ltr'><em>et</em></span> <span class='ocrx_word' id='word_1_96' title='bbox 1556 1437 1645 1504; x_wconf 85' lang='lat' dir='ltr'><em>Saba</em></span> <span class='ocrx_word' id='word_1_97' title='bbox 1675 1442 1808 1525; x_wconf 85' lang='lat' dir='ltr'><em>reginae</em></span> <span class='ocrx_word' id='word_1_98' title='bbox 1840 1442 1907 1504; x_wconf 89' lang='lat' dir='ltr'><em>evi·</em></span> <span class='ocrx_word' id='word_1_99' title='bbox 1926 1449 2045 1552; x_wconf 35' lang='lat' dir='ltr'><em>cml-,p</em></span> 
     </span>
    </p>
   </div>
   <div class='ocr_carea' id='block_1_3' title="bbox 254 1544 2054 1657">
    <p class='ocr_par' dir='ltr' id='par_1_3' title="bbox 254 1544 2054 1657">
     <span class='ocr_line' id='line_1_10' title="bbox 254 1544 2054 1657; baseline -0.007 -49"><span class='ocrx_word' id='word_1_100' title='bbox 254 1545 440 1609; x_wconf 82' lang='lat' dir='ltr'><em>deotissime</em></span> <span class='ocrx_word' id='word_1_101' title='bbox 465 1544 666 1608; x_wconf 83' lang='lat' dir='ltr'><em>adstruunt1.</em></span> <span class='ocrx_word' id='word_1_102' title='bbox 1927 1556 1946 1595; x_wconf 83' lang='lat' dir='ltr'><em>s.</em></span> <span class='ocrx_word' id='word_1_103' title='bbox 1954 1555 2013 1657; x_wconf 46' lang='grc' dir='ltr'><em>ἱρέα</em></span> <span class='ocrx_word' id='word_1_104' title='bbox 2021 1556 2054 1606; x_wconf 85' lang='grc' dir='ltr'><em>ιο,</em></span> 
     </span>
    </p>
   </div>
   <div class='ocr_carea' id='block_1_4' title="bbox 207 1686 2086 3480">
    <p class='ocr_par' dir='ltr' id='par_1_4' title="bbox 210 1686 1908 2201">
     <span class='ocr_line' id='line_1_11' title="bbox 210 1686 1907 1775; baseline -0.001 -20"><span class='ocrx_word' id='word_1_105' title='bbox 210 1717 235 1755; x_wconf 86' lang='grc' dir='ltr'><em>ιο</em></span> <span class='ocrx_word' id='word_1_106' title='bbox 360 1688 442 1775; x_wconf 81' lang='grc'><em>(57).</em></span> <span class='ocrx_word' id='word_1_107' title='bbox 466 1686 610 1751; x_wconf 83' lang='lat' dir='ltr'>XVIIII.</span> <span class='ocrx_word' id='word_1_108' title='bbox 646 1688 784 1772; x_wconf 78' lang='lat' dir='ltr'><em>Propter</em></span> <span class='ocrx_word' id='word_1_109' title='bbox 799 1697 936 1773; x_wconf 88' lang='lat' dir='ltr'><em>peccata</em></span> <span class='ocrx_word' id='word_1_110' title='bbox 952 1709 1080 1772; x_wconf 88' lang='lat' dir='ltr'><em>quoque</em></span> <span class='ocrx_word' id='word_1_111' title='bbox 1098 1686 1304 1751; x_wconf 87' lang='lat' dir='ltr'><em>sacerdotum</em></span> <span class='ocrx_word' id='word_1_112' title='bbox 1320 1698 1352 1750; x_wconf 89' lang='lat' dir='ltr'><em>et</em></span> <span class='ocrx_word' id='word_1_113' title='bbox 1367 1710 1481 1772; x_wconf 88' lang='lat' dir='ltr'><em>regum</em></span> <span class='ocrx_word' id='word_1_114' title='bbox 1497 1689 1667 1775; x_wconf 89' lang='lat' dir='ltr'><em>tociusque</em></span> <span class='ocrx_word' id='word_1_115' title='bbox 1684 1688 1796 1775; x_wconf 91' lang='lat' dir='ltr'><em>populi</em></span> <span class='ocrx_word' id='word_1_116' title='bbox 1820 1688 1907 1753; x_wconf 88' lang='lat' dir='ltr'><em>idem</em></span> 
     </span>
     <span class='ocr_line' id='line_1_12' title="bbox 252 1792 1908 1882; baseline 0.001 -24"><span class='ocrx_word' id='word_1_117' title='bbox 252 1794 418 1880; x_wconf 89' lang='lat' dir='ltr'><em>templum,</em></span> <span class='ocrx_word' id='word_1_118' title='bbox 444 1793 532 1879; x_wconf 92' lang='lat' dir='ltr'><em>quod</em></span> <span class='ocrx_word' id='word_1_119' title='bbox 555 1796 588 1857; x_wconf 91' lang='lat' dir='ltr'><em>in</em></span> <span class='ocrx_word' id='word_1_120' title='bbox 613 1816 733 1879; x_wconf 84' lang='lat' dir='ltr'><em>magna</em></span> <span class='ocrx_word' id='word_1_121' title='bbox 756 1793 861 1878; x_wconf 86' lang='lat' dir='ltr'><em>gloria</em></span> <span class='ocrx_word' id='word_1_122' title='bbox 885 1816 903 1856; x_wconf 90' lang='lat' dir='ltr'><em>a</em></span> <span class='ocrx_word' id='word_1_123' title='bbox 928 1792 1099 1857; x_wconf 87' lang='lat' dir='ltr'><em>Salomone</em></span> <span class='ocrx_word' id='word_1_124' title='bbox 1125 1793 1266 1856; x_wconf 90' lang='lat' dir='ltr'><em>Domino</em></span> <span class='ocrx_word' id='word_1_125' title='bbox 1291 1794 1397 1858; x_wconf 89' lang='lat' dir='ltr'><em>fuerat</em></span> <span class='ocrx_word' id='word_1_126' title='bbox 1421 1793 1586 1859; x_wconf 89' lang='lat' dir='ltr'><em>conditum</em></span> <span class='ocrx_word' id='word_1_127' title='bbox 1618 1807 1650 1858; x_wconf 89' lang='lat' dir='ltr'><em>et</em></span> <span class='ocrx_word' id='word_1_128' title='bbox 1672 1818 1733 1881; x_wconf 88' lang='lat' dir='ltr'><em>per</em></span> <span class='ocrx_word' id='word_1_129' title='bbox 1755 1795 1908 1882; x_wconf 81' lang='lat' dir='ltr'><em>quadria-</em></span> 
     </span>
     <span class='ocr_line' id='line_1_13' title="bbox 252 1899 1908 1986; baseline 0.001 -21"><span class='ocrx_word' id='word_1_130' title='bbox 252 1911 367 1986; x_wconf 84' lang='lat' dir='ltr'><em>gentos</em></span> <span class='ocrx_word' id='word_1_131' title='bbox 390 1902 524 1985; x_wconf 81' lang='lat' dir='ltr'><em>triginta</em></span> <span class='ocrx_word' id='word_1_132' title='bbox 548 1923 650 1964; x_wconf 88' lang='lat' dir='ltr'><em>annos</em></span> <span class='ocrx_word' id='word_1_133' title='bbox 673 1913 838 1964; x_wconf 80' lang='lat' dir='ltr'><em>manserat</em></span> <span class='ocrx_word' id='word_1_134' title='bbox 867 1899 1037 1978; x_wconf 89' lang='lat' dir='ltr'><em>inlaesum,</em></span> <span class='ocrx_word' id='word_1_135' title='bbox 1069 1901 1168 1962; x_wconf 87' lang='lat' dir='ltr'><em>immo</em></span> <span class='ocrx_word' id='word_1_136' title='bbox 1199 1900 1295 1964; x_wconf 73' lang='lat' dir='ltr'><em>valde</em></span> <span class='ocrx_word' id='word_1_137' title='bbox 1325 1899 1510 1984; x_wconf 87' lang='lat' dir='ltr'><em>gloriosum,</em></span> <span class='ocrx_word' id='word_1_138' title='bbox 1542 1924 1562 1964; x_wconf 91' lang='lat' dir='ltr'><em>a</em></span> <span class='ocrx_word' id='word_1_139' title='bbox 1586 1899 1740 1966; x_wconf 86' lang='lat' dir='ltr'><em>Chaldcis</em></span> <span class='ocrx_word' id='word_1_140' title='bbox 1771 1903 1831 1965; x_wconf 87' lang='lat' dir='ltr'><em>fuit</em></span> <span class='ocrx_word' id='word_1_141' title='bbox 1860 1904 1908 1965; x_wconf 91' lang='lat' dir='ltr'><em>in·</em></span> 
     </span>
     <span class='ocr_line' id='line_1_14' title="bbox 253 2004 1907 2094; baseline 0.001 -23"><span class='ocrx_word' id='word_1_142' title='bbox 253 2030 388 2071; x_wconf 87' lang='lat' dir='ltr'><em>censum</em></span> <span class='ocrx_word' id='word_1_143' title='bbox 411 2019 509 2093; x_wconf 89' lang='lat' dir='ltr'><em>atque</em></span> <span class='ocrx_word' id='word_1_144' title='bbox 534 2006 676 2072; x_wconf 90' lang='lat' dir='ltr'><em>dirutum</em></span> <span class='ocrx_word' id='word_1_145' title='bbox 700 2018 733 2070; x_wconf 90' lang='lat' dir='ltr'><em>et</em></span> <span class='ocrx_word' id='word_1_146' title='bbox 756 2005 1056 2091; x_wconf 80' lang='lat' dir='ltr'><em>Hierosolymorum</em></span> <span class='ocrx_word' id='word_1_147' title='bbox 1088 2004 1166 2068; x_wconf 86' lang='lat' dir='ltr'><em>urbs</em></span> <span class='ocrx_word' id='word_1_148' title='bbox 1197 2005 1363 2070; x_wconf 88' lang='lat' dir='ltr'><em>destructa</em></span> <span class='ocrx_word' id='word_1_149' title='bbox 1386 2006 1590 2094; x_wconf 88' lang='lat' dir='ltr'><em>populusque</em></span> <span class='ocrx_word' id='word_1_150' title='bbox 1614 2010 1648 2071; x_wconf 92' lang='lat' dir='ltr'><em>in</em></span> <span class='ocrx_word' id='word_1_151' title='bbox 1670 2007 1907 2094; x_wconf 80' lang='lat' dir='ltr'><em>Babylonicum</em></span> 
     </span>
     <span class='ocr_line' id='line_1_15' title="bbox 252 2111 1906 2201; baseline 0.001 -24"><span class='ocrx_word' id='word_1_152' title='bbox 252 2115 473 2201; x_wconf 85' lang='lat' dir='ltr'><em>captivitatem</em></span> <span class='ocrx_word' id='word_1_153' title='bbox 498 2114 657 2178; x_wconf 87' lang='lat' dir='ltr'><em>deductus</em></span> <span class='ocrx_word' id='word_1_154' title='bbox 682 2123 715 2177; x_wconf 87' lang='lat' dir='ltr'><em>et</em></span> <span class='ocrx_word' id='word_1_155' title='bbox 737 2136 817 2176; x_wconf 85' lang='lat' dir='ltr'><em>vasa</em></span> <span class='ocrx_word' id='word_1_156' title='bbox 841 2112 956 2176; x_wconf 91' lang='lat' dir='ltr'><em>domus</em></span> <span class='ocrx_word' id='word_1_157' title='bbox 979 2111 1113 2176; x_wconf 91' lang='lat' dir='ltr'><em>Domini</em></span> <span class='ocrx_word' id='word_1_158' title='bbox 1137 2123 1169 2175; x_wconf 87' lang='lat' dir='ltr'><em>ct</em></span> <span class='ocrx_word' id='word_1_159' title='bbox 1200 2135 1349 2199; x_wconf 89' lang='lat' dir='ltr'><em>quaeque</em></span> <span class='ocrx_word' id='word_1_160' title='bbox 1381 2115 1415 2176; x_wconf 91' lang='lat' dir='ltr'><em>in</em></span> <span class='ocrx_word' id='word_1_161' title='bbox 1445 2112 1606 2178; x_wconf 81' lang='lat' dir='ltr'><em>thesauris</em></span> <span class='ocrx_word' id='word_1_162' title='bbox 1634 2114 1749 2178; x_wconf 91' lang='lat' dir='ltr'><em>domus</em></span> <span class='ocrx_word' id='word_1_163' title='bbox 1773 2115 1906 2179; x_wconf 88' lang='lat' dir='ltr'><em>Domini</em></span> 
     </span>
    </p>

    <p class='ocr_par' dir='ltr' id='par_1_5' title="bbox 210 2195 2069 2733">
     <span class='ocr_line' id='line_1_16' title="bbox 210 2195 2043 2322; baseline -0.002 -34"><span class='ocrx_word' id='word_1_164' title='bbox 210 2251 234 2288; x_wconf 84' lang='lat' dir='ltr'><em>n</em></span> <span class='ocrx_word' id='word_1_165' title='bbox 252 2220 394 2284; x_wconf 91' lang='lat' dir='ltr'><em>Domino</em></span> <span class='ocrx_word' id='word_1_166' title='bbox 418 2221 547 2284; x_wconf 87' lang='lat' dir='ltr'><em>fuerant</em></span> <span class='ocrx_word' id='word_1_167' title='bbox 571 2231 762 2285; x_wconf 88' lang='lat' dir='ltr'><em>consecrata</em></span> <span class='ocrx_word' id='word_1_168' title='bbox 792 2230 824 2283; x_wconf 90' lang='lat' dir='ltr'><em>et</em></span> <span class='ocrx_word' id='word_1_169' title='bbox 854 2219 1057 2283; x_wconf 88' lang='lat' dir='ltr'><em>sanctificata</em></span> <span class='ocrx_word' id='word_1_170' title='bbox 1086 2221 1119 2281; x_wconf 92' lang='lat' dir='ltr'><em>in</em></span> <span class='ocrx_word' id='word_1_171' title='bbox 1143 2217 1348 2304; x_wconf 87' lang='lat' dir='ltr'><em>Babylonem</em></span> <span class='ocrx_word' id='word_1_172' title='bbox 1379 2231 1454 2283; x_wconf 90' lang='lat' dir='ltr'><em>sunt</em></span> <span class='ocrx_word' id='word_1_173' title='bbox 1483 2195 1649 2286; x_wconf 81' lang='lat' dir='ltr'><em>translata.</em></span> <span class='ocrx_word' id='word_1_174' title='bbox 1695 2221 1769 2285; x_wconf 87' lang='lat' dir='ltr'><em>Non</em></span> <span class='ocrx_word' id='word_1_175' title='bbox 1798 2234 1907 2286; x_wconf 90' lang='lat' dir='ltr'><em>tamen</em></span> <span class='ocrx_word' id='word_1_176' title='bbox 1925 2229 2043 2322; x_wconf 53' lang='lat'><em>321131010·</em></span> 
     </span>
     <span class='ocr_line' id='line_1_17' title="bbox 253 2294 2049 2414; baseline 0.001 -24"><span class='ocrx_word' id='word_1_177' title='bbox 253 2326 368 2391; x_wconf 90' lang='lat' dir='ltr'><em>eadem</em></span> <span class='ocrx_word' id='word_1_178' title='bbox 392 2350 472 2390; x_wconf 88' lang='lat' dir='ltr'><em>vasa</em></span> <span class='ocrx_word' id='word_1_179' title='bbox 495 2327 637 2391; x_wconf 90' lang='lat' dir='ltr'><em>Domino</em></span> <span class='ocrx_word' id='word_1_180' title='bbox 662 2337 789 2390; x_wconf 89' lang='lat' dir='ltr'><em>sacrata</em></span> <span class='ocrx_word' id='word_1_181' title='bbox 813 2324 1115 2390; x_wconf 83' lang='lat' dir='ltr'><em>Nabuchodonosor</em></span> <span class='ocrx_word' id='word_1_182' title='bbox 1138 2348 1196 2388; x_wconf 82' lang='lat' dir='ltr'><em>rex</em></span> <span class='ocrx_word' id='word_1_183' title='bbox 1228 2326 1383 2411; x_wconf 83' lang='lat' dir='ltr'><em>profanus</em></span> <span class='ocrx_word' id='word_1_184' title='bbox 1411 2327 1445 2390; x_wconf 94' lang='lat' dir='ltr'><em>in</em></span> <span class='ocrx_word' id='word_1_185' title='bbox 1476 2349 1551 2390; x_wconf 88' lang='lat' dir='ltr'><em>suos</em></span> <span class='ocrx_word' id='word_1_186' title='bbox 1581 2330 1778 2414; x_wconf 86' lang='lat' dir='ltr'><em>presumpsit</em></span> <span class='ocrx_word' id='word_1_187' title='bbox 1807 2339 1907 2392; x_wconf 88' lang='lat' dir='ltr'><em>retor-</em></span> <span class='ocrx_word' id='word_1_188' title='bbox 1955 2313 1960 2334; x_wconf 72' lang='grc'><strong><em>’</em></strong></span> <span class='ocrx_word' id='word_1_189' title='bbox 1996 2294 2049 2332; x_wconf 53' lang='lat' dir='ltr'><em>m,</em></span> 
     </span>
     <span class='ocr_line' id='line_1_18' title="bbox 253 2430 1906 2520; baseline 0.001 -23"><span class='ocrx_word' id='word_1_190' title='bbox 253 2457 352 2520; x_wconf 90' lang='lat' dir='ltr'><em>quere</em></span> <span class='ocrx_word' id='word_1_191' title='bbox 381 2457 469 2498; x_wconf 85' lang='lat' dir='ltr'><em>usus.</em></span> <span class='ocrx_word' id='word_1_192' title='bbox 501 2433 559 2497; x_wconf 86' lang='lat' dir='ltr'><em>scd</em></span> <span class='ocrx_word' id='word_1_193' title='bbox 583 2457 623 2497; x_wconf 90' lang='lat' dir='ltr'><em>ea</em></span> <span class='ocrx_word' id='word_1_194' title='bbox 646 2435 680 2497; x_wconf 90' lang='lat' dir='ltr'><em>in</em></span> <span class='ocrx_word' id='word_1_195' title='bbox 703 2433 794 2514; x_wconf 90' lang='lat' dir='ltr'><em>locis,</em></span> <span class='ocrx_word' id='word_1_196' title='bbox 825 2434 858 2495; x_wconf 93' lang='lat' dir='ltr'><em>in</em></span> <span class='ocrx_word' id='word_1_197' title='bbox 891 2431 1035 2495; x_wconf 89' lang='lat' dir='ltr'><em>delubris</em></span> <span class='ocrx_word' id='word_1_198' title='bbox 1066 2430 1219 2495; x_wconf 86' lang='lat' dir='ltr'><em>videlicet</em></span> <span class='ocrx_word' id='word_1_199' title='bbox 1251 2431 1386 2496; x_wconf 87' lang='lat' dir='ltr'><em>deornm</em></span> <span class='ocrx_word' id='word_1_200' title='bbox 1417 2455 1558 2514; x_wconf 90' lang='lat' dir='ltr'><em>suorum,</em></span> <span class='ocrx_word' id='word_1_201' title='bbox 1591 2456 1675 2519; x_wconf 87' lang='lat' dir='ltr'><em>quae</em></span> <span class='ocrx_word' id='word_1_202' title='bbox 1706 2434 1792 2520; x_wconf 89' lang='lat' dir='ltr'><em>apud</em></span> <span class='ocrx_word' id='word_1_203' title='bbox 1816 2433 1906 2499; x_wconf 89' lang='lat' dir='ltr'><em>illum</em></span> 
     </span>
     <span class='ocr_line' id='line_1_19' title="bbox 253 2537 2067 2640; baseline 0.001 -37"><span class='ocrx_word' id='word_1_204' title='bbox 253 2563 391 2624; x_wconf 82' lang='lat' dir='ltr'><em>magnae</em></span> <span class='ocrx_word' id='word_1_205' title='bbox 423 2539 628 2604; x_wconf 83' lang='lat' dir='ltr'><em>habebantur</em></span> <span class='ocrx_word' id='word_1_206' title='bbox 658 2540 860 2604; x_wconf 84' lang='lat' dir='ltr'><em>venerationi</em></span> <span class='ocrx_word' id='word_1_207' title='bbox 892 2551 924 2603; x_wconf 90' lang='lat' dir='ltr'><em>et</em></span> <span class='ocrx_word' id='word_1_208' title='bbox 954 2537 1114 2624; x_wconf 82' lang='lat' dir='ltr'><em>religioni,</em></span> <span class='ocrx_word' id='word_1_209' title='bbox 1147 2537 1310 2601; x_wconf 87' lang='lat' dir='ltr'><em>servanda</em></span> <span class='ocrx_word' id='word_1_210' title='bbox 1340 2541 1495 2626; x_wconf 89' lang='lat' dir='ltr'><em>reposuit.</em></span> <span class='ocrx_word' id='word_1_211' title='bbox 1544 2539 1722 2605; x_wconf 84' lang='lat' dir='ltr'><em>Sciendum</em></span> <span class='ocrx_word' id='word_1_212' title='bbox 1744 2563 1822 2604; x_wconf 87' lang='lat' dir='ltr'><em>vero</em></span> <span class='ocrx_word' id='word_1_213' title='bbox 1847 2552 1906 2622; x_wconf 87' lang='lat' dir='ltr'><em>est,</em></span> <span class='ocrx_word' id='word_1_214' title='bbox 1926 2549 2067 2640; x_wconf 39' lang='lat' dir='ltr'><em>⁰¹&amp;nyss</em></span> 
     </span>
     <span class='ocr_line' id='line_1_20' title="bbox 254 2630 2069 2733; baseline 0.001 -23"><span class='ocrx_word' id='word_1_215' title='bbox 254 2648 330 2733; x_wconf 92' lang='lat' dir='ltr'><em>quia</em></span> <span class='ocrx_word' id='word_1_216' title='bbox 361 2670 419 2733; x_wconf 92' lang='lat' dir='ltr'><em>pro</em></span> <span class='ocrx_word' id='word_1_217' title='bbox 452 2669 500 2726; x_wconf 87' lang='lat' dir='ltr'><em>ea,</em></span> <span class='ocrx_word' id='word_1_218' title='bbox 537 2647 624 2732; x_wconf 89' lang='lat' dir='ltr'><em>quod</em></span> <span class='ocrx_word' id='word_1_219' title='bbox 653 2645 809 2732; x_wconf 89' lang='lat' dir='ltr'><em>templum</em></span> <span class='ocrx_word' id='word_1_220' title='bbox 841 2646 975 2709; x_wconf 90' lang='lat' dir='ltr'><em>Domini</em></span> <span class='ocrx_word' id='word_1_221' title='bbox 1006 2644 1160 2724; x_wconf 83' lang='lat' dir='ltr'><em>incendit,</em></span> <span class='ocrx_word' id='word_1_222' title='bbox 1196 2667 1277 2708; x_wconf 83' lang='lat' dir='ltr'><em>vasa</em></span> <span class='ocrx_word' id='word_1_223' title='bbox 1306 2645 1440 2709; x_wconf 93' lang='lat' dir='ltr'><em>Domini</em></span> <span class='ocrx_word' id='word_1_224' title='bbox 1471 2648 1505 2709; x_wconf 92' lang='lat' dir='ltr'><em>in</em></span> <span class='ocrx_word' id='word_1_225' title='bbox 1535 2644 1737 2732; x_wconf 84' lang='lat' dir='ltr'><em>Babylonem</em></span> <span class='ocrx_word' id='word_1_226' title='bbox 1768 2647 1905 2728; x_wconf 84' lang='lat' dir='ltr'><em>sustulit,</em></span> <span class='ocrx_word' id='word_1_227' title='bbox 1965 2630 2069 2706; x_wconf 44' lang='grc'><em>1361516-</em></span> 
     </span>
    </p>

    <p class='ocr_par' dir='ltr' id='par_1_6' title="bbox 207 2750 2086 3268">
     <span class='ocr_line' id='line_1_21' title="bbox 207 2750 1907 2840; baseline -0.002 -18"><span class='ocrx_word' id='word_1_228' title='bbox 207 2784 236 2822; x_wconf 80' lang='lat' dir='ltr'><em>so</em></span> <span class='ocrx_word' id='word_1_229' title='bbox 253 2752 372 2839; x_wconf 86' lang='lat' dir='ltr'><em>populo</em></span> <span class='ocrx_word' id='word_1_230' title='bbox 396 2754 460 2818; x_wconf 90' lang='lat' dir='ltr'><em>Dei</em></span> <span class='ocrx_word' id='word_1_231' title='bbox 486 2755 708 2840; x_wconf 89' lang='lat' dir='ltr'><em>captivitatem</em></span> <span class='ocrx_word' id='word_1_232' title='bbox 733 2752 861 2831; x_wconf 86' lang='lat' dir='ltr'><em>inflixit,</em></span> <span class='ocrx_word' id='word_1_233' title='bbox 893 2754 923 2815; x_wconf 88' lang='lat' dir='ltr'><em>ei</em></span> <span class='ocrx_word' id='word_1_234' title='bbox 947 2752 1011 2815; x_wconf 91' lang='lat' dir='ltr'><em>ullo</em></span> <span class='ocrx_word' id='word_1_235' title='bbox 1036 2750 1131 2815; x_wconf 92' lang='lat' dir='ltr'><em>modo</em></span> <span class='ocrx_word' id='word_1_236' title='bbox 1156 2753 1277 2837; x_wconf 90' lang='lat' dir='ltr'><em>inpune</em></span> <span class='ocrx_word' id='word_1_237' title='bbox 1301 2775 1367 2815; x_wconf 90' lang='lat' dir='ltr'><em>non</em></span> <span class='ocrx_word' id='word_1_238' title='bbox 1391 2753 1499 2832; x_wconf 84' lang='lat' dir='ltr'><em>cessit,</em></span> <span class='ocrx_word' id='word_1_239' title='bbox 1531 2754 1685 2839; x_wconf 88' lang='lat' dir='ltr'><em>quoniam</em></span> <span class='ocrx_word' id='word_1_240' title='bbox 1715 2764 1747 2816; x_wconf 85' lang='lat' dir='ltr'><em>et</em></span> <span class='ocrx_word' id='word_1_241' title='bbox 1774 2764 1907 2840; x_wconf 88' lang='lat' dir='ltr'><em>propter</em></span> 
     </span>
     <span class='ocr_line' id='line_1_22' title="bbox 254 2857 1907 2947; baseline 0.001 -24"><span class='ocrx_word' id='word_1_242' title='bbox 254 2859 314 2925; x_wconf 90' lang='lat' dir='ltr'><em>hoc</em></span> <span class='ocrx_word' id='word_1_243' title='bbox 338 2861 460 2924; x_wconf 84' lang='lat' dir='ltr'><em>factum</em></span> <span class='ocrx_word' id='word_1_244' title='bbox 485 2872 517 2924; x_wconf 89' lang='lat' dir='ltr'><em>et</em></span> <span class='ocrx_word' id='word_1_245' title='bbox 539 2883 598 2947; x_wconf 89' lang='lat' dir='ltr'><em>pro</em></span> <span class='ocrx_word' id='word_1_246' title='bbox 622 2883 671 2941; x_wconf 89' lang='lat' dir='ltr'><em>eo,</em></span> <span class='ocrx_word' id='word_1_247' title='bbox 697 2859 783 2946; x_wconf 90' lang='lat' dir='ltr'><em>quod</em></span> <span class='ocrx_word' id='word_1_248' title='bbox 807 2859 944 2944; x_wconf 84' lang='lat' dir='ltr'><em>gloriam</em></span> <span class='ocrx_word' id='word_1_249' title='bbox 968 2870 1000 2921; x_wconf 87' lang='lat' dir='ltr'><em>et</em></span> <span class='ocrx_word' id='word_1_250' title='bbox 1023 2868 1216 2944; x_wconf 85' lang='lat' dir='ltr'><em>potestatem</em></span> <span class='ocrx_word' id='word_1_251' title='bbox 1241 2871 1273 2922; x_wconf 90' lang='lat' dir='ltr'><em>et</em></span> <span class='ocrx_word' id='word_1_252' title='bbox 1296 2857 1451 2923; x_wconf 90' lang='lat' dir='ltr'><em>honorem</em></span> <span class='ocrx_word' id='word_1_253' title='bbox 1474 2861 1568 2944; x_wconf 85' lang='lat' dir='ltr'><em>regni</em></span> <span class='ocrx_word' id='word_1_254' title='bbox 1591 2861 1641 2923; x_wconf 91' lang='lat' dir='ltr'><em>sui</em></span> <span class='ocrx_word' id='word_1_255' title='bbox 1658 2883 1721 2923; x_wconf 90' lang='lat' dir='ltr'><em>non</em></span> <span class='ocrx_word' id='word_1_256' title='bbox 1739 2861 1822 2942; x_wconf 86' lang='lat' dir='ltr'><em>Dea,</em></span> <span class='ocrx_word' id='word_1_257' title='bbox 1848 2860 1907 2925; x_wconf 90' lang='lat' dir='ltr'><em>sed</em></span> 
     </span>
     <span class='ocr_line' id='line_1_23' title="bbox 254 2965 2086 3052; baseline 0.002 -22"><span class='ocrx_word' id='word_1_258' title='bbox 254 2967 316 3032; x_wconf 89' lang='lat' dir='ltr'><em>sibi</em></span> <span class='ocrx_word' id='word_1_259' title='bbox 339 2967 461 3047; x_wconf 86' lang='lat' dir='ltr'><em>tribuit,</em></span> <span class='ocrx_word' id='word_1_260' title='bbox 493 2966 649 3031; x_wconf 88' lang='lat' dir='ltr'><em>caelieam</em></span> <span class='ocrx_word' id='word_1_261' title='bbox 673 2989 788 3031; x_wconf 82' lang='lat' dir='ltr'><em>vocem</em></span> <span class='ocrx_word' id='word_1_262' title='bbox 812 2965 946 3038; x_wconf 85' lang='lat' dir='ltr'><em>audivit,</em></span> <span class='ocrx_word' id='word_1_263' title='bbox 975 2988 1058 3052; x_wconf 87' lang='lat' dir='ltr'><em>quae</em></span> <span class='ocrx_word' id='word_1_264' title='bbox 1082 2966 1128 3029; x_wconf 90' lang='lat' dir='ltr'><em>ita</em></span> <span class='ocrx_word' id='word_1_265' title='bbox 1151 2965 1239 3028; x_wconf 87' lang='lat' dir='ltr'><em>facta</em></span> <span class='ocrx_word' id='word_1_266' title='bbox 1263 2975 1328 3028; x_wconf 89' lang='lat' dir='ltr'><em>est:</em></span> <span class='ocrx_word' id='word_1_267' title='bbox 1364 2965 1442 3031; x_wconf 85' lang='lat' dir='ltr'><em>Tibi</em></span> <span class='ocrx_word' id='word_1_268' title='bbox 1463 2967 1591 3048; x_wconf 85' lang='lat' dir='ltr'><em>dicitur,</em></span> <span class='ocrx_word' id='word_1_269' title='bbox 1616 2967 1907 3032; x_wconf 76' lang='lat' dir='ltr'><em>Nabuchodonosor</em></span> <span class='ocrx_word' id='word_1_270' title='bbox 1925 2993 2086 3040; x_wconf 64' lang='lat' dir='ltr'><em>assumas.</em></span> 
     </span>
     <span class='ocr_line' id='line_1_24' title="bbox 253 3074 1906 3161; baseline 0 -23"><span class='ocrx_word' id='word_1_271' title='bbox 253 3098 327 3139; x_wconf 79' lang='lat' dir='ltr'><em>rex:</em></span> <span class='ocrx_word' id='word_1_272' title='bbox 357 3075 498 3161; x_wconf 72' lang='lat' dir='ltr'><em>Beqnnnr</em></span> <span class='ocrx_word' id='word_1_273' title='bbox 524 3077 653 3138; x_wconf 88' lang='lat' dir='ltr'><em>transiit</em></span> <span class='ocrx_word' id='word_1_274' title='bbox 674 3101 694 3138; x_wconf 89' lang='lat' dir='ltr'><em>a</em></span> <span class='ocrx_word' id='word_1_275' title='bbox 718 3089 745 3138; x_wconf 87' lang='lat' dir='ltr'><em>te</em></span> <span class='ocrx_word' id='word_1_276' title='bbox 768 3089 796 3137; x_wconf 94' lang='lat' dir='ltr'><em>et</em></span> <span class='ocrx_word' id='word_1_277' title='bbox 818 3076 857 3138; x_wconf 82' lang='lat' dir='ltr'><em>ab</em></span> <span class='ocrx_word' id='word_1_278' title='bbox 881 3074 1059 3137; x_wconf 77' lang='lat' dir='ltr'><em>haminibus</em></span> <span class='ocrx_word' id='word_1_279' title='bbox 1089 3088 1115 3137; x_wconf 89' lang='lat' dir='ltr'><em>te</em></span> <span class='ocrx_word' id='word_1_280' title='bbox 1139 3076 1252 3138; x_wconf 83' lang='lat' dir='ltr'><em>eicient</em></span> <span class='ocrx_word' id='word_1_281' title='bbox 1280 3087 1309 3137; x_wconf 92' lang='lat' dir='ltr'><em>et</em></span> <span class='ocrx_word' id='word_1_282' title='bbox 1337 3098 1407 3137; x_wconf 79' lang='lat' dir='ltr'><em>crem</em></span> <span class='ocrx_word' id='word_1_283' title='bbox 1434 3075 1541 3137; x_wconf 77' lang='lat' dir='ltr'><em>bestiis</em></span> <span class='ocrx_word' id='word_1_284' title='bbox 1557 3075 1648 3161; x_wconf 81' lang='lat' dir='ltr'><em>seris</em></span> <span class='ocrx_word' id='word_1_285' title='bbox 1672 3076 1732 3138; x_wconf 89' lang='lat' dir='ltr'><em>erit</em></span> <span class='ocrx_word' id='word_1_286' title='bbox 1754 3075 1906 3138; x_wconf 72' lang='lat' dir='ltr'><em>habitatio</em></span> 
     </span>
     <span class='ocr_line' id='line_1_25' title="bbox 254 3181 1909 3268; baseline 0 -24"><span class='ocrx_word' id='word_1_287' title='bbox 254 3196 324 3262; x_wconf 67' lang='lat' dir='ltr'><em>tuat:</em></span> <span class='ocrx_word' id='word_1_288' title='bbox 341 3183 458 3268; x_wconf 84' lang='lat' dir='ltr'><em>senum</em></span> <span class='ocrx_word' id='word_1_289' title='bbox 482 3185 578 3267; x_wconf 79' lang='lat' dir='ltr'><em>qrrasi</em></span> <span class='ocrx_word' id='word_1_290' title='bbox 599 3183 653 3245; x_wconf 89' lang='lat' dir='ltr'><em>bos</em></span> <span class='ocrx_word' id='word_1_291' title='bbox 676 3181 815 3244; x_wconf 83' lang='lat' dir='ltr'><em>comedes</em></span> <span class='ocrx_word' id='word_1_292' title='bbox 839 3195 867 3244; x_wconf 93' lang='lat' dir='ltr'><em>et</em></span> <span class='ocrx_word' id='word_1_293' title='bbox 888 3195 1001 3265; x_wconf 86' lang='lat' dir='ltr'><em>septem</em></span> <span class='ocrx_word' id='word_1_294' title='bbox 1026 3195 1165 3265; x_wconf 83' lang='lat' dir='ltr'><em>tempora</em></span> <span class='ocrx_word' id='word_1_295' title='bbox 1189 3181 1390 3244; x_wconf 82' lang='lat' dir='ltr'><em>mutabuntur</em></span> <span class='ocrx_word' id='word_1_296' title='bbox 1412 3205 1508 3266; x_wconf 86' lang='lat' dir='ltr'><em>super</em></span> <span class='ocrx_word' id='word_1_297' title='bbox 1531 3195 1568 3259; x_wconf 89' lang='lat' dir='ltr'><em>te,</em></span> <span class='ocrx_word' id='word_1_298' title='bbox 1592 3181 1688 3244; x_wconf 91' lang='lat' dir='ltr'><em>donec</em></span> <span class='ocrx_word' id='word_1_299' title='bbox 1704 3183 1798 3260; x_wconf 86' lang='lat' dir='ltr'><em>scias,</em></span> <span class='ocrx_word' id='word_1_300' title='bbox 1822 3181 1909 3266; x_wconf 79' lang='lat' dir='ltr'><em>qrrod</em></span> 
     </span>
    </p>

    <p class='ocr_par' dir='ltr' id='par_1_7' title="bbox 208 3285 1906 3480">
     <span class='ocr_line' id='line_1_26' title="bbox 208 3285 1906 3374; baseline -0.004 -18"><span class='ocrx_word' id='word_1_301' title='bbox 208 3317 235 3356; x_wconf 77' lang='lat' dir='ltr'><em>as</em></span> <span class='ocrx_word' id='word_1_302' title='bbox 254 3289 430 3352; x_wconf 70' lang='lat' dir='ltr'><em>dominetur</em></span> <span class='ocrx_word' id='word_1_303' title='bbox 460 3290 598 3352; x_wconf 65' lang='lat' dir='ltr'><em>creemus</em></span> <span class='ocrx_word' id='word_1_304' title='bbox 629 3291 662 3352; x_wconf 89' lang='lat' dir='ltr'><em>in</em></span> <span class='ocrx_word' id='word_1_305' title='bbox 692 3313 787 3374; x_wconf 75' lang='lat' dir='ltr'><em>repno</em></span> <span class='ocrx_word' id='word_1_306' title='bbox 817 3288 976 3350; x_wconf 80' lang='lat' dir='ltr'><em>hominnm</em></span> <span class='ocrx_word' id='word_1_307' title='bbox 1008 3300 1036 3348; x_wconf 86' lang='lat' dir='ltr'><em>et</em></span> <span class='ocrx_word' id='word_1_308' title='bbox 1065 3289 1247 3370; x_wconf 83' lang='lat' dir='ltr'><em>cuicumque</em></span> <span class='ocrx_word' id='word_1_309' title='bbox 1277 3287 1413 3350; x_wconf 69' lang='lat' dir='ltr'><em>notuerit</em></span> <span class='ocrx_word' id='word_1_310' title='bbox 1442 3286 1494 3350; x_wconf 86' lang='lat' dir='ltr'><em>det</em></span> <span class='ocrx_word' id='word_1_311' title='bbox 1524 3287 1615 3350; x_wconf 81' lang='lat' dir='ltr'><em>iliad.</em></span> <span class='ocrx_word' id='word_1_312' title='bbox 1669 3285 1795 3349; x_wconf 86' lang='lat' dir='ltr'><em>Eadem</em></span> <span class='ocrx_word' id='word_1_313' title='bbox 1826 3286 1906 3350; x_wconf 83' lang='lat' dir='ltr'><em>hora</em></span> 
     </span>
     <span class='ocr_line' id='line_1_27' title="bbox 254 3390 1905 3480; baseline 0 -24"><span class='ocrx_word' id='word_1_314' title='bbox 254 3417 359 3458; x_wconf 90' lang='lat' dir='ltr'><em>sermo</em></span> <span class='ocrx_word' id='word_1_315' title='bbox 391 3393 570 3480; x_wconf 87' lang='lat' dir='ltr'><em>completus</em></span> <span class='ocrx_word' id='word_1_316' title='bbox 601 3405 649 3457; x_wconf 89' lang='lat' dir='ltr'><em>est</em></span> <span class='ocrx_word' id='word_1_317' title='bbox 679 3415 778 3479; x_wconf 89' lang='lat' dir='ltr'><em>super</em></span> <span class='ocrx_word' id='word_1_318' title='bbox 808 3390 1110 3456; x_wconf 86' lang='lat' dir='ltr'><em>Nabuchodonosor</em></span> <span class='ocrx_word' id='word_1_319' title='bbox 1141 3401 1173 3454; x_wconf 90' lang='lat' dir='ltr'><em>et</em></span> <span class='ocrx_word' id='word_1_320' title='bbox 1204 3403 1331 3472; x_wconf 88' lang='lat' dir='ltr'><em>cuncta,</em></span> <span class='ocrx_word' id='word_1_321' title='bbox 1364 3414 1448 3478; x_wconf 87' lang='lat' dir='ltr'><em>quae</em></span> <span class='ocrx_word' id='word_1_322' title='bbox 1479 3392 1568 3455; x_wconf 88' lang='lat' dir='ltr'><em>dieta</em></span> <span class='ocrx_word' id='word_1_323' title='bbox 1598 3394 1628 3456; x_wconf 88' lang='lat' dir='ltr'><em>ei</em></span> <span class='ocrx_word' id='word_1_324' title='bbox 1659 3393 1797 3474; x_wconf 89' lang='lat' dir='ltr'><em>fuerant,</em></span> <span class='ocrx_word' id='word_1_325' title='bbox 1833 3415 1905 3478; x_wconf 89' lang='lat' dir='ltr'><em>pro·</em></span> 
     </span>
    </p>
   </div>
   <div class='ocr_carea' id='block_1_5' title="bbox 254 3501 915 3586">
    <p class='ocr_par' dir='ltr' id='par_1_8' title="bbox 254 3501 915 3586">
     <span class='ocr_line' id='line_1_28' title="bbox 254 3501 915 3586; baseline -0.002 -24"><span class='ocrx_word' id='word_1_326' title='bbox 254 3513 422 3583; x_wconf 83' lang='lat' dir='ltr'><em>venerunt,</em></span> <span class='ocrx_word' id='word_1_327' title='bbox 447 3502 531 3565; x_wconf 91' lang='lat' dir='ltr'><em>sicut</em></span> <span class='ocrx_word' id='word_1_328' title='bbox 554 3501 723 3586; x_wconf 88' lang='lat' dir='ltr'><em>sequentia</em></span> <span class='ocrx_word' id='word_1_329' title='bbox 746 3509 915 3564; x_wconf 87' lang='lat' dir='ltr'><em>testantur.</em></span> 
     </span>
    </p>
   </div>
   <div class='ocr_carea' id='block_1_6' title="bbox 208 3639 2051 4456">
    <p class='ocr_par' dir='ltr' id='par_1_9' title="bbox 208 3639 2051 4456">
     <span class='ocr_line' id='line_1_29' title="bbox 361 3639 1905 3730; baseline 0 -24"><span class='ocrx_word' id='word_1_330' title='bbox 361 3644 443 3730; x_wconf 80' lang='lat'>(58).</span> <span class='ocrx_word' id='word_1_331' title='bbox 468 3642 547 3706; x_wconf 87' lang='lat' dir='ltr'><em>XX.</em></span> <span class='ocrx_word' id='word_1_332' title='bbox 584 3641 649 3707; x_wconf 84' lang='lat' dir='ltr'><em>Sed</em></span> <span class='ocrx_word' id='word_1_333' title='bbox 674 3642 750 3728; x_wconf 88' lang='lat' dir='ltr'><em>quia</em></span> <span class='ocrx_word' id='word_1_334' title='bbox 773 3653 905 3727; x_wconf 91' lang='lat' dir='ltr'><em>propter</em></span> <span class='ocrx_word' id='word_1_335' title='bbox 928 3639 1144 3724; x_wconf 86' lang='lat' dir='ltr'><em>sacrilegium,</em></span> <span class='ocrx_word' id='word_1_336' title='bbox 1169 3639 1258 3726; x_wconf 91' lang='lat' dir='ltr'><em>quad</em></span> <span class='ocrx_word' id='word_1_337' title='bbox 1274 3641 1362 3704; x_wconf 89' lang='lat' dir='ltr'><em>circa</em></span> <span class='ocrx_word' id='word_1_338' title='bbox 1377 3640 1533 3728; x_wconf 87' lang='lat' dir='ltr'><em>templum</em></span> <span class='ocrx_word' id='word_1_339' title='bbox 1551 3643 1684 3706; x_wconf 91' lang='lat' dir='ltr'><em>Domini</em></span> <span class='ocrx_word' id='word_1_340' title='bbox 1707 3651 1905 3728; x_wconf 87' lang='lat' dir='ltr'><em>patraverat,</em></span> 
     </span>
     <span class='ocr_line' id='line_1_30' title="bbox 254 3745 1905 3835; baseline -0.002 -21"><span class='ocrx_word' id='word_1_341' title='bbox 254 3762 286 3814; x_wconf 85' lang='lat' dir='ltr'><em>et</em></span> <span class='ocrx_word' id='word_1_342' title='bbox 309 3772 401 3814; x_wconf 90' lang='lat' dir='ltr'><em>suam</em></span> <span class='ocrx_word' id='word_1_343' title='bbox 425 3772 577 3835; x_wconf 81' lang='lat' dir='ltr'><em>magnam</em></span> <span class='ocrx_word' id='word_1_344' title='bbox 602 3748 784 3828; x_wconf 89' lang='lat' dir='ltr'><em>elationem,</em></span> <span class='ocrx_word' id='word_1_345' title='bbox 816 3769 881 3832; x_wconf 90' lang='lat' dir='ltr'><em>qua</em></span> <span class='ocrx_word' id='word_1_346' title='bbox 904 3758 1016 3810; x_wconf 89' lang='lat' dir='ltr'><em>contra</em></span> <span class='ocrx_word' id='word_1_347' title='bbox 1041 3746 1216 3810; x_wconf 90' lang='lat' dir='ltr'><em>Dominum</em></span> <span class='ocrx_word' id='word_1_348' title='bbox 1241 3745 1459 3832; x_wconf 90' lang='lat' dir='ltr'><em>superbiendo</em></span> <span class='ocrx_word' id='word_1_349' title='bbox 1483 3760 1654 3829; x_wconf 86' lang='lat' dir='ltr'><em>tumuerat,</em></span> <span class='ocrx_word' id='word_1_350' title='bbox 1680 3761 1712 3812; x_wconf 87' lang='lat' dir='ltr'><em>et</em></span> <span class='ocrx_word' id='word_1_351' title='bbox 1735 3747 1905 3813; x_wconf 85' lang='lat' dir='ltr'><em>Danihelis</em></span> 
     </span>
     <span class='ocr_line' id='line_1_31' title="bbox 208 3852 2051 3943; baseline -0.003 -18"><span class='ocrx_word' id='word_1_352' title='bbox 208 3886 237 3925; x_wconf 83' lang='lat' dir='ltr'><em>ao</em></span> <span class='ocrx_word' id='word_1_353' title='bbox 254 3856 431 3943; x_wconf 89' lang='lat' dir='ltr'><em>prophetae</em></span> <span class='ocrx_word' id='word_1_354' title='bbox 456 3857 626 3920; x_wconf 90' lang='lat' dir='ltr'><em>consilium</em></span> <span class='ocrx_word' id='word_1_355' title='bbox 650 3878 728 3918; x_wconf 89' lang='lat' dir='ltr'><em>suae</em></span> <span class='ocrx_word' id='word_1_356' title='bbox 752 3853 864 3918; x_wconf 85' lang='lat' dir='ltr'><em>salutis</em></span> <span class='ocrx_word' id='word_1_357' title='bbox 889 3853 1001 3917; x_wconf 87' lang='lat' dir='ltr'><em>audire</em></span> <span class='ocrx_word' id='word_1_358' title='bbox 1027 3863 1275 3938; x_wconf 87' lang='lat' dir='ltr'><em>contempserat,</em></span> <span class='ocrx_word' id='word_1_359' title='bbox 1300 3852 1418 3938; x_wconf 88' lang='lat' dir='ltr'><em>quibus</em></span> <span class='ocrx_word' id='word_1_360' title='bbox 1439 3855 1469 3917; x_wconf 92' lang='lat' dir='ltr'><em>ei</em></span> <span class='ocrx_word' id='word_1_361' title='bbox 1486 3877 1578 3918; x_wconf 90' lang='lat' dir='ltr'><em>orsus</em></span> <span class='ocrx_word' id='word_1_362' title='bbox 1595 3868 1659 3919; x_wconf 86' lang='lat' dir='ltr'><em>est:</em></span> <span class='ocrx_word' id='word_1_363' title='bbox 1687 3856 1904 3933; x_wconf 77' lang='lat' dir='ltr'><em>Quamobrem,</em></span> <span class='ocrx_word' id='word_1_364' title='bbox 1924 3881 2051 3932; x_wconf 61' lang='lat' dir='ltr'><em>nmen.</em></span> 
     </span>
     <span class='ocr_line' id='line_1_32' title="bbox 255 3961 1907 4048; baseline -0.001 -20"><span class='ocrx_word' id='word_1_365' title='bbox 255 3990 320 4044; x_wconf 76' lang='lat' dir='ltr'><em>rea,</em></span> <span class='ocrx_word' id='word_1_366' title='bbox 344 3965 511 4028; x_wconf 84' lang='lat' dir='ltr'><em>consilinm</em></span> <span class='ocrx_word' id='word_1_367' title='bbox 535 3989 633 4026; x_wconf 88' lang='lat' dir='ltr'><em>meum</em></span> <span class='ocrx_word' id='word_1_368' title='bbox 659 3964 790 4048; x_wconf 83' lang='lat' dir='ltr'><em>placeat</em></span> <span class='ocrx_word' id='word_1_369' title='bbox 819 3963 880 4025; x_wconf 84' lang='lat' dir='ltr'><em>tibi</em></span> <span class='ocrx_word' id='word_1_370' title='bbox 906 3975 935 4024; x_wconf 85' lang='lat' dir='ltr'><em>et</em></span> <span class='ocrx_word' id='word_1_371' title='bbox 957 3974 1089 4046; x_wconf 75' lang='lat' dir='ltr'><em>pennata</em></span> <span class='ocrx_word' id='word_1_372' title='bbox 1120 3975 1171 4023; x_wconf 85' lang='lat' dir='ltr'><em>tua</em></span> <span class='ocrx_word' id='word_1_373' title='bbox 1202 3962 1388 4047; x_wconf 78' lang='lat' dir='ltr'><em>elemosynis</em></span> <span class='ocrx_word' id='word_1_374' title='bbox 1417 3961 1537 4026; x_wconf 85' lang='lat' dir='ltr'><em>redime</em></span> <span class='ocrx_word' id='word_1_375' title='bbox 1567 3978 1595 4027; x_wconf 88' lang='lat' dir='ltr'><em>et</em></span> <span class='ocrx_word' id='word_1_376' title='bbox 1624 3965 1806 4048; x_wconf 82' lang='lat' dir='ltr'><em>iniquitates</em></span> <span class='ocrx_word' id='word_1_377' title='bbox 1836 3977 1907 4027; x_wconf 83' lang='lat' dir='ltr'><em>tuas</em></span> 
     </span>
     <span class='ocr_line' id='line_1_33' title="bbox 254 4066 1905 4156; baseline -0.001 -22"><span class='ocrx_word' id='word_1_378' title='bbox 254 4070 487 4135; x_wconf 84' lang='lat' dir='ltr'><em>misericordiis</em></span> <span class='ocrx_word' id='word_1_379' title='bbox 507 4094 703 4156; x_wconf 71' lang='lat' dir='ltr'><em>pauperum,</em></span> <span class='ocrx_word' id='word_1_380' title='bbox 726 4070 874 4156; x_wconf 85' lang='lat' dir='ltr'><em>forsitan</em></span> <span class='ocrx_word' id='word_1_381' title='bbox 906 4071 1041 4151; x_wconf 72' lang='lat' dir='ltr'><em>innoscet</em></span> <span class='ocrx_word' id='word_1_382' title='bbox 1065 4066 1150 4130; x_wconf 73' lang='lat' dir='ltr'><em>Iteus</em></span> <span class='ocrx_word' id='word_1_383' title='bbox 1181 4067 1306 4130; x_wconf 81' lang='lat' dir='ltr'><em>delictis</em></span> <span class='ocrx_word' id='word_1_384' title='bbox 1329 4069 1401 4146; x_wconf 68' lang='lat' dir='ltr'><em>turis,</em></span> <span class='ocrx_word' id='word_1_385' title='bbox 1435 4104 1478 4114; x_wconf 91' lang='lat'><em>-</em></span> <span class='ocrx_word' id='word_1_386' title='bbox 1500 4077 1624 4132; x_wconf 83' lang='lat' dir='ltr'><em>tantam</em></span> <span class='ocrx_word' id='word_1_387' title='bbox 1648 4070 1826 4154; x_wconf 86' lang='lat' dir='ltr'><em>promeruit</em></span> <span class='ocrx_word' id='word_1_388' title='bbox 1849 4067 1905 4132; x_wconf 89' lang='lat' dir='ltr'><em>ab·</em></span> 
     </span>
     <span class='ocr_line' id='line_1_34' title="bbox 255 4171 1905 4255; baseline -0.001 -15"><span class='ocrx_word' id='word_1_389' title='bbox 255 4177 438 4255; x_wconf 90' lang='lat' dir='ltr'><em>iectionem,</em></span> <span class='ocrx_word' id='word_1_390' title='bbox 463 4187 499 4239; x_wconf 91' lang='lat' dir='ltr'><em>ut</em></span> <span class='ocrx_word' id='word_1_391' title='bbox 522 4177 620 4240; x_wconf 86' lang='lat' dir='ltr'><em>etiarn</em></span> <span class='ocrx_word' id='word_1_392' title='bbox 644 4197 719 4238; x_wconf 88' lang='lat' dir='ltr'><em>cum</em></span> <span class='ocrx_word' id='word_1_393' title='bbox 743 4172 855 4237; x_wconf 90' lang='lat' dir='ltr'><em>bestiis</em></span> <span class='ocrx_word' id='word_1_394' title='bbox 879 4172 956 4235; x_wconf 86' lang='lat' dir='ltr'><em>feris</em></span> <span class='ocrx_word' id='word_1_395' title='bbox 981 4185 1067 4234; x_wconf 83' lang='lat' dir='ltr'><em>esset</em></span> <span class='ocrx_word' id='word_1_396' title='bbox 1090 4171 1246 4235; x_wconf 91' lang='lat' dir='ltr'><em>habitatio</em></span> <span class='ocrx_word' id='word_1_397' title='bbox 1271 4173 1341 4235; x_wconf 89' lang='lat' dir='ltr'><em>eius</em></span> <span class='ocrx_word' id='word_1_398' title='bbox 1371 4183 1404 4237; x_wconf 91' lang='lat' dir='ltr'><em>et</em></span> <span class='ocrx_word' id='word_1_399' title='bbox 1434 4173 1545 4237; x_wconf 88' lang='lat' dir='ltr'><em>fenum</em></span> <span class='ocrx_word' id='word_1_400' title='bbox 1569 4187 1604 4238; x_wconf 90' lang='lat' dir='ltr'><em>ut</em></span> <span class='ocrx_word' id='word_1_401' title='bbox 1627 4172 1686 4238; x_wconf 91' lang='lat' dir='ltr'><em>bos</em></span> <span class='ocrx_word' id='word_1_402' title='bbox 1710 4174 1905 4239; x_wconf 88' lang='lat' dir='ltr'><em>comederet.</em></span> 
     </span>
     <span class='ocr_line' id='line_1_35' title="bbox 255 4277 1906 4367; baseline 0.001 -22"><span class='ocrx_word' id='word_1_403' title='bbox 255 4282 444 4364; x_wconf 87' lang='lat' dir='ltr'><em>Videamus,</em></span> <span class='ocrx_word' id='word_1_404' title='bbox 477 4281 555 4367; x_wconf 90' lang='lat' dir='ltr'><em>quid</em></span> <span class='ocrx_word' id='word_1_405' title='bbox 586 4291 658 4367; x_wconf 87' lang='lat' dir='ltr'><em>post</em></span> <span class='ocrx_word' id='word_1_406' title='bbox 681 4291 789 4344; x_wconf 88' lang='lat' dir='ltr'><em>actum</em></span> <span class='ocrx_word' id='word_1_407' title='bbox 813 4277 1005 4342; x_wconf 88' lang='lat' dir='ltr'><em>abiectionis</em></span> <span class='ocrx_word' id='word_1_408' title='bbox 1029 4301 1107 4342; x_wconf 91' lang='lat' dir='ltr'><em>suae</em></span> <span class='ocrx_word' id='word_1_409' title='bbox 1131 4287 1259 4363; x_wconf 82' lang='lat' dir='ltr'><em>teinpus</em></span> <span class='ocrx_word' id='word_1_410' title='bbox 1283 4278 1369 4343; x_wconf 90' lang='lat' dir='ltr'><em>idem</em></span> <span class='ocrx_word' id='word_1_411' title='bbox 1394 4278 1696 4345; x_wconf 85' lang='lat' dir='ltr'><em>Nabuchodonosor</em></span> <span class='ocrx_word' id='word_1_412' title='bbox 1719 4280 1906 4346; x_wconf 88' lang='lat' dir='ltr'><em>humiliatus</em></span> 
     </span>
     <span class='ocr_line' id='line_1_36' title="bbox 210 4389 392 4456; baseline -0.022 0"><span class='ocrx_word' id='word_1_413' title='bbox 210 4389 392 4456; x_wconf 71' lang='lat' dir='ltr'><em>edixerit:</em></span> 
     </span>
    </p>
   </div>
   <div class='ocr_carea' id='block_1_7' title="bbox 256 4614 1907 4781">
    <p class='ocr_par' dir='ltr' id='par_1_10' title="bbox 256 4614 1907 4781">
     <span class='ocr_line' id='line_1_37' title="bbox 361 4614 1907 4686; baseline -0.001 -11"><span class='ocrx_word' id='word_1_414' title='bbox 361 4626 468 4675; x_wconf 78' lang='lat' dir='ltr'>XVIII.</span> <span class='ocrx_word' id='word_1_415' title='bbox 498 4626 637 4674; x_wconf 77' lang='lat' dir='ltr'><em>taumtus</em></span> <span class='ocrx_word' id='word_1_416' title='bbox 658 4622 693 4671; x_wconf 93' lang='grc' dir='ltr'><em>Μ</em></span> <span class='ocrx_word' id='word_1_417' title='bbox 750 4622 953 4672; x_wconf 78' lang='lat' dir='ltr'><em>tdiversamm</em></span> <span class='ocrx_word' id='word_1_418' title='bbox 973 4620 1083 4671; x_wconf 70' lang='lat' dir='ltr'><em>Bait.</em></span> <span class='ocrx_word' id='word_1_419' title='bbox 1139 4622 1227 4671; x_wconf 82' lang='lat' dir='ltr'><em>5Dei</em></span> <span class='ocrx_word' id='word_1_420' title='bbox 1248 4614 1345 4686; x_wconf 80' lang='lat' dir='ltr'><em>legem]</em></span> <span class='ocrx_word' id='word_1_421' title='bbox 1365 4620 1453 4686; x_wconf 84' lang='lat' dir='ltr'><em>legem</em></span> <span class='ocrx_word' id='word_1_422' title='bbox 1467 4623 1519 4672; x_wconf 92' lang='lat' dir='ltr'><em>Dei</em></span> <span class='ocrx_word' id='word_1_423' title='bbox 1532 4621 1564 4672; x_wconf 86' lang='lat' dir='ltr'><em>L.</em></span> <span class='ocrx_word' id='word_1_424' title='bbox 1620 4623 1907 4675; x_wconf 64' lang='lat' dir='ltr'><em>taurinenses.</em></span> 
     </span>
     <span class='ocr_line' id='line_1_38' title="bbox 256 4709 1185 4781; baseline -0.006 -16"><span class='ocrx_word' id='word_1_425' title='bbox 256 4718 273 4765; x_wconf 77' lang='lat'>8</span> <span class='ocrx_word' id='word_1_426' title='bbox 292 4716 424 4781; x_wconf 82' lang='lat' dir='ltr'><em>Ethyopis</em></span> <span class='ocrx_word' id='word_1_427' title='bbox 443 4713 469 4764; x_wconf 87' lang='lat' dir='ltr'><em>B</em></span> <span class='ocrx_word' id='word_1_428' title='bbox 480 4719 503 4764; x_wconf 87' lang='lat'><em>1.</em></span> <span class='ocrx_word' id='word_1_429' title='bbox 523 4709 555 4774; x_wconf 79' lang='lat' dir='ltr'><em>L,</em></span> <span class='ocrx_word' id='word_1_430' title='bbox 574 4714 700 4778; x_wconf 80' lang='lat' dir='ltr'><em>Aetiopis</em></span> <span class='ocrx_word' id='word_1_431' title='bbox 719 4711 779 4762; x_wconf 85' lang='lat' dir='ltr'><em>B3.</em></span> <span class='ocrx_word' id='word_1_432' title='bbox 852 4712 867 4760; x_wconf 88' lang='grc'>9</span> <span class='ocrx_word' id='word_1_433' title='bbox 887 4717 1012 4760; x_wconf 87' lang='lat' dir='ltr'><em>astruunt</em></span> <span class='ocrx_word' id='word_1_434' title='bbox 1031 4710 1090 4760; x_wconf 86' lang='lat' dir='ltr'><em>Bt.</em></span> <span class='ocrx_word' id='word_1_435' title='bbox 1104 4713 1129 4760; x_wconf 83' lang='lat'><em>3.</em></span> <span class='ocrx_word' id='word_1_436' title='bbox 1150 4710 1185 4759; x_wconf 89' lang='grc' dir='ltr'><em>Μ.</em></span> 
     </span>
    </p>
   </div>
   <div class='ocr_carea' id='block_1_8' title="bbox 208 4797 1907 5418">
    <p class='ocr_par' dir='ltr' id='par_1_11' title="bbox 208 4797 1907 5418">
     <span class='ocr_line' id='line_1_39' title="bbox 361 4797 1907 4885; baseline -0.001 -15"><span class='ocrx_word' id='word_1_437' title='bbox 361 4821 477 4870; x_wconf 83' lang='lat' dir='ltr'>XVIIII.</span> <span class='ocrx_word' id='word_1_438' title='bbox 507 4824 539 4871; x_wconf 92' lang='lat'><em>11</em></span> <span class='ocrx_word' id='word_1_439' title='bbox 566 4797 762 4885; x_wconf 76' lang='lat' dir='ltr'><em>quadrigentos</em></span> <span class='ocrx_word' id='word_1_440' title='bbox 781 4818 807 4868; x_wconf 89' lang='lat' dir='ltr'><em>B</em></span> <span class='ocrx_word' id='word_1_441' title='bbox 816 4821 841 4880; x_wconf 91' lang='lat'><em>3,</em></span> <span class='ocrx_word' id='word_1_442' title='bbox 870 4823 896 4868; x_wconf 90' lang='lat' dir='ltr'><em>et</em></span> <span class='ocrx_word' id='word_1_443' title='bbox 920 4817 980 4867; x_wconf 83' lang='lat' dir='ltr'><em>add.</em></span> <span class='ocrx_word' id='word_1_444' title='bbox 1001 4817 1038 4866; x_wconf 88' lang='grc' dir='ltr'><em>Μ.</em></span> <span class='ocrx_word' id='word_1_445' title='bbox 1131 4819 1162 4867; x_wconf 88' lang='grc'><em>13</em></span> <span class='ocrx_word' id='word_1_446' title='bbox 1190 4812 1453 4882; x_wconf 84' lang='lat' dir='ltr'><em>Hierosolymorum]</em></span> <span class='ocrx_word' id='word_1_447' title='bbox 1478 4818 1516 4867; x_wconf 81' lang='lat' dir='ltr'><em>ita</em></span> <span class='ocrx_word' id='word_1_448' title='bbox 1536 4819 1563 4878; x_wconf 76' lang='lat' dir='ltr'><em>U,</em></span> <span class='ocrx_word' id='word_1_449' title='bbox 1591 4816 1834 4869; x_wconf 87' lang='lat' dir='ltr'><em>Hierosolimorum</em></span> <span class='ocrx_word' id='word_1_450' title='bbox 1852 4828 1907 4869; x_wconf 84' lang='lat' dir='ltr'><em>cett.</em></span> 
     </span>
     <span class='ocr_line' id='line_1_40' title="bbox 257 4900 1907 4976; baseline -0.002 -15"><span class='ocrx_word' id='word_1_451' title='bbox 257 4904 462 4976; x_wconf 78' lang='lat' dir='ltr'><em>Babylonicam]</em></span> <span class='ocrx_word' id='word_1_452' title='bbox 483 4910 521 4958; x_wconf 85' lang='lat' dir='ltr'><em>ita</em></span> <span class='ocrx_word' id='word_1_453' title='bbox 541 4910 567 4966; x_wconf 83' lang='lat' dir='ltr'><em>C,</em></span> <span class='ocrx_word' id='word_1_454' title='bbox 595 4907 766 4959; x_wconf 86' lang='lat' dir='ltr'><em>Babiloniam</em></span> <span class='ocrx_word' id='word_1_455' title='bbox 786 4907 845 4968; x_wconf 82' lang='lat' dir='ltr'><em>Bi,</em></span> <span class='ocrx_word' id='word_1_456' title='bbox 866 4906 1054 4956; x_wconf 85' lang='lat' dir='ltr'><em>Babilonicem</em></span> <span class='ocrx_word' id='word_1_457' title='bbox 1074 4906 1127 4956; x_wconf 86' lang='lat' dir='ltr'><em>rell.</em></span> <span class='ocrx_word' id='word_1_458' title='bbox 1210 4910 1242 4956; x_wconf 83' lang='grc'><em>14</em></span> <span class='ocrx_word' id='word_1_459' title='bbox 1262 4913 1289 4956; x_wconf 88' lang='lat' dir='ltr'><em>et</em></span> <span class='ocrx_word' id='word_1_460' title='bbox 1307 4923 1373 4956; x_wconf 82' lang='lat' dir='ltr'><em>vasa</em></span> <span class='ocrx_word' id='word_1_461' title='bbox 1392 4900 1500 4972; x_wconf 84' lang='lat' dir='ltr'><em>domus]</em></span> <span class='ocrx_word' id='word_1_462' title='bbox 1519 4914 1546 4956; x_wconf 89' lang='lat' dir='ltr'><em>et</em></span> <span class='ocrx_word' id='word_1_463' title='bbox 1564 4923 1630 4956; x_wconf 83' lang='lat' dir='ltr'><em>vasa</em></span> <span class='ocrx_word' id='word_1_464' title='bbox 1649 4907 1686 4957; x_wconf 91' lang='grc' dir='ltr'><em>Μ.</em></span> <span class='ocrx_word' id='word_1_465' title='bbox 1769 4910 1800 4958; x_wconf 77' lang='grc'><em>15</em></span> <span class='ocrx_word' id='word_1_466' title='bbox 1820 4909 1907 4974; x_wconf 87' lang='lat' dir='ltr'><em>Baby·</em></span> 
     </span>
     <span class='ocr_line' id='line_1_41' title="bbox 208 4990 1907 5062; baseline -0.001 -12"><span class='ocrx_word' id='word_1_467' title='bbox 208 4995 354 5062; x_wconf 63' lang='lat' dir='ltr'><em>rolonem]</em></span> <span class='ocrx_word' id='word_1_468' title='bbox 375 5000 412 5049; x_wconf 81' lang='lat' dir='ltr'><em>ita</em></span> <span class='ocrx_word' id='word_1_469' title='bbox 433 4999 460 5060; x_wconf 81' lang='lat'><em>0,</em></span> <span class='ocrx_word' id='word_1_470' title='bbox 489 4997 649 5048; x_wconf 84' lang='lat' dir='ltr'><em>Babilonem</em></span> <span class='ocrx_word' id='word_1_471' title='bbox 668 4997 708 5047; x_wconf 81' lang='lat' dir='ltr'><em>tric</em></span> <span class='ocrx_word' id='word_1_472' title='bbox 725 4996 839 5061; x_wconf 85' lang='lat' dir='ltr'><em>etinfra</em></span> <span class='ocrx_word' id='word_1_473' title='bbox 856 5004 910 5046; x_wconf 79' lang='lat' dir='ltr'><em>cett.</em></span> <span class='ocrx_word' id='word_1_474' title='bbox 992 4990 1065 5060; x_wconf 87' lang='lat' dir='ltr'><em>Non]</em></span> <span class='ocrx_word' id='word_1_475' title='bbox 1084 4997 1141 5045; x_wconf 85' lang='lat' dir='ltr'><em>Nec</em></span> <span class='ocrx_word' id='word_1_476' title='bbox 1162 4994 1220 5044; x_wconf 84' lang='lat' dir='ltr'><em>Bt.</em></span> <span class='ocrx_word' id='word_1_477' title='bbox 1305 4997 1337 5045; x_wconf 88' lang='grc'><em>16</em></span> <span class='ocrx_word' id='word_1_478' title='bbox 1358 4995 1470 5046; x_wconf 85' lang='lat' dir='ltr'><em>eandem</em></span> <span class='ocrx_word' id='word_1_479' title='bbox 1490 4993 1522 5045; x_wconf 76' lang='lat' dir='ltr'><em>L.</em></span> <span class='ocrx_word' id='word_1_480' title='bbox 1602 5013 1680 5046; x_wconf 86' lang='lat' dir='ltr'><em>sacra</em></span> <span class='ocrx_word' id='word_1_481' title='bbox 1699 4997 1736 5047; x_wconf 86' lang='grc' dir='ltr'><em>Μ.</em></span> <span class='ocrx_word' id='word_1_482' title='bbox 1816 4999 1907 5050; x_wconf 86' lang='lat' dir='ltr'><em>Nobu-</em></span> 
     </span>
     <span class='ocr_line' id='line_1_42' title="bbox 256 5080 1907 5148; baseline -0.001 -10"><span class='ocrx_word' id='word_1_483' title='bbox 256 5089 429 5140; x_wconf 85' lang='lat' dir='ltr'><em>ehodonosor</em></span> <span class='ocrx_word' id='word_1_484' title='bbox 448 5088 485 5138; x_wconf 87' lang='grc' dir='ltr'><em>Μ.</em></span> <span class='ocrx_word' id='word_1_485' title='bbox 553 5088 584 5136; x_wconf 77' lang='grc'><em>11</em></span> <span class='ocrx_word' id='word_1_486' title='bbox 605 5085 657 5136; x_wconf 86' lang='lat' dir='ltr'><em>loci</em></span> <span class='ocrx_word' id='word_1_487' title='bbox 677 5086 714 5135; x_wconf 89' lang='grc' dir='ltr'><em>Μ.</em></span> <span class='ocrx_word' id='word_1_488' title='bbox 781 5087 813 5136; x_wconf 85' lang='grc'><em>18</em></span> <span class='ocrx_word' id='word_1_489' title='bbox 832 5101 897 5135; x_wconf 83' lang='lat' dir='ltr'><em>vero</em></span> <span class='ocrx_word' id='word_1_490' title='bbox 918 5080 968 5148; x_wconf 89' lang='lat' dir='ltr'><em>est]</em></span> <span class='ocrx_word' id='word_1_491' title='bbox 991 5093 1081 5134; x_wconf 84' lang='lat' dir='ltr'><em>tamen</em></span> <span class='ocrx_word' id='word_1_492' title='bbox 1101 5090 1142 5134; x_wconf 84' lang='lat' dir='ltr'><em>est</em></span> <span class='ocrx_word' id='word_1_493' title='bbox 1161 5084 1260 5147; x_wconf 79' lang='lat' dir='ltr'><em>Bas,</em></span> <span class='ocrx_word' id='word_1_494' title='bbox 1280 5091 1430 5135; x_wconf 87' lang='lat' dir='ltr'><em>esttamen</em></span> <span class='ocrx_word' id='word_1_495' title='bbox 1451 5086 1487 5136; x_wconf 88' lang='grc' dir='ltr'><em>Μ.</em></span> <span class='ocrx_word' id='word_1_496' title='bbox 1555 5086 1589 5135; x_wconf 89' lang='grc'><em>20</em></span> <span class='ocrx_word' id='word_1_497' title='bbox 1607 5080 1673 5148; x_wconf 88' lang='lat' dir='ltr'><em>ullo]</em></span> <span class='ocrx_word' id='word_1_498' title='bbox 1695 5085 1907 5138; x_wconf 71' lang='lat' dir='ltr'><em>nauseant.</em></span> 
     </span>
     <span class='ocr_line' id='line_1_43' title="bbox 256 5168 1906 5239; baseline -0.001 -11"><span class='ocrx_word' id='word_1_499' title='bbox 256 5180 289 5229; x_wconf 88' lang='grc'><em>22</em></span> <span class='ocrx_word' id='word_1_500' title='bbox 308 5179 366 5227; x_wconf 82' lang='lat' dir='ltr'><em>sata</em></span> <span class='ocrx_word' id='word_1_501' title='bbox 384 5176 444 5226; x_wconf 82' lang='lat' dir='ltr'><em>BI.</em></span> <span class='ocrx_word' id='word_1_502' title='bbox 465 5175 496 5225; x_wconf 87' lang='lat' dir='ltr'><em>L.</em></span> <span class='ocrx_word' id='word_1_503' title='bbox 587 5169 657 5238; x_wconf 86' lang='lat' dir='ltr'><em>Tibi]</em></span> <span class='ocrx_word' id='word_1_504' title='bbox 684 5176 741 5226; x_wconf 86' lang='lat' dir='ltr'><em>Sibi</em></span> <span class='ocrx_word' id='word_1_505' title='bbox 767 5174 798 5225; x_wconf 81' lang='lat' dir='ltr'><em>L.</em></span> <span class='ocrx_word' id='word_1_506' title='bbox 890 5175 924 5224; x_wconf 79' lang='lat'><em>23</em></span> <span class='ocrx_word' id='word_1_507' title='bbox 949 5168 1113 5236; x_wconf 75' lang='lat' dir='ltr'><em>homiuibus]</em></span> <span class='ocrx_word' id='word_1_508' title='bbox 1140 5175 1265 5224; x_wconf 87' lang='lat' dir='ltr'><em>omnibus</em></span> <span class='ocrx_word' id='word_1_509' title='bbox 1284 5173 1321 5222; x_wconf 85' lang='lat' dir='ltr'><em>M.</em></span> <span class='ocrx_word' id='word_1_510' title='bbox 1413 5171 1523 5234; x_wconf 85' lang='lat' dir='ltr'><em>eicient]</em></span> <span class='ocrx_word' id='word_1_511' title='bbox 1551 5181 1578 5223; x_wconf 86' lang='lat' dir='ltr'><em>et</em></span> <span class='ocrx_word' id='word_1_512' title='bbox 1604 5175 1686 5224; x_wconf 84' lang='lat' dir='ltr'><em>etiarn</em></span> <span class='ocrx_word' id='word_1_513' title='bbox 1706 5174 1743 5224; x_wconf 89' lang='grc' dir='ltr'><em>Μ.</em></span> <span class='ocrx_word' id='word_1_514' title='bbox 1833 5172 1906 5239; x_wconf 83' lang='lat' dir='ltr'><em>feria]</em></span> 
     </span>
     <span class='ocr_line' id='line_1_44' title="bbox 255 5257 1907 5330; baseline -0.002 -13"><span class='ocrx_word' id='word_1_515' title='bbox 255 5268 371 5330; x_wconf 82' lang='lat' dir='ltr'><em>terisque</em></span> <span class='ocrx_word' id='word_1_516' title='bbox 393 5265 420 5326; x_wconf 79' lang='lat'><em>0,</em></span> <span class='ocrx_word' id='word_1_517' title='bbox 449 5271 476 5315; x_wconf 90' lang='lat' dir='ltr'><em>st</em></span> <span class='ocrx_word' id='word_1_518' title='bbox 500 5265 565 5314; x_wconf 83' lang='lat' dir='ltr'><em>feris</em></span> <span class='ocrx_word' id='word_1_519' title='bbox 584 5262 620 5313; x_wconf 90' lang='grc' dir='ltr'><em>Μ.</em></span> <span class='ocrx_word' id='word_1_520' title='bbox 686 5266 719 5314; x_wconf 75' lang='grc'><em>21</em></span> <span class='ocrx_word' id='word_1_521' title='bbox 738 5266 848 5314; x_wconf 81' lang='lat' dir='ltr'><em>foenum</em></span> <span class='ocrx_word' id='word_1_522' title='bbox 866 5263 906 5313; x_wconf 80' lang='lat' dir='ltr'><em>tric</em></span> <span class='ocrx_word' id='word_1_523' title='bbox 923 5272 947 5312; x_wconf 89' lang='lat' dir='ltr'><em>et</em></span> <span class='ocrx_word' id='word_1_524' title='bbox 964 5262 1037 5328; x_wconf 78' lang='lat' dir='ltr'><em>infra</em></span> <span class='ocrx_word' id='word_1_525' title='bbox 1056 5262 1115 5312; x_wconf 84' lang='lat' dir='ltr'><em>Bt.</em></span> <span class='ocrx_word' id='word_1_526' title='bbox 1129 5267 1154 5312; x_wconf 89' lang='lat'><em>3.</em></span> <span class='ocrx_word' id='word_1_527' title='bbox 1174 5263 1210 5312; x_wconf 92' lang='grc' dir='ltr'><em>Μ.</em></span> <span class='ocrx_word' id='word_1_528' title='bbox 1275 5265 1309 5312; x_wconf 84' lang='grc'><em>25</em></span> <span class='ocrx_word' id='word_1_529' title='bbox 1328 5257 1501 5326; x_wconf 86' lang='lat' dir='ltr'><em>cuicumque]</em></span> <span class='ocrx_word' id='word_1_530' title='bbox 1523 5264 1568 5312; x_wconf 86' lang='lat' dir='ltr'><em>eui</em></span> <span class='ocrx_word' id='word_1_531' title='bbox 1588 5261 1625 5312; x_wconf 88' lang='grc' dir='ltr'><em>Μ.</em></span> <span class='ocrx_word' id='word_1_532' title='bbox 1690 5265 1723 5313; x_wconf 84' lang='grc'><em>26</em></span> <span class='ocrx_word' id='word_1_533' title='bbox 1741 5263 1907 5329; x_wconf 80' lang='lat' dir='ltr'><em>Nabugodo·</em></span> 
     </span>
     <span class='ocr_line' id='line_1_45' title="bbox 256 5346 1765 5418; baseline -0.001 -12"><span class='ocrx_word' id='word_1_534' title='bbox 256 5372 339 5406; x_wconf 86' lang='lat' dir='ltr'><em>nosor</em></span> <span class='ocrx_word' id='word_1_535' title='bbox 356 5355 396 5404; x_wconf 80' lang='lat' dir='ltr'><em>tric</em></span> <span class='ocrx_word' id='word_1_536' title='bbox 413 5362 437 5403; x_wconf 86' lang='lat' dir='ltr'><em>et</em></span> <span class='ocrx_word' id='word_1_537' title='bbox 454 5352 527 5418; x_wconf 78' lang='lat' dir='ltr'><em>infra</em></span> <span class='ocrx_word' id='word_1_538' title='bbox 548 5353 575 5414; x_wconf 77' lang='lat' dir='ltr'><em>C,</em></span> <span class='ocrx_word' id='word_1_539' title='bbox 595 5352 833 5403; x_wconf 87' lang='lat' dir='ltr'><em>Nabucodonosor</em></span> <span class='ocrx_word' id='word_1_540' title='bbox 850 5352 910 5403; x_wconf 85' lang='lat' dir='ltr'><em>B3.</em></span> <span class='ocrx_word' id='word_1_541' title='bbox 984 5346 1113 5414; x_wconf 85' lang='lat' dir='ltr'><em>dictaei]</em></span> <span class='ocrx_word' id='word_1_542' title='bbox 1134 5353 1159 5401; x_wconf 92' lang='lat' dir='ltr'><em>ei</em></span> <span class='ocrx_word' id='word_1_543' title='bbox 1180 5352 1255 5401; x_wconf 86' lang='lat' dir='ltr'><em>dieta</em></span> <span class='ocrx_word' id='word_1_544' title='bbox 1273 5351 1331 5402; x_wconf 86' lang='lat' dir='ltr'><em>B3.</em></span> <span class='ocrx_word' id='word_1_545' title='bbox 1351 5353 1388 5403; x_wconf 91' lang='grc' dir='ltr'><em>Μ.</em></span> <span class='ocrx_word' id='word_1_546' title='bbox 1462 5354 1494 5402; x_wconf 78' lang='lat' dir='ltr'><em>ti</em></span> <span class='ocrx_word' id='word_1_547' title='bbox 1515 5357 1631 5402; x_wconf 88' lang='lat' dir='ltr'><em>testatur</em></span> <span class='ocrx_word' id='word_1_548' title='bbox 1649 5353 1708 5404; x_wconf 88' lang='lat' dir='ltr'><em>B3.</em></span> <span class='ocrx_word' id='word_1_549' title='bbox 1728 5352 1765 5403; x_wconf 89' lang='grc' dir='ltr'><em>Μ.</em></span> 
     </span>
    </p>
   </div>
   <div class='ocr_carea' id='block_1_9' title="bbox 208 5455 1908 5704">
    <p class='ocr_par' dir='ltr' id='par_1_12' title="bbox 208 5455 1908 5704">
     <span class='ocr_line' id='line_1_46' title="bbox 208 5455 1907 5524; baseline -0.002 -13"><span class='ocrx_word' id='word_1_550' title='bbox 208 5481 238 5521; x_wconf 66' lang='lat'><em>45</em></span> <span class='ocrx_word' id='word_1_551' title='bbox 362 5462 421 5511; x_wconf 80' lang='lat' dir='ltr'><em>XX.</em></span> <span class='ocrx_word' id='word_1_552' title='bbox 450 5463 484 5510; x_wconf 88' lang='grc'><em>28</em></span> <span class='ocrx_word' id='word_1_553' title='bbox 507 5465 627 5524; x_wconf 87' lang='lat' dir='ltr'><em>patrarat</em></span> <span class='ocrx_word' id='word_1_554' title='bbox 646 5458 704 5509; x_wconf 81' lang='lat' dir='ltr'><em>Bt.</em></span> <span class='ocrx_word' id='word_1_555' title='bbox 784 5462 818 5509; x_wconf 89' lang='grc'><em>29</em></span> <span class='ocrx_word' id='word_1_556' title='bbox 844 5457 968 5509; x_wconf 80' lang='lat' dir='ltr'><em>Danielis</em></span> <span class='ocrx_word' id='word_1_557' title='bbox 988 5458 1020 5507; x_wconf 94' lang='grc' dir='ltr'><em>Μ</em></span> <span class='ocrx_word' id='word_1_558' title='bbox 1034 5458 1141 5522; x_wconf 79' lang='lat' dir='ltr'><em>saepius.</em></span> <span class='ocrx_word' id='word_1_559' title='bbox 1228 5460 1262 5506; x_wconf 88' lang='lat'><em>30</em></span> <span class='ocrx_word' id='word_1_560' title='bbox 1287 5473 1354 5508; x_wconf 80' lang='lat' dir='ltr'><em>suae</em></span> <span class='ocrx_word' id='word_1_561' title='bbox 1372 5458 1439 5508; x_wconf 79' lang='lat' dir='ltr'><em>deest</em></span> <span class='ocrx_word' id='word_1_562' title='bbox 1459 5459 1486 5509; x_wconf 85' lang='lat' dir='ltr'><em>C.</em></span> <span class='ocrx_word' id='word_1_563' title='bbox 1565 5461 1597 5508; x_wconf 84' lang='lat'><em>31</em></span> <span class='ocrx_word' id='word_1_564' title='bbox 1625 5455 1798 5524; x_wconf 82' lang='lat' dir='ltr'><em>elemosynis]</em></span> <span class='ocrx_word' id='word_1_565' title='bbox 1822 5460 1860 5509; x_wconf 86' lang='lat' dir='ltr'><em>ita</em></span> <span class='ocrx_word' id='word_1_566' title='bbox 1881 5460 1907 5522; x_wconf 84' lang='lat' dir='ltr'><em>C,</em></span> 
     </span>
     <span class='ocr_line' id='line_1_47' title="bbox 256 5540 1908 5611; baseline -0.001 -9"><span class='ocrx_word' id='word_1_567' title='bbox 256 5551 428 5603; x_wconf 84' lang='lat' dir='ltr'><em>aelemosinis</em></span> <span class='ocrx_word' id='word_1_568' title='bbox 455 5549 514 5599; x_wconf 81' lang='lat' dir='ltr'><em>Br.</em></span> <span class='ocrx_word' id='word_1_569' title='bbox 533 5548 565 5599; x_wconf 79' lang='lat' dir='ltr'><em>L.</em></span> <span class='ocrx_word' id='word_1_570' title='bbox 585 5549 610 5599; x_wconf 89' lang='lat' dir='ltr'><em>B</em></span> <span class='ocrx_word' id='word_1_571' title='bbox 619 5553 643 5608; x_wconf 88' lang='lat'><em>3,</em></span> <span class='ocrx_word' id='word_1_572' title='bbox 673 5548 830 5599; x_wconf 83' lang='lat' dir='ltr'><em>elemosims</em></span> <span class='ocrx_word' id='word_1_573' title='bbox 855 5548 914 5598; x_wconf 88' lang='lat' dir='ltr'><em>Bt.</em></span> <span class='ocrx_word' id='word_1_574' title='bbox 935 5547 971 5597; x_wconf 92' lang='grc' dir='ltr'><em>Μ.</em></span> <span class='ocrx_word' id='word_1_575' title='bbox 1063 5548 1096 5597; x_wconf 85' lang='grc'><em>32</em></span> <span class='ocrx_word' id='word_1_576' title='bbox 1116 5540 1231 5609; x_wconf 85' lang='lat' dir='ltr'><em>tantam]</em></span> <span class='ocrx_word' id='word_1_577' title='bbox 1258 5548 1330 5596; x_wconf 85' lang='lat' dir='ltr'><em>enim</em></span> <span class='ocrx_word' id='word_1_578' title='bbox 1348 5546 1409 5597; x_wconf 78' lang='lat' dir='ltr'><em>aaa.</em></span> <span class='ocrx_word' id='word_1_579' title='bbox 1429 5545 1466 5596; x_wconf 83' lang='grc' dir='ltr'><em>Μ.</em></span> <span class='ocrx_word' id='word_1_580' title='bbox 1552 5549 1585 5597; x_wconf 83' lang='grc'><em>33</em></span> <span class='ocrx_word' id='word_1_581' title='bbox 1612 5542 1687 5611; x_wconf 81' lang='lat' dir='ltr'><em>ieris]</em></span> <span class='ocrx_word' id='word_1_582' title='bbox 1706 5549 1772 5598; x_wconf 81' lang='lat' dir='ltr'><em>ioris</em></span> <span class='ocrx_word' id='word_1_583' title='bbox 1792 5548 1817 5598; x_wconf 90' lang='lat' dir='ltr'><em>B</em></span> <span class='ocrx_word' id='word_1_584' title='bbox 1826 5553 1850 5599; x_wconf 88' lang='lat'><em>3.</em></span> <span class='ocrx_word' id='word_1_585' title='bbox 1870 5551 1908 5601; x_wconf 84' lang='grc' dir='ltr'><em>Μ.</em></span> 
     </span>
     <span class='ocr_line' id='line_1_48' title="bbox 256 5630 1575 5704; baseline -0.003 -14"><span class='ocrx_word' id='word_1_586' title='bbox 256 5636 324 5703; x_wconf 85' lang='lat' dir='ltr'><em>eius]</em></span> <span class='ocrx_word' id='word_1_587' title='bbox 344 5642 370 5690; x_wconf 86' lang='lat' dir='ltr'><em>ei</em></span> <span class='ocrx_word' id='word_1_588' title='bbox 388 5639 448 5689; x_wconf 85' lang='lat' dir='ltr'><em>B3.</em></span> <span class='ocrx_word' id='word_1_589' title='bbox 522 5641 556 5689; x_wconf 80' lang='lat' dir='ltr'><em>st</em></span> <span class='ocrx_word' id='word_1_590' title='bbox 575 5638 647 5703; x_wconf 85' lang='lat' dir='ltr'><em>quod</em></span> <span class='ocrx_word' id='word_1_591' title='bbox 668 5637 727 5688; x_wconf 90' lang='lat' dir='ltr'><em>B3.</em></span> <span class='ocrx_word' id='word_1_592' title='bbox 800 5632 870 5704; x_wconf 88' lang='lat' dir='ltr'><em>post]</em></span> <span class='ocrx_word' id='word_1_593' title='bbox 889 5643 978 5702; x_wconf 87' lang='lat' dir='ltr'><em>potest</em></span> <span class='ocrx_word' id='word_1_594' title='bbox 998 5636 1034 5685; x_wconf 84' lang='grc' dir='ltr'><em>Μ.</em></span> <span class='ocrx_word' id='word_1_595' title='bbox 1107 5630 1207 5698; x_wconf 86' lang='lat' dir='ltr'><em>actum]</em></span> <span class='ocrx_word' id='word_1_596' title='bbox 1227 5643 1366 5701; x_wconf 84' lang='lat' dir='ltr'><em>peractum</em></span> <span class='ocrx_word' id='word_1_597' title='bbox 1385 5635 1445 5685; x_wconf 79' lang='lat' dir='ltr'><em>Bi.</em></span> <span class='ocrx_word' id='word_1_598' title='bbox 1464 5635 1497 5686; x_wconf 87' lang='lat' dir='ltr'><em>L.</em></span> <span class='ocrx_word' id='word_1_599' title='bbox 1516 5636 1575 5686; x_wconf 87' lang='lat' dir='ltr'><em>Bt.</em></span> 
     </span>
    </p>
   </div>
   <div class='ocr_carea' id='block_1_10' title="bbox 309 5850 1835 6025">
    <p class='ocr_par' dir='ltr' id='par_1_13' title="bbox 309 5850 1835 6025">
     <span class='ocr_line' id='line_1_49' title="bbox 365 5850 1835 5929; baseline -0.003 -17"><span class='ocrx_word' id='word_1_600' title='bbox 365 5859 394 5926; x_wconf 87' lang='lat'><em>1)</em></span> <span class='ocrx_word' id='word_1_601' title='bbox 421 5855 470 5927; x_wconf 81' lang='lat' dir='ltr'><em>Cf.</em></span> <span class='ocrx_word' id='word_1_602' title='bbox 495 5856 592 5924; x_wconf 88' lang='lat' dir='ltr'><em>Ionas,</em></span> <span class='ocrx_word' id='word_1_603' title='bbox 617 5855 663 5912; x_wconf 87' lang='lat' dir='ltr'><em>De</em></span> <span class='ocrx_word' id='word_1_604' title='bbox 685 5853 855 5911; x_wconf 73' lang='lat' dir='ltr'><em>institutione</em></span> <span class='ocrx_word' id='word_1_605' title='bbox 878 5852 975 5909; x_wconf 82' lang='lat' dir='ltr'><em>laicali</em></span> <span class='ocrx_word' id='word_1_606' title='bbox 997 5853 1016 5909; x_wconf 89' lang='lat'><em>1</em></span> <span class='ocrx_word' id='word_1_607' title='bbox 1036 5873 1059 5909; x_wconf 88' lang='lat' dir='ltr'><em>c.</em></span> <span class='ocrx_word' id='word_1_608' title='bbox 1077 5855 1124 5912; x_wconf 84' lang='lat'><em>11.</em></span> <span class='ocrx_word' id='word_1_609' title='bbox 1174 5850 1223 5923; x_wconf 80' lang='lat' dir='ltr'><em>Os.</em></span> <span class='ocrx_word' id='word_1_610' title='bbox 1248 5850 1367 5909; x_wconf 83' lang='lat' dir='ltr'><em>eiusdem</em></span> <span class='ocrx_word' id='word_1_611' title='bbox 1392 5853 1426 5908; x_wconf 86' lang='lat' dir='ltr'><em>de</em></span> <span class='ocrx_word' id='word_1_612' title='bbox 1448 5852 1618 5910; x_wconf 71' lang='lat' dir='ltr'><em>instinctione</em></span> <span class='ocrx_word' id='word_1_613' title='bbox 1640 5853 1722 5929; x_wconf 76' lang='lat' dir='ltr'><em>reyia</em></span> <span class='ocrx_word' id='word_1_614' title='bbox 1745 5873 1769 5910; x_wconf 86' lang='lat' dir='ltr'><em>c.</em></span> <span class='ocrx_word' id='word_1_615' title='bbox 1787 5857 1835 5914; x_wconf 83' lang='lat'><em>13.</em></span> 
     </span>
     <span class='ocr_line' id='line_1_50' title="bbox 309 5972 1694 6025; baseline 0.009 -13"><span class='ocrx_word' id='word_1_616' title='bbox 309 5974 354 6016; x_wconf 76' lang='lat' dir='ltr'><em>nn.</em></span> <span class='ocrx_word' id='word_1_617' title='bbox 367 5973 466 6013; x_wconf 68' lang='lat' dir='ltr'><em>masur·</em></span> <span class='ocrx_word' id='word_1_618' title='bbox 480 5972 510 6013; x_wconf 92' lang='lat' dir='ltr'><em>n.</em></span> <span class='ocrx_word' id='word_1_619' title='bbox 1660 5976 1694 6025; x_wconf 79' lang='lat'><em>95</em></span> 
     </span>
    </p>
   </div>
   <div class='ocr_carea' id='block_1_11' title="bbox 0 0 2446 6709">
    <p class='ocr_par' dir='ltr' id='par_1_14' title="bbox 0 0 2446 6709">
     <span class='ocr_line' id='line_1_51' title="bbox 0 0 2446 6709; baseline 0 0"><span class='ocrx_word' id='word_1_620' title='bbox 0 0 2446 6709; x_wconf 95' lang='lat' dir='ltr'><em> </em></span> 
     </span>
    </p>
   </div>
  </div>
 </body>
</html>
