4884 6717
535 461 600 523 824
654 467 865 522 APPENDIX.
914 467 943 523 5.
975 466 1191 524 DECRETUM
1215 466 1388 524 SPURIUM
1412 467 1608 523 HADRIANI
1623 467 1646 520 1.
1671 466 1799 521 PAPAE
1823 466 1876 521 DE
1899 465 2191 532 INVESTITURIS.

581 654 676 734 (Mc.
711 654 813 719 Cenat.
848 654 992 740 Ldos).
1044 653 1226 740 Incipitl
1261 653 1333 741 hy·

536 761 668 824 storia
702 759 851 825 Karoli
885 760 1024 847 Magni
1059 762 1170 845 regis
1205 761 1332 824 Fran·
1425 833 1427 838 ,

488 855 494 866 ’
536 888 674 930 corum
704 876 743 929 et
774 866 946 931 decreta
968 866 1083 931 beati
1108 866 1334 952 stephanie

535 971 822 1059 Adrianique⁸
851 996 993 1060 papae.

580 1096 640 1183 (1).
677 1097 839 1184 Tempore
871 1121 912 1162 ex
944 1121 1008 1185 quo
1032 1096 1243 1183 Longobardi
1270 1098 1334 1162 Ita·

535 1202 611 1267 liam
628 1204 791 1268 intravere
800 1210 821 1286 ⁴,
835 1205 972 1269 Romam
984 1227 1113 1292 quoque
1126 1203 1334 1286 obsederunt,

534 1309 684 1374 Italicum
708 1333 786 1375 vero
811 1334 946 1396 regnum
970 1313 1120 1375 invasere
1145 1323 1177 1375 ct
1193 1335 1253 1398 per
1268 1311 1336 1375 ΧΠ

535 1438 637 1481 annos
660 1416 784 1503 absque
815 1440 893 1503 rege
924 1417 1102 1482 detinuere.
1150 1419 1265 1504 Itaque
1293 1440 1337 1482 ex

535 1524 614 1608 ipsis
644 1546 756 1610 regern
787 1527 982 1589 constituere
1011 1536 1044 1589 et
1067 1523 1260 1611 prevaluere
1284 1548 1335 1589 us-

535 1652 599 1715 que
623 1629 666 1694 ad
689 1630 848 1696 Karolum
872 1654 993 1717 regem,
1025 1633 1080 1718 qui
1104 1631 1337 1699 Desiderium⁵

536 1737 624 1822 cepit
647 1759 759 1822 regem
782 1736 1076 1823 Longobardorum
1099 1739 1133 1801 in
1148 1739 1253 1825 Papia
1277 1760 1336 1824 per

535 1842 667 1928 longam
684 1843 917 1909 obsidioncm⁶.
942 1843 1044 1910 Cuius
1059 1845 1144 1909 filius
1160 1844 1337 1909 Adelchis⁷

534 1950 648 2036 fugam
672 1950 766 2015 duxit
788 1953 821 2015 in
845 1953 979 2016 marinis
1002 1951 1159 2038 partibus.
1206 1953 1335 2016 Hucus-

536 2079 599 2142 que
612 2055 713 2142 legati
722 2056 1098 2145 Constantinopolitanae
1111 2057 1201 2122 urbis
1211 2059 1335 2123 Romae

536 2162 694 2249 Italiaque
726 2175 961 2229 commorantes
993 2164 1182 2229 detinebant
1215 2164 1336 2251 oppida

536 2280 568 2333 et
591 2268 713 2335 tributa
743 2270 932 2357 colligentes
957 2273 1062 2336 erario
1086 2272 1226 2357 Augusti
1250 2271 1334 2336 Con·

536 2378 778 2464 stantinopolim
795 2377 996 2442 deferebant.
1033 2377 1182 2465 Cumque
1206 2378 1334 2465 expulsi

535 2494 610 2547 sunt
633 2507 653 2547 a
675 2495 772 2569 gente
792 2484 1094 2570 Longobardorum‚
1118 2487 1181 2572 ipsi
1204 2508 1334 2572 quoque

535 2590 746 2677 Longobardi
793 2614 896 2678 usque
943 2591 985 2656 ad
1025 2591 1184 2656 Karolum
1224 2614 1334 2677 regem

536 2719 672 2782 regnum
697 2697 914 2764 detinuerunt.

581 2822 643 2909 (2).
677 2821 810 2887 Accidit
825 2846 914 2903 vero,
932 2823 1018 2909 quod
1035 2823 1336 2910 Liuprandusrrex

535 2928 829 3015 Longobardorum
846 2931 1036 2994 Ravennam
1053 2928 1181 2995 obsedit
1198 2940 1231 2994 ct
1246 2929 1336 2994 Clas·

536 3037 596 3099 sim
610 3036 786 3120 destruxit3
804 3036 965 3101 exarchus
977 3059 1055 3101 vero
1067 3037 1246 3101 Ravennae
1263 3059 1337 3100 cum

536 3141 782 3208 Rauennatibus
798 3143 935 3208 Romam
951 3145 1114 3230 petierunt
1129 3153 1162 3207 et
1179 3141 1336 3208 Constan·
1363 3074 1366 3207 l

536 3249 705 3336 tinopolirn
741 3252 873 3336 navigio
908 3251 970 3315 iter
1006 3250 1205 3315 direxerunt.
1259 3251 1338 3315 Post

536 3355 598 3420 hec
621 3379 700 3421 vero
724 3356 938 3444 Aistulphus⁹
963 3380 1022 3421 rex
1045 3355 1337 3442 Longobardorum

537 3462 750 3527 exarchatum
762 3465 951 3545 Ravennae,
968 3464 1178 3529 exarchatum
1193 3464 1337 3528 Histriae
1365 3481 1366 3488 ¹

537 3591 596 3633 seu
626 3569 780 3634 ducatum
804 3570 976 3634 Ferrariae
1007 3571 1128 3635 invasit
1155 3582 1188 3635 et
1210 3571 1337 3635 Fauen·
1364 3579 1366 3598 ⁴

537 3677 616 3741 tiam
647 3699 705 3741 seu
729 3676 891 3741 Cesenam
922 3676 996 3741 tulit
1026 3677 1067 3741 de
1091 3678 1238 3742 Romana
1265 3701 1338 3742 aec·
1364 3607 1367 3720 l

538 3782 648 3848 clesia.
1365 3731 1367 3832 l

583 3908 643 3995 (3).
679 3909 773 3973 Tunc
790 3909 944 3995 temporis
963 3908 1147 3995 Stephanus
1169 3933 1255 3997 papa
1279 3932 1337 3995 pro
1364 3907 1366 3962 !

537 4026 627 4079 tanta
643 4018 869 4102 persecutione
886 4014 1011 4101 legatos
1026 4016 1199 4080 Franciam
1217 4015 1339 4080 direxit
1365 4035 1366 4074 l

537 4121 660 4186 Karolo
692 4124 761 4207 regi
785 4122 985 4186 Francorum
998 4127 1033 4204 ¹⁰,
1066 4134 1102 4187 ut
1130 4123 1245 4209 predia
1276 4123 1337 4187 Ro·
1364 4111 1366 4145 ¹

538 4251 632 4292 mane
650 4229 829 4293 aecclesiae
847 4229 1038 4294 defenderet
1053 4252 1111 4316 pro
1126 4252 1236 4294 amore
1249 4229 1337 4294 beati
1363 4157 1366 4278 l

536 4335 636 4399 Petri.
671 4334 747 4422 Ipse
763 4359 841 4400 vero
859 4335 1001 4400 Karalus
1017 4338 1138 4422 pietate
1158 4348 1337 4401 commotus
1363 4307 1366 4376 l

536 4441 710 4529 Aistulpho
734 4445 805 4528 regi
828 4445 938 4529 sepius
961 4442 1086 4528 legatos
1110 4444 1197 4508 misit
1222 4443 1336 4507 nichil·
1363 4425 1366 4540 J

538 4572 600 4635 que
640 4549 788 4636 profecit.
849 4549 1042 4635 Aistulphus
1080 4560 1189 4614 tamen
1229 4551 1365 4612 omnia*

538 4653 624 4720 bona
647 4655 852 4720 remandavit
875 4667 907 4720 et
927 4656 1116 4720 satisfacere
1134 4679 1168 4720 se
1184 4657 1218 4720 in
1236 4657 1336 4720 omni-

538 4760 598 4826 bus
622 4765 769 4849 promisit
799 4776 831 4828 et
862 4762 961 4828 nichil
992 4762 1106 4828 horum
1138 4762 1335 4827 observavit.
1363 4813 1364 4826 ,

537 4868 616 4933 Post
656 4881 792 4934 mortem
831 4893 908 4934 vero
943 4869 1107 4957 Aistulphi
1142 4870 1335 4934 Desiderius
1362 4877 1364 4898 '

538 4997 673 5061 regnum
698 4975 837 5041 obtinuit
867 4987 900 5041 et
921 5000 974 5041 res
998 4977 1177 5041 aecclesiae
1202 4977 1334 5042 nichilo·

648 5181 677 5251 1)
704 5180 878 5253 Confusione
901 5183 1027 5240 nranima
1051 5182 1230 5239 narrationis
1253 5183 1388 5261 esficitzn,
1419 5192 1450 5239 ut
1471 5183 1575 5260 pauno
1598 5185 1748 5241 admodum
1772 5185 1999 5243 annotationibus
2022 5206 2083 5244 cam
2108 5206 2190 5244 eaor·

537 5307 650 5357 nemus;
684 5289 724 5359 cs.
750 5288 1284 5365 etianred.laud.L6581.7qu.
1400 5288 1430 5358 2)
1463 5289 1530 5348 scil.
1555 5290 1596 5347 II.
1626 5287 1837 5367 (752—757).
1945 5293 1976 5362 3)
2006 5295 2189 5355 772-795.

539 5395 570 5464 4)
595 5395 629 5452 A.
655 5399 727 5454 568.
809 5396 839 5465 5)
865 5399 1042 5455 757—774.
1124 5397 1154 5466 6)
1179 5398 1214 5452 A.
1234 5400 1304 5456 774.
1329 5416 1422 5454 πιεηεε
1445 5396 1544 5466 Innio;
1568 5399 1609 5469 cs.
1636 5395 1843 5456 Melouchea-²
1866 5420 1894 5456 n.
1912 5399 2003 5459 reeb.
2085 5400 2115 5468 7)
2141 5399 2189 5471 Cs.

537 5501 572 5558 ib.
596 5522 625 5558 n.
645 5503 735 5573 mas.
753 5505 886 5579 et1589.
910 5503 952 5558 ad
972 5523 1000 5560 α.
1019 5506 1089 5562 773.
1115 5507 1289 5562 ctn.167u
1312 5504 1354 5560 ad
1374 5523 1402 5559 a.
1421 5505 1491 5563 771.
1599 5504 1630 5572 8)
1662 5507 1843 5565 712-744.
1950 5505 1981 5574 9)
2011 5508 2190 5567 749-756.
2209 5531 2237 5570 ss

541 5608 592 5678 10)
616 5609 661 5665 ne
682 5629 753 5665 vera
777 5610 888 5668 Karoia
913 5609 1047 5667 Martcllo
1070 5610 1173 5668 rauciori
1194 5612 1292 5668 donem
1316 5602 1353 5686 (†
1375 5607 1457 5686 741),
1488 5610 1565 5667 onius
1593 5610 1730 5668 auxilium
1754 5632 1832 5670 anno
1856 5615 1925 5673 739.
1949 5633 2006 5670 non
2030 5613 2192 5689 Stephanus

532 5736 617 5791 papa
640 5719 703 5775 752
726 5718 770 5772 vel
791 5715 831 5772 II.
856 5712 1057 5792 752-757),
1080 5719 1133 5775 sed
1147 5716 1306 5794 Gregorius
1322 5717 1377 5774 ΙΙΙ.
1403 5709 1607 5794 (731—741)
1633 5726 1732 5775 contra
1757 5719 1986 5795 Liudprcndtnn,
2010 5739 2065 5778 non
2090 5729 2190 5778 contra

537 5822 692 5894 distulsum
711 5822 860 5898 poscebat;
884 5824 925 5894 cf.
952 5820 1159 5881 ansultactffl
1180 5843 1209 5880 n.
1227 5826 1302 5883 lla.
