4884 6717
686 534 738 592 56.
775 534 993 592 CONCILIUM
1017 534 1345 599 AQUISGRANENSE
1368 535 1406 591 A.
1427 534 1503 590 836.
1857 528 1917 589 ’131

374 721 457 786 Sunt
481 722 579 785 etiam
609 720 741 807 qnidam
765 721 955 806 dignitatem
980 720 1237 786 ecclesiasticam
1266 744 1333 786 non
1356 732 1518 803 curantes,
1549 722 1648 786 immo
1678 701 1771 786 suain
1795 720 1920 808 eupidi-

267 839 365 892 tatem
389 827 523 914 explere
539 827 685 891 volentes
710 826 837 913 sibique
861 829 895 891 in
910 827 983 891 Deo
1009 826 1124 892 oblatis
1149 831 1349 914 sacratisque
1374 827 1472 893 rebus
1496 828 1682 892 auferendis
1706 829 1921 913 inpunitatem

266 936 407 999 inaniter
429 936 664 1022 promittentes,
696 935 752 1022 qui
783 945 897 1000 centra
927 933 1063 998 salutern
1095 958 1186 999 suam
1210 935 1293 999 haec
1317 936 1499 1016 temerario,
1530 936 1628 999 imme
1651 935 1920 1021 pernitiosissime

267 1041 371 1106 solent
395 1040 504 1105 dicere
529 1063 626 1105 ausu:

235 1194 249 1232 s
373 1166 433 1231 III.
475 1165 573 1247 ‘Quid
597 1165 675 1230 mali
698 1166 819 1251 quidve
840 1166 1035 1229 discriminis
1052 1176 1110 1246 est,
1135 1167 1162 1229 si
1186 1165 1284 1230 rebus
1301 1165 1532 1231 ecclesiasticis
1548 1168 1581 1230 in
1601 1168 1719 1230 nostris
1742 1189 1802 1252 pro
1826 1165 1920 1230 libitu

266 1285 376 1337 nestro
405 1275 526 1337 utimur
554 1271 830 1336 necessitatibus?
878 1271 966 1352 Quid
997 1295 1094 1336 curae
1125 1283 1175 1336 est
1197 1272 1273 1337 inde
1296 1272 1369 1336 Dee
1401 1274 1586 1360 sanctisque
1610 1275 1691 1354 eius,
1716 1271 1757 1336 ob
1782 1295 1920 1360 querum

267 1402 410 1444 amorem
434 1390 466 1443 et
488 1378 644 1443 honorem
669 1378 742 1442 Dee
767 1379 919 1442 dicuntur
942 1377 1082 1460 oblatae,
1114 1402 1187 1442 eum
1217 1380 1329 1464 utique
1361 1381 1394 1443 in
1425 1380 1602 1444 eorundem
1634 1392 1818 1444 sanctorum
1841 1402 1920 1444 usus

266 1486 346 1550 nihil
377 1507 419 1550 ex
450 1485 499 1549 his
531 1485 651 1550 cedat?
697 1485 742 1548 Et
771 1484 828 1549 ubi
851 1484 944 1549 Dens
969 1485 1061 1568 haec,
1092 1508 1176 1572 quae
1208 1485 1421 1550 ecclesiarum
1446 1498 1589 1550 rectores
1617 1498 1795 1572 opponunt,
1826 1487 1921 1550 iussit

266 1591 328 1656 sibi
359 1592 477 1672 offerri,
509 1594 679 1678 presertim
711 1615 784 1656 cum
809 1593 927 1672 omnia,
960 1614 1045 1678 quac
1077 1594 1111 1655 in
1141 1593 1236 1656 terris
1261 1602 1344 1674 sunt,
1375 1616 1435 1656 sua
1465 1594 1529 1656 sint
1559 1603 1591 1656 et
1615 1593 1668 1657 ille
1699 1615 1739 1656 ea
1769 1593 1812 1656 ad
1842 1617 1919 1658 usus

222 1729 248 1767 ro
266 1699 431 1764 hominum
455 1699 654 1763 creaverit?’
699 1698 845 1778 Quorum
869 1700 1143 1783 argumentationi
1166 1699 1391 1763 insanissimae
1416 1699 1612 1785 divinaeque
1638 1701 1775 1763 iniuriae
1799 1698 1919 1785 plcnis·

266 1808 378 1888 simae,
402 1818 497 1893 prout
520 1806 680 1869 Dominus
705 1807 865 1884 annuerit,
897 1828 939 1868 ex
962 1807 1129 1890 utriusque
1154 1807 1337 1869 testamenti
1368 1806 1497 1891 paginis
1525 1819 1558 1869 ct
1582 1816 1766 1870 sanctorum
1790 1818 1920 1892 patrum

266 1913 361 1977 dictis
386 1914 514 1977 eximiis
538 1910 768 1998 temptabimus
791 1911 999 1997 respondere.

373 2037 450 2101 llll.
485 2038 630 2101 Primum
655 2035 796 2121 quidem,
821 2035 908 2121 quod
933 2038 1042 2100 omnia
1064 2047 1224 2100 terrarum
1248 2058 1350 2121 regna
1373 2047 1405 2100 et
1429 2037 1537 2099 emnia
1560 2035 1647 2100 bona
1662 2047 1769 2100 terrae
1784 2037 1919 2101 Domini

266 2146 331 2208 siut
354 2157 386 2209 et
409 2167 451 2207 ex
475 2145 541 2208 suis
564 2166 624 2206 sua
647 2141 710 2206 sibi
734 2143 919 2222 offerantur,
945 2166 985 2206 ex
1009 2142 1119 2206 vorbis
1136 2142 1257 2222 David,
1281 2165 1396 2228 regum
1420 2144 1615 2207 sanctissimi
1640 2154 1672 2207 et
1687 2143 1918 2229 prophetarum

222 2280 247 2318 rs
267 2253 388 2332 eximii,
419 2261 492 2336 post
522 2260 640 2328 autem,
672 2249 758 2335 qued
782 2249 875 2312 Deus
904 2272 963 2313 sua
986 2251 1055 2312 sive
1086 2262 1161 2313 ante
1192 2249 1299 2334 legem
1328 2251 1397 2312 sive
1421 2250 1455 2312 in
1479 2248 1551 2335 lege
1576 2261 1609 2314 et
1632 2249 1674 2313 ad
1698 2252 1918 2315 sanctuarium

266 2369 299 2423 et
322 2357 364 2421 ad
387 2356 542 2443 templum
566 2367 714 2420 sanctum
737 2379 831 2420 sunm
855 2356 986 2419 iusserit
1009 2356 1127 2436 offerri,
1152 2355 1344 2420 conabimur
1367 2356 1600 2420 demonstrare.

372 2464 509 2549 Legitur
531 2465 641 2549 itaque
666 2465 698 2526 in
721 2461 804 2527 libro
828 2461 1118 2549 Paralipomenon:

373 2588 413 2653 V.
454 2590 550 2652 Dinit
572 2613 692 2674 queque
716 2588 829 2651 Ilocid
852 2589 1019 2651 Salomoni
1031 2589 1107 2674 filio
1131 2611 1203 2652 suo:
1235 2589 1380 2652 Viriliter
1402 2613 1459 2673 ope
1482 2603 1511 2653 et
1533 2589 1715 2675 confortare
1739 2603 1767 2652 et
1781 2589 1857 2675 fec,
1881 2613 1919 2654 ne
1937 2592 2099 2696 ”affl-’¹'

266 2701 376 2762 timeas
411 2721 507 2781 neque
531 2721 661 2782 poiseus.
710 2695 868 2758 Dominus
898 2698 980 2758 enim
1004 2695 1092 2758 Dens
1124 2719 1208 2758 niens
1239 2698 1299 2759 erit
1328 2709 1424 2758 tecum
1456 2709 1484 2758 et
1513 2720 1573 2758 nen
1605 2695 1738 2759 dimittet
1767 2710 1794 2759 te
1821 2719 1919 2781 reoque

220 2833 247 2871 se
267 2804 470 2888 derelinquet,
495 2802 591 2866 donee
610 2803 765 2888 perficies
791 2827 877 2864 einim
902 2785 980 2887 opus
1003 2805 1178 2865 ministerii
1199 2801 1309 2864 derisus
1332 2801 1475 2865 Domini.
1511 2801 1594 2865 Eece
1619 2801 1792 2866 derisiones
1814 2827 1918 2866 secer·

267 2912 372 2974 dotum
396 2925 424 2974 et
447 2895 630 2973 Leritarurn
657 2911 689 2972 in
713 2933 801 2971 enine
825 2933 903 2993 opus
926 2911 1101 2972 ministerii
1121 2909 1232 2970 «lomus
1248 2907 1385 2972 Domini
1406 2908 1564 2972 adsistunt
1586 2909 1647 2971 tibi
1667 2922 1695 2970 et
1714 2911 1829 2994 parati
1848 2923 1921 2973 sunt

267 3032 329 3080 tom
352 3019 522 3103 principes
545 3041 639 3100 qrmm
665 3016 806 3100 populus
828 3016 944 3102 fucore
968 3017 1074 3079 enruiu
1095 3030 1243 3100 precepta
1268 3029 1329 3077 triu.
1373 3014 1570 3100 Leerrtusque
1594 3029 1638 3078 est
1661 3015 1773 3078 Dauid
1797 3041 1853 3079 rer
1875 3016 1921 3079 ud

268 3149 385 3186 emnem
410 3123 592 3186 ecclesium:
616 3120 812 3184 Salomonem
830 3122 939 3207 fllium
964 3147 1064 3184 nterim
1089 3147 1183 3185 ‘sirium
1209 3122 1301 3206 clepit
1316 3121 1413 3198 Deus,
1437 3121 1541 3184 udlrnr
1558 3147 1696 3207 primum
1720 3136 1748 3184 et
1770 3137 1916 3186 tenerum.

270 3231 357 3316 Opus
380 3244 481 3293 eutem
502 3228 624 3315 preinde
648 3241 708 3308 est,
732 3252 828 3312 nepote
852 3231 933 3290 enirn
958 3229 1082 3292 lentini
1095 3243 1294 3314 preparetur
1317 3228 1479 3306 dubitatio,
1503 3228 1560 3290 sed
1582 3228 1659 3292 Deo.

223 3382 248 3421 ss
374 3352 431 3416 Vl.
470 3353 541 3439 Epo
571 3367 672 3416 autern
702 3356 773 3415 tetis
805 3353 926 3415 ririlms
957 3355 1033 3416 meis
1064 3355 1245 3438 properari
1272 3355 1421 3438 inpensus
1452 3351 1563 3416 denras
1597 3352 1723 3416 ‹lornini
1750 3353 1817 3416 Dei
1848 3354 1918 3418 nari.
1939 3374 2102 3422 neminen.

268 3462 392 3524 domn
416 3464 450 3524 in
474 3485 551 3524 1111311
575 3485 672 3523 aureo
697 3473 725 3523 et
748 3473 909 3544 arpentum
936 3461 968 3522 in
991 3473 1148 3546 erpenteu,
1172 3485 1226 3522 ees
1251 3462 1284 3522 in
1307 3483 1414 3538 nerine,
1431 3459 1564 3546 ferrum
1591 3462 1622 3522 in
1640 3460 1768 3545 ferreo,
1800 3461 1919 3546 lr'prrum

269 3571 301 3632 in
326 3569 441 3652 lipnen,
472 3567 598 3653 lapides
628 3567 790 3629 oniclrinos
814 3580 842 3629 et
864 3568 960 3650 quiesi
980 3567 1111 3629 stibinos
1141 3580 1168 3630 et
1197 3565 1394 3630 diversormn
1426 3566 1575 3644 celerum,
1607 3591 1726 3631 ornnem
1745 3569 1920 3652 pretiosum

267 3675 406 3760 lapidem
431 3688 460 3737 et
481 3697 620 3736 marmor
643 3671 775 3736 Parium
800 3671 1100 3736 ehrirrduntissimee.

374 3796 449 3860 Vll.
489 3796 533 3860 Et
555 3821 650 3882 super
673 3797 758 3874 liner,
782 3821 862 3881 quoe
886 3797 986 3859 obtuli
1007 3799 1041 3860 in
1066 3795 1190 3858 donuim
1209 3796 1275 3860 Ilei
1289 3796 1326 3858 de
1345 3797 1473 3882 persilio
1490 3823 1555 3860 ineo
1574 3823 1688 3860 ererum
1705 3812 1733 3860 rt
1747 3813 1920 3884 arpentum,
1940 3823 1959 3863 1.
1969 3819 2039 3860 rarat.
2049 3819 2083 3868 rs,

223 3935 249 3972 so
268 3906 308 3968 de
341 3908 373 3968 in
403 3905 548 3989 templum
574 3903 641 3967 Ilei
669 3906 732 3966 mei
759 3905 895 3988 emptis
925 3904 984 3981 liis,
1017 3928 1096 3988 princ
1123 3905 1247 3988 preruei
1276 3905 1308 3966 in
1339 3903 1447 3967 aedem
1477 3918 1663 3968 sanctorum.
1717 3904 1747 3967 Τ
1745 3908 1795 3968 rio
1828 3906 1920 3969 milia
1974 3873 2048 3912 Μ’

267 4014 382 4076 talento
398 4013 477 4075 oriri
490 4010 527 4074 de
543 4034 622 4072 urire
642 4009 745 4095 Ophir
760 4024 788 4072 et
802 4024 915 4094 septem
941 4011 1032 4072 milio
1056 4011 1240 4072 tole-ntorum
1265 4012 1390 4096 urperrti
1404 4011 1631 4094 probatissimi
1651 4011 1696 4074 ud
1719 4011 1921 4074 ‹lerrruundos

262 4122 403 4207 parietes
426 4119 543 4203 templi.
591 4116 635 4179 Et
657 4118 841 4201 ubicumque
865 4141 943 4201 opem
966 4130 1010 4179 est
1031 4142 1144 4179 ‹irrrrun
1170 4116 1207 4178 de
1231 4141 1310 4179 uitro
1334 4130 1362 4178 et
1386 4117 1568 4201 ubicumque
1592 4141 1670 4202 epus
1694 4131 1738 4181 est
1759 4133 1919 4202 irrpentum

267 4227 399 4310 arpenti,
425 4249 520 4310 opera
537 4225 623 4309 fiunt
639 4249 702 4309 per
726 4248 836 4286 tironus
859 4225 1027 4308 artificum.
1069 4222 1112 4284 Et
1134 4224 1259 4306 siquis
1282 4236 1389 4307 sponte
1413 4224 1513 4308 effert.
1540 4224 1669 4308 impleut
1685 4249 1810 4286 inertum
1829 4250 1919 4287 errem

268 4332 360 4396 lodie
392 4346 420 4394 et
450 4333 563 4417 offeret
593 4329 678 4415 quod
702 4330 834 4392 rolurrit
858 4328 1003 4392 Ilonn'no.
1051 4328 1197 4392 Polliciti
1224 4342 1296 4390 scirit
1330 4331 1433 4413 ituqne
1458 4331 1625 4416 principes
1650 4331 1863 4416 funn'liurmn
1895 4345 1923 4394 et

223 4467 249 4507 sa
262 4463 412 4526 proceres
436 4440 573 4502 trilmum
597 4436 731 4515 Israhel,
763 4437 886 4498 tribuni
913 4460 1034 4519 petoque
1065 4450 1092 4498 et
1121 4438 1315 4499 ceritmu'ones
1338 4450 1366 4499 et
1384 4438 1550 4521 principes
1567 4440 1802 4522 possessiomun
1829 4441 1919 4524 repis,

268 4545 491 4630 Dederuntque
524 4546 556 4608 in
587 4544 734 4628 operibus
767 4543 876 4604 floreius
907 4542 1044 4604 llornini
1070 4545 1149 4605 eriri
1177 4543 1292 4605 talento
1323 4545 1460 4627 quinque
1493 4543 1582 4606 nulio
1614 4558 1641 4606 et
1669 4544 1790 4606 solidos
1818 4545 1920 4608 derum

269 4653 372 4730 inilia,
403 4653 530 4737 arpenti
556 4652 670 4712 talento
703 4650 805 4711 (leram
839 4650 929 4712 milio
960 4663 987 4710 rt
1016 4652 1101 4712 ueris
1132 4650 1247 4712 iulium
1279 4649 1380 4711 derum
1413 4663 1441 4712 et
1464 4663 1528 4711 erto
1560 4652 1661 4728 rnr'liu,
1685 4652 1781 4735 ferri
1802 4676 1923 4736 petoque

270 4773 387 4822 neretum
418 4759 511 4822 milio
542 4758 735 4820 talentorum.
784 4756 827 4818 lt't
857 4756 947 4840 uprrrd
976 4781 1195 4841 pernicemque
1228 4758 1440 4818 impulisset
1463 4755 1598 4840 lapides,
1630 4757 1781 4820 ‹lcrlerunt
1806 4761 1836 4820 in
1862 4759 1922 4822 tire-

269 4891 399 4928 suururn
431 4864 541 4928 destrue
572 4863 708 4926 Domini
732 4888 791 4949 per
823 4887 948 4926 niarium
982 4863 1096 4925 (tutet
1120 4864 1306 4926 (lersonitis.
1366 4862 1571 4947 literatusque
1603 4877 1646 4926 cst
1670 4866 1821 4949 populus,
1852 4891 1921 4928 cum

224 5100 252 5138 40
377 5082 415 5131 II.
447 5084 458 5131 1
481 5088 620 5131 curreutes
641 5081 698 5130 112.

378 5189 430 5237 111.
460 5183 976 5250 51131111111111]111111111111011.11.
1040 5188 1140 5236 doura
1161 5185 1218 5235 112.
1283 5187 1346 5235 inde
1365 5186 1431 5236 deest
1450 5186 1486 5236 11.
1554 5187 1687 5236 Bcaednt
1708 5189 1735 5236 (⁴.
1806 5191 1837 5237 10
1855 5189 1924 5238 divi·

272 5293 377 5341 uaeque
391 5303 426 5310 —
439 5272 624 5342 plenissimae]
646 5293 765 5341 saneque
786 5278 884 5326 rationi
905 5293 936 5325 ac
957 5276 1066 5324 divinae
1087 5276 1200 5324 iussioni
1222 5276 1374 5324 contrariae
1395 5274 1426 5323 L.
1501 5278 1531 5325 ll
1554 5277 1675 5339 utrisque
1696 5276 1755 5325 Ba
1768 5283 1793 5326 3.
1813 5277 1849 5330 11.

380 5367 449 5415 1111.
482 5369 511 5416 l'l
537 5365 636 5426 legitur
656 5361 757 5430 itaque]
785 5364 844 5428 lege
865 5366 947 5428 igitur
966 5364 1064 5414 B2.3.
1084 5363 1121 5412 ll.
1213 5365 1241 5413 iu
1262 5358 1340 5426 libro]
1361 5361 1428 5413 libre
1448 5363 1508 5424 B3,
1539 5363 1636 5413 librum
1656 5364 1692 5414 11.
1783 5365 1924 5432 l’nralipe·

272 5472 370 5506 menon
392 5457 418 5504 G.
439 5454 471 5505 L.

227 5560 254 5600 m
379 5545 410 5592 V.
448 5547 479 5593 ts
508 5525 638 5593 Salomon
667 5543 728 5592 ua.
757 5543 791 5592 ll.
884 5560 917 5592 ne
939 5559 1091 5607 —pavens
1119 5542 1210 5590 deistunt
1238 5541 1300 5590 Ba
1327 5541 1363 5590 11.
1457 5545 1488 5591 19
1517 5542 1635 5592 dimittet
1664 5537 1700 5605 te]
1729 5543 1836 5593 dimitte
1864 5543 1924 5594 B³,

273 5635 303 5684 21
326 5633 504 5682 ministerium
525 5632 555 5681 L.
630 5637 662 5682 23
685 5628 768 5694 lmus}
790 5634 923 5682 Dominus
944 5631 980 5680 11.

380 5722 426 5770 Vl.
456 5724 490 5770 28
511 5738 672 5771 marmorum
694 5722 730 5775 ll.

380 5811 443 5859 Vll.
473 5813 506 5859 211
520 5806 581 5872 Duil
597 5813 648 5859 mei
662 5810 714 5859 edd
729 5808 763 5858 ll.
813 5810 1007 5875 stuppeum
1057 5802 1426 5874 3⁶.)epusostlestopusll.
1476 5808 1711 5859 stsuntueeutl.
1761 5805 1924 5872 3511111111]

273 5900 309 5950 ito
330 5901 468 5965 Csemper,
488 5899 580 5960 lsrael,
602 5897 656 5949 lsrl
675 5907 727 5948 cett.
747 5900 853 5964 meltius
917 5896 1317 5948 anteconserantur.
1385 5899 1418 5945 38
1438 5897 1581 5946 thesauros
1600 5897 1659 5947 112.
1728 5903 1761 5949 39
1782 5898 1867 5948 (lohel
1887 5899 1925 5948 M.

1659 6002 1710 6054 9⁴2*
