4884 6717
585 393 650 456 480
1052 398 1104 454 44.
1141 398 1357 456 CONCILIL'M
1383 395 1610 451 rammasse
1635 396 1671 450 Α.
1693 393 1768 450 825.

583 587 745 651 manifesti
769 587 891 651 fuerint
913 585 1046 672 quidam
1070 584 1259 650 seductores
1283 583 1588 672 pseudochristiani,
1613 582 1773 647 ecclesiae
1790 581 2050 662 calumniatores,
2074 580 2161 645 illico
2182 603 2239 644 eos

584 691 660 757 inde
685 692 859 779 expellere,
884 703 920 758 ut
943 693 1031 780 quod
1055 693 1211 779 scriptum
1236 703 1285 757 est
1309 691 1349 756 de
1374 691 1424 754 bis
1448 690 1674 777 adimpleatur.
1710 689 1803 753 Dicit
1826 690 1911 752 enim
1930 689 2106 774 scriptura:
2133 688 2240 752 Eicite

583 802 702 865 molum
726 801 891 865 demedio
914 804 1019 881 uestri,
1045 810 1079 863 ut
1102 822 1168 863 non
1191 808 1316 863 tantum
1341 799 1374 862 in
1391 796 1561 884 republica
1576 795 1775 862 adinvicem
1794 795 2038 875 concordemus,
2063 792 2239 858 sedetiam

584 905 679 970 etde
704 928 824 992 magna
846 928 892 986 re,
918 928 1002 992 quae
1026 906 1069 970 ad
1093 905 1231 970 salutem
1255 907 1383 969 animae
1408 905 1558 991 pertinet,
1582 904 1617 968 id
1641 915 1691 968 est
1713 902 1938 967 ecelesiastica
1954 913 1988 965 et
2003 900 2076 965 Deo
2093 900 2238 982 amabili,

583 1014 834 1077 consentiamus.
870 1010 979 1077 Causa
999 1014 1175 1078 memoriae
1199 1012 1393 1094 dilectionis,
1419 1034 1503 1098 quae
1526 1013 1692 1075 internos
1716 1020 1775 1092 est,
1800 1011 1945 1074 misimus
1969 1031 2028 1095 per
2050 1007 2239 1094 praedictos
2259 1032 2273 1070 s

584 1120 700 1183 missos
730 1131 856 1184 nostros
887 1119 1157 1206 prasinovultim¹
1182 1142 1292 1200 unum,
1317 1118 1544 1184 milinovultim
1568 1140 1678 1200 unum,
1703 1123 1819 1203 tyrea²
1842 1117 1885 1196 ΙΙ,
1909 1114 2051 1179 blattas³
2073 1136 2170 1177 veras
2193 1114 2239 1194 Il,

583 1225 754 1290 dirodina⁴
777 1226 821 1307 ΙΙ,
846 1226 1002 1291 diventa5
1024 1225 1067 1290 ΙΙ.

690 1348 803 1414 Absol.
829 1373 930 1413 mens.
954 1348 1081 1436 April.6
1104 1350 1157 1414 die
1182 1350 1225 1414 X.
1250 1349 1362 1414 indict.
1386 1350 1430 1413 ΙΙ.
1455 1372 1475 1413 a
1498 1351 1571 1414 Deo
1596 1360 1789 1414 conservata
1812 1348 1903 1433 regia
1926 1346 2007 1412 urbe
2019 1351 2039 1410 ⁷.

691 1589 704 1637 1
725 1582 811 1650 illico]
832 1585 897 1636 illue
918 1585 949 1635 P.
1022 1589 1037 1635 4
1057 1586 1186 1637 curabilia
1204 1586 1235 1635 P.
1310 1589 1325 1636 8
1344 1581 1420 1650 urbe]
1441 1603 1480 1636 ur.
1501 1586 1530 1636 P.

696 1801 724 1872 1)
751 1803 799 1873 Cf.
827 1805 862 1859 de
884 1804 936 1860 doc
959 1802 1041 1860 verbo
1065 1811 1091 1859 et
1111 1802 1238 1879 sequenti
1252 1803 1392 1881 Dueunpe
1414 1824 1437 1859 s.
1453 1823 1479 1859 o.
1499 1802 1702 1877 prasinovultis
1725 1801 1890 1859 etmetiaus.
1980 1801 2010 1870 2)
2037 1799 2086 1872 ΟΥ.
2111 1802 2145 1857 io.
2170 1824 2194 1858 a.
2210 1822 2238 1858 v.
2261 1814 2288 1853 ιο

585 1908 696 1983 tyrium.
801 1909 832 1979 3)
866 1908 915 1981 Cf.
940 1909 974 1965 it.
998 1931 1022 1967 s.
1046 1931 1072 1967 v.
1097 1909 1193 1967 blatto.
1297 1910 1328 1980 4)
1360 1908 1408 1982 Os.
1433 1909 1468 1966 it.
1492 1931 1515 1966 s.
1539 1929 1565 1966 o.
1590 1908 1747 1966 Rhodiam.
1851 1909 1882 1976 5)
1916 1908 1964 1979 Cf.
1989 1908 2024 1964 it.
2049 1930 2071 1965 s.
2096 1929 2132 1976 9.,
2164 1910 2244 1984 99οά

585 2016 753 2092 incopriitum
778 2016 889 2073 dicimr.
914 2046 958 2055 -
983 2017 1108 2074 Munera
1132 2017 1299 2074 constabunt
1321 2036 1356 2074 ea
1378 2016 1468 2073 variis
1487 2015 1636 2093 peceribus
1653 2035 1819 2091 pannorum
1838 2016 2037 2090 pretiosorum.
2122 2016 2153 2083 6)
2176 2017 2240 2074 824

585 2122 679 2197 April.
696 2125 735 2183 10
755 2117 827 2196 (incl.
843 2117 888 2199 2).
965 2123 995 2191 I)
1019 2123 1051 2179 V.
1076 2123 1158 2180 etiam
1181 2142 1255 2199 quae
1279 2122 1407 2179 exhibeat
1429 2124 1550 2179 annales
1572 2122 1811 2197 99119999·
1825 2124 1867 2179 ad
1880 2142 1908 2177 9.
1925 2123 1987 2181 324
2010 2114 2043 2196 (l.
2060 2124 2077 2177 I.
2098 2143 2131 2197 p.
2150 2119 2240 2196 teet:

588 2270 595 2284 .
614 2270 621 2283 .
641 2270 647 2283 .
665 2230 731 2285 illuc
756 2223 798 2304 (in
822 2229 958 2286 civitatem
973 2229 1216 2307 Rotomapensem,
1242 2223 1379 2304 ί99999)
1399 2230 1508 2301 legatos
1524 2230 1691 2285 Michabelis
1707 2231 1894 2300 imperatoris,
1919 2230 1967 2300 qui
1982 2231 2019 2284 ad
2036 2248 2100 2285 eum
2117 2223 2241 2301 (Hludo-

586 2331 698 2408 dicuin)
728 2338 927 2404 mittebantur,
962 2337 1016 2391 sibi
1050 2355 1198 2392 occurrere
1234 2337 1325 2403 iussit,
1360 2354 1424 2392 cum
1454 2339 1556 2408 quibus
1588 2344 1617 2391 et
1647 2338 1821 2391 Fortunatus
1850 2337 2010 2407 patriarcha
2037 2337 2240 2392 veneticorum
2263 2353 2289 2391 rs

586 2461 732 2514 regressus
748 2445 785 2498 ad
802 2443 863 2498 eius
878 2445 957 2500 venit
976 2445 1177 2515 praesentiam.
1220 2442 1279 2498 Sed
1302 2443 1392 2515 legati
1415 2444 1592 2515 imperatoris
1616 2444 1726 2498 litteras
1746 2451 1775 2498 et
1792 2462 1910 2498 munera
1928 2436 1967 2517 (v.
1984 2462 2073 2518 sapru
2097 2444 2116 2498 Ι.
2132 2445 2153 2501 5
2163 2439 2240 2518 sqq.)

586 2550 763 2617 deferentes,
793 2551 872 2622 pacis
903 2550 1110 2606 confirmandae
1141 2569 1227 2605 causa
1258 2569 1288 2605 se
1319 2552 1417 2605 missos
1446 2569 1507 2604 esse
1539 2551 1668 2605 dicentes
1691 2569 1742 2622 pro
1765 2552 1922 2606 Fortunato
1953 2550 2021 2604 nihil
2045 2550 2131 2605 locuti
2154 2557 2239 2616 sunt3

586 2658 661 2712 inter
690 2665 807 2713 caetera
837 2665 934 2713 tamen
964 2659 1000 2713 ad
1031 2657 1203 2729 legationem
1232 2676 1310 2711 suam
1333 2658 1509 2729 pertinentia
1531 2658 1672 2728 quaedam
1700 2658 1736 2712 de
1760 2658 1909 2728 imaginum
1934 2657 2115 2711 veneratione
2140 2664 2239 2728 protu-

586 2764 689 2831 lerunt,
713 2771 833 2836 propter
856 2783 930 2836 quae
953 2781 985 2820 se
1002 2764 1118 2819 Romam
1133 2765 1174 2819 ire
1194 2771 1281 2835 atque
1306 2764 1477 2835 apostolicae
1502 2765 1586 2818 sedes
1610 2763 1770 2835 praesulem
1793 2764 1940 2819 consulere
1965 2764 2072 2819 debere
2096 2765 2239 2819 dixerunt.

586 2869 663 2934 Quos
687 2890 749 2926 cum
772 2870 917 2943 legatione
942 2889 1037 2926 eorum
1061 2871 1159 2926 audita
1181 2890 1213 2926 ac
1238 2888 1373 2941 responso
1397 2872 1509 2925 reddito
1533 2871 1704 2939 absolveret,
1730 2871 1854 2938 Romam,
1884 2877 1916 2924 ut
1939 2889 1970 2925 se
1995 2870 2069 2926 velle
2093 2871 2240 2938 dicebaut,
2262 2886 2291 2926 ao

585 2978 690 3032 ducere
714 2978 813 3047 iussit3
838 2980 1025 3033 Fortunatum
1051 2979 1136 3032 etium
1160 2979 1195 3032 de
1217 2996 1303 3032 eausa
1318 2978 1404 3050 fugae
1420 2978 1508 3049 ipsius
1528 2985 1711 3048 percontatus
1735 2978 1772 3032 ad
1796 2978 2009 3032 examinandum
2034 2996 2097 3033 eum
2114 2978 2240 3033 &niano

585 3083 712 3154 pontifici
737 3085 856 3153 direxit3
888 3104 913 3140 v.
946 3084 1027 3140 99979
1059 3083 1197 3141 Iohannis
1228 3083 1341 3140 diaconi
1370 3083 1522 3140 chronicon
1546 3075 1636 3156 (MG.
1662 3084 1716 3141 SS.
1748 3084 1811 3154 VII,
1836 3087 1898 3159 16),
1929 3083 1975 3139 ubi
2003 3083 2089 3141 cerba
2104 3084 2183 3162 fiant
2205 3085 2242 3140 de

590 3189 756 3257 Fortunato,
780 3189 829 3264 qai
846 3191 993 3245 Franciam
1017 3209 1079 3245 cum
1096 3190 1252 3245 Grecorum
1274 3191 1364 3245 missis
1387 3192 1551 3262 repetebat.
1587 3191 1688 3262 Ibique
1708 3192 1880 3262 aliquamdiu
1904 3199 2027 3246 moratus
2051 3193 2125 3247 diem
2147 3191 2242 3246 linivit

586 3314 763 3367 supremum3
787 3315 877 3370 supra
895 3316 928 3371 p.
948 3298 1009 3355 478
1032 3315 1102 3352 ann.
1117 3301 1148 3355 2.

1255 3488 1572 3496 ῃ*-

894 3677 938 3751 Β.
978 3677 1243 3752 LIBELLUS
1269 3678 1571 3756 SYNODALIS
1593 3677 1933 3756 PARISIENSIS.

1299 3833 1374 3894 925.
1399 3826 1480 3891 Noe.
1498 3836 1526 3894 1.

694 3959 857 4051 Libellus
879 3985 1054 4073 synodalia,
1078 4011 1168 4072 quem
1184 3989 1317 4074 frustra
1338 4011 1399 4073 pro
1423 3990 1533 4073 sperio
1551 4001 1698 4074 putatum
1721 4013 1785 4052 esse
1810 3990 1873 4051 ium
1899 3989 1980 4052 inter
2004 4013 2107 4052 omnes
2123 4003 2243 4052 consuit

588 4095 630 4179 (e.
658 4098 783 4160 irrimm
806 4094 1028 4178 refutationem
1052 4118 1072 4156 a
1088 4093 1289 4158 Bellarmiao
1313 4095 1429 4158 editum
1452 4094 1543 4180 apud
1555 4094 1669 4158 Marsi
1681 4094 1738 4157 XI
1744 4094 1777 4172 V,
1793 4102 1860 4162 473
1871 4120 1938 4180 sqq.
1975 4094 2094 4181 Mipae,
2118 4094 2239 4159 Potrol.

588 4205 641 4268 lat.
660 4199 825 4279 XCVIII,
842 4205 932 4266 1293
942 4223 1010 4285 999.
1019 4223 1030 4279 ,·
1054 4201 1098 4285 cf.
1125 4198 1252 4288 Hefele,
1277 4202 1296 4264 Ι.
1315 4202 1335 4263 Ι.
1355 4200 1377 4263 I
1383 4201 1415 4281 V,
1432 4206 1478 4268 42
1501 4225 1574 4264 nnn.
1591 4205 1624 4283 5)
1650 4202 1764 4286 lepitor
1781 4203 1813 4265 in
1832 4203 1921 4265 unico
1938 4201 2045 4266 codice
2060 4201 2246 4266 Parisiensi

589 4311 687 4374 latino
711 4307 835 4374 159711
863 4307 968 4386 (anteo
983 4331 1007 4368 s.
1026 4305 1172 4389 Remim'i
1184 4306 1359 4386 Remensis,
1383 4321 1445 4370 tum
1462 4307 1646 4391 Pithoeuao)
1664 4332 1742 4371 seer.
1762 4307 1822 4370 IX.
1849 4309 1904 4388 ('=
1921 4307 1961 4392 P)
1980 4308 2047 4394 fol.
2065 4316 2240 4388 11’-193,
2260 4336 2290 4375 sa

589 4420 632 4481 ito
649 4430 750 4480 minen
768 4428 799 4477 ut
809 4415 996 4501 froporentu
1014 4413 1169 4497 qrmedum
1186 4414 1285 4478 lem'ci
1299 4413 1329 4476 Τ
1328 4416 1479 4493 ironiani,
1503 4439 1583 4499 quae
1606 4416 1687 4478 sient
1701 4416 1768 4501 fol.
1782 4416 1885 4482 2-4‘
1896 4415 2034 4479 ei'uadem
2050 4415 2170 4479 codicis
2195 4418 2238 4479 ito

579 4524 647 4612 fol.
664 4523 727 4588 16‘.
745 4530 795 4588 51.
813 4524 876 4587 51¹.
896 4522 1064 4586 tat-83¹.
1082 4524 1280 4586 zor-107
1305 4522 1517 4600 inveniuntur,
1548 4523 1716 4585 nonnullus
1746 4523 1877 4586 lucarius
1907 4523 2038 4607 implere
2061 4522 2239 4601 videantur,

587 4654 666 4716 quus
689 4630 873 4714 scriptorem
898 4627 979 4689 libri
999 4627 1064 4689 iem
1088 4628 1121 4689 in
1139 4627 1235 4713 fonte
1257 4629 1434 4713 repperisse
1457 4627 1658 4692 crediderim.
1712 4628 1785 4692 litat
1806 4643 1859 4708 est,
1887 4653 1927 4693 ec
1948 4631 2019 4714 apso
2043 4629 2148 4693 libelli
2167 4653 2238 4693 eon·

587 4750 679 4816 teatin
700 4737 873 4821 praecipue
899 4757 1005 4796 uersus
1020 4734 1131 4818 finem,
1154 4735 1307 4797 nonriullo
1323 4734 1426 4798 deesse
1442 4735 1594 4821 effic-iter,
1619 4759 1698 4820 quoe
1714 4736 1859 4822 fortusse
1876 4737 1909 4800 in
1926 4736 2032 4799 libello
2049 4736 2238 4822 tepebantnr,

586 4857 753 4928 antequam
777 4842 908 4926 epitome
932 4840 992 4902 illo
1017 4839 1125 4926 (mfre
1149 4839 1193 4924 E)
1218 4841 1452 4926 compiloretm,
1483 4843 1552 4904 nisi
1571 4843 1604 4906 ei
1625 4841 1823 4906 Hieremiam
1847 4840 2052 4906 Senonense-rn
2077 4856 2105 4906 et
2126 4841 2238 4905 Ionam
2258 4869 2288 4908 as

588 4947 847 5013 Aurelianensem
873 4971 911 5009 cco
933 4970 989 5009 sno
1009 4970 1115 5031 porion
1132 4946 1298 5010 addidisse
1321 4949 1476 5011 statueris.
1516 4948 1602 5024 Quae
1618 4948 1718 5012 tradit
1733 4949 1813 5012 liber
1835 4951 1983 5034 scriptus,
2007 4973 2044 5012 99
2066 4972 2123 5012 nos
2140 4972 2237 5034 pree·

587 5055 707 5118 ditemus
730 5056 852 5140 intepro
876 5055 932 5116 cela
955 5052 1106 5138 estquod
1128 5076 1314 5116 moneamus.

695 5203 790 5260 Edu:
816 5203 947 5276 Spnodus
963 5201 1135 5259 Poririensis
1151 5194 1204 5274 (cs.
1221 5221 1311 5276 supra
1330 5222 1362 5276 p.
1379 5204 1439 5262 475
1462 5205 1480 5258 Ι.
1496 5206 1538 5263 23
1552 5201 1627 5280 sqq.)
1646 5225 1680 5280 p.
1698 5208 1751 5274 19;
1775 5206 1818 5261 ed.
1834 5209 1864 5263 2.
1884 5225 1917 5279 p.
1936 5207 1962 5263 1.
2000 5205 2126 5277 Florius,
2151 5205 2239 5265 Cata·

586 5311 665 5388 lopus
685 5308 789 5366 testium
813 5308 940 5366 veritatis
963 5309 1005 5365 ed.
1023 5310 1051 5366 4.
1069 5308 1109 5376 ΙΙ,
1127 5310 1184 5367 199
1190 5329 1201 5376 ;
1225 5309 1267 5364 ed.
1284 5312 1313 5366 5.
1333 5329 1366 5383 p.
1380 5312 1457 5369 1123
1474 5306 1619 5387 (fragm).
1659 5311 1815 5382 Baronias,
1835 5311 1910 5368 Anii.
1931 5313 1996 5368 eccl.
2012 5314 2075 5372 825
2096 5316 2237 5372 9.7.15.

586 5418 636 5476 24.
654 5418 693 5475 37
717 5409 908 5490 (prooemium,
926 5415 1047 5486 somnae
1062 5414 1252 5490 epistolarum,
1269 5411 1364 5492 finis).
1401 5414 1531 5486 Goldest,
1557 5417 1680 5474 Decreta
1697 5419 1731 5475 de
1746 5420 1820 5474 catat
1835 5417 1986 5494 inopinum
2003 5421 2072 5478 626.
2106 5417 2238 5490 Goldast,
2258 5441 2288 5480 so

590 5522 684 5580 Const.
709 5522 775 5597 imp.
801 5522 825 5591 Ι,
849 5523 916 5581 154.
962 5520 1099 5597 Vordarp,
1125 5520 1199 5576 Hist.
1225 5520 1279 5589 XI,
1304 5524 1362 5580 137
1385 5517 1531 5599 (frapmj.
1579 5524 1750 5593 Demlende,
1776 5524 1876 5600 Suppl.
1902 5544 1978 5581 conc.
2005 5527 2070 5585 109.
2109 5524 2242 5601 Respuet

594 5630 642 5699 VI,
667 5631 727 5688 338
751 5621 961 5704 (prooemium).
998 5627 1098 5684 Maeni
1120 5625 1204 5695 XIV,
1228 5629 1297 5685 421.
1335 5627 1441 5703 Mipne,
1467 5629 1577 5686 Petrei.
1601 5631 1650 5686 tat.
1677 5628 1818 5701 XCVIII,
1844 5633 1929 5690 1299.
1954 5663 1990 5671 -
2017 5632 2107 5708 Rem.-
2135 5631 2241 5690 ‘Neues

590 5736 707 5793 Archio'
732 5734 847 5803 XXIV,
870 5736 939 5792 485.
