4884 6717
542 503 606 565 566
1022 507 1074 564 46.
1111 506 1330 564 CONCILIUM
1353 506 1553 564 ROMANUM
1575 507 1613 563 A.
1634 506 1708 563 826.

829 695 911 777 (Vr
936 710 964 760 et
986 696 1045 779 B).
1756 694 1831 780 (G).

583 803 694 868 XXV.
730 802 782 866 De
808 801 980 866 destructis
1004 801 1142 866 eclesiis.
1436 800 1546 864 XXV.
1581 801 1635 866 De
1659 801 1832 866 destructis
1857 801 2015 866 aeclesiis.

583 908 710 974 XXVI.
748 907 785 974 si
809 908 981 994 episcopus
1004 932 1025 973 a
1047 907 1202 973 subiectis
1231 929 1336 972 sacer·
1436 906 1564 970 XXVI.
1601 907 1636 973 Si
1672 908 1817 995 episcopi
1848 931 1867 972 a
1897 906 2052 973 subiectis
2082 928 2190 972 sacer·

539 1015 668 1081 dotibus
692 1026 725 1080 et
744 1008 876 1079 ‘clericis
901 1036 1036 1079 munera
1059 1016 1180 1100 exigat.
1391 1011 1521 1077 dotibus
1545 1013 1734 1079 donationes
1759 1016 1902 1101 exigant.

583 1122 727 1187 XXVII.
780 1120 901 1202 Quales
940 1119 1076 1186 abbates
1115 1123 1179 1185 sint
1217 1120 1336 1186 consti·
1435 1119 1579 1185 XXVII.
1632 1120 1753 1201 Quales
1795 1120 1930 1187 abbates
1969 1122 2034 1186 sint
2071 1121 2221 1186 consti-s

537 1229 659 1296 tuendi.
1390 1225 1512 1291 tuendi.

582 1334 743 1400 XXVIII.
780 1334 832 1398 De
849 1334 1028 1416 monachis,
1053 1334 1108 1420 qui
1132 1336 1165 1398 in
1189 1333 1256 1398 solo
1280 1333 1335 1398 ha·
1434 1333 1596 1398 XXVIII.
1631 1334 1685 1399 De
1708 1334 1885 1416 monacbis,
1911 1336 1966 1422 qui
1989 1336 2024 1399 in
2047 1333 2115 1399 solo
2132 1334 2188 1399 ha·

537 1443 607 1508 bitu
631 1443 775 1506 existunt
798 1452 831 1505 et
853 1464 918 1506 non
942 1463 982 1504 ea
1004 1441 1072 1505 vita
1093 1441 1218 1505 vivunt.
1391 1438 1460 1504 bitu
1484 1441 1628 1505 existunt
1651 1451 1684 1505 et
1706 1463 1771 1505 non
1794 1441 1828 1505 in
1851 1442 1979 1506 carita
2002 1442 2127 1505 vivunt.

582 1548 761 1614 XXVIIII.
797 1548 848 1612 De
873 1547 1039 1633 religIonis
1070 1544 1183 1610 habitu
1205 1545 1335 1610 feminis
1435 1542 1613 1611 XXVIIII.
1648 1547 1701 1611 De
1726 1546 1853 1612 feminis
1878 1545 1938 1611 sub
1961 1546 2113 1633 religioso
2132 1546 2187 1611 ha-

538 1654 762 1721 cxistentibus.
1389 1650 1460 1717 bitu
1483 1652 1706 1722 existentibus.
2206 1676 2234 1716 so

581 1762 694 1827 XXX.
730 1762 782 1826 De
806 1762 945 1847 negotiis
963 1771 995 1825 et
1010 1757 1265 1824 laborationibus
1282 1757 1335 1822 die
1434 1758 1546 1823 XXX.
1593 1759 1645 1824 De
1684 1762 1824 1846 negotiis
1866 1772 1898 1825 et
1931 1758 2188 1825 laborationibus

537 1869 700 1933 dominico
724 1891 789 1932 non
812 1866 981 1932 faciendis.
1389 1865 1442 1929 die
1466 1865 1629 1931 dominico
1652 1889 1718 1930 non
1740 1865 1908 1932 faciendis.

581 1974 712 2044 XXXI.
747 1974 800 2039 De
818 1972 1039 2037 criminalibus
1056 1973 1162 2038 causis
1186 1981 1219 2036 et
1242 1972 1334 2036 furtis
1434 1971 1564 2037 XXXI.
1600 1972 1652 2037 De
1678 1971 1899 2038 criminalibus
1915 1974 2021 2038 causis
2037 1985 2070 2038 et
2093 1972 2187 2037 furtis

425 2139 428 2144 ,
538 2083 720 2167 ceterisque
744 2079 902 2145 similibus
927 2080 979 2144 die
1004 2080 1166 2144 dominico
1182 2079 1333 2143 inventis.
1389 2078 1441 2144 die
1467 2078 1629 2143 dominico
1653 2080 1805 2144 inventis.

582 2187 728 2251 XXXII.
764 2187 816 2251 De
840 2186 900 2266 his,
931 2187 987 2273 qni
1017 2187 1087 2250 sine
1118 2197 1245 2249 ostenso
1274 2186 1335 2249 cri·
1433 2185 1580 2250 XXXII.
1615 2186 1668 2251 De
1698 2186 1759 2267 hia,
1790 2188 1846 2274 qui
1877 2187 1946 2250 sine
1972 2197 2100 2251 ostenso
2125 2188 2186 2251 cri-
2206 2210 2232 2250 rs

536 2295 623 2358 minc
647 2295 742 2358 inviti
765 2293 960 2356 monasterio
985 2303 1060 2356 sunt
1082 2290 1269 2355 introducti.
1389 2294 1475 2357 mine
1499 2294 1593 2357 inriti
1615 2293 1812 2357 monasterio
1836 2304 1910 2358 sunt
1933 2292 2118 2357 introducti

582 2399 744 2464 XXXIII.
781 2399 827 2464 Ut
848 2399 924 2463 laici
947 2398 990 2463 ad
1012 2399 1127 2463 missas
1149 2399 1183 2462 in
1198 2395 1334 2484 presby·
1360 2397 1363 2484 Ι
1433 2398 1597 2463 XXXIII.
1632 2399 1685 2463 De
1715 2398 1808 2463 laicis
1835 2398 1878 2463 ad
1901 2400 2016 2464 missas
2040 2400 2073 2463 in
2097 2422 2186 2487 pres·

536 2508 618 2572 teric
640 2529 706 2570 non
730 2506 916 2571 consistant.
1388 2502 1506 2569 biterio
1528 2527 1595 2569 non
1618 2503 1879 2570 consIstentibus.

581 2612 762 2678 XXXIIII.
817 2612 869 2676 De
911 2611 1007 2676 scolis
1045 2610 1236 2697 reparandis
1274 2632 1334 2696 pro
1434 2611 1614 2678 XXXIIII.
1651 2612 1703 2676 De
1728 2612 1823 2676 scolis
1847 2611 2048 2699 reparandis.

536 2720 642 2784 studio
665 2719 855 2784 litterarum.
2205 2740 2234 2780 so

580 2826 724 2890 XXXV.
761 2825 814 2889 De
839 2824 999 2889 conviviis
1023 2823 1113 2888 festis
1138 2821 1253 2887 diebus
1268 2846 1334 2888 non
1434 2824 1579 2888 XXXV.
1614 2824 1667 2889 De
1692 2825 1852 2889 conviviis
1868 2825 1959 2890 festis
1983 2824 2098 2891 diebus
2122 2848 2188 2890 non

535 2931 703 2997 faciendis.
1388 2930 1557 2995 faciendis.

580 3037 741 3103 XXXVI.
777 3037 830 3102 De
865 3037 926 3118 his,
966 3037 1022 3124 qui
1057 3035 1237 3101 adhibitam
1272 3035 1335 3101 sibi
1433 3037 1595 3101 XXXVI.
1630 3037 1683 3102 De
1718 3036 1782 3119 his,
1819 3040 1874 3125 qui
1908 3038 2088 3104 adhibitam
2124 3038 2187 3104 sibi

535 3168 672 3211 uxorem
707 3143 906 3231 reliquerunt
941 3154 974 3208 et
1005 3141 1085 3207 alias
1117 3144 1333 3207 sociaverunt.
1387 3165 1524 3208 uxorem
1547 3143 1735 3232 relinquunt
1758 3156 1791 3209 et
1813 3145 1911 3209 aliam
1934 3146 2108 3211 sociantur.

580 3249 759 3316 XXXVII.
794 3249 839 3314 Ut
868 3272 933 3313 non
963 3249 1061 3314 liceat
1094 3271 1158 3312 uno
1188 3259 1333 3335 tempore
1433 3249 1611 3315 XXXVII.
1658 3250 1711 3315 De
1751 3250 1933 3316 concubina
1971 3274 2045 3317 cum
2083 3274 2186 3317 uxore
2202 3272 2232 3314 aa

537 3379 617 3423 uuas
640 3356 762 3422 habere
785 3378 905 3421 uxores
929 3378 988 3420 seu
1011 3354 1220 3420 concubinas.
1387 3379 1452 3421 non
1475 3355 1637 3421 habenda.

580 3463 775 3529 XXXVIII.
821 3462 873 3527 De
918 3462 1050 3526 incestis
1096 3474 1129 3527 et
1166 3460 1334 3527 inutilibus
1432 3463 1629 3528 XXXVIII.
1665 3464 1716 3528 De
1741 3466 1873 3529 incestis
1897 3475 1930 3529 et
1951 3464 2084 3529 inlicitis
2111 3487 2186 3529 con·

536 3568 828 3636 coniunctionibus.
1387 3568 1617 3634 iunctionibus.

580 3677 771 3764 Expliciunt
794 3674 954 3762 capitula,
989 3675 1150 3761 incipiunt
1180 3696 1332 3740 canones.

642 3872 667 3937 I.
704 3871 761 3937 Ut
795 3872 1055 3957 episcopus
1099 3870 1216 3935 bono
1251 3868 1550 3956 adprobatus
1585 3893 1725 3958 opere
1768 3873 2001 3939 ordinetur.
2059 3874 2232 3938 Bestia-ss

537 3981 609 4045 simi
632 3978 748 4044 Pauli1
772 3977 968 4042 discretione
993 3989 1089 4064 atque
1113 3977 1343 4042 ammonitione
1368 3978 1557 4064 episcopum
1580 3980 1766 4043 consecrari
1797 3981 1926 4044 omnino
1951 3991 2077 4066 oportet
2100 3980 2185 4044 desi·

537 4084 715 4150 derabilem
748 4082 827 4148 boni
861 4085 983 4170 operis,
1023 4082 1347 4170 inreprehensibilem
1381 4094 1413 4148 et
1447 4082 1580 4171 reliquis
1619 4086 1748 4172 optimis
1786 4085 2061 4172 apparitionibus,
2101 4109 2184 4174 qnae

589 4320 750 4373 tacelosiis
770 4320 803 4370 B.
893 4313 954 4383 da]
973 4319 1007 4368 ad
1028 4319 1081 4369 1⁷1.
1174 4313 1333 4383 lmunera]
1434 4320 1466 4370 16
1485 4322 1676 4372 monasterinm
1696 4321 1728 4373 G.

536 4413 659 4462 dationes
677 4410 711 4461 B.
795 4402 899 4474 exigat]
918 4409 1034 4458 existant
1053 4408 1106 4457 Vr.
1197 4410 1213 4458 5
1233 4409 1333 4459 eonsti-

536 4500 643 4551 tuandis
664 4498 688 4546 V
693 4503 717 4548 1.
783 4499 815 4548 12
834 4496 988 4548 faciendum
1008 4496 1032 4544 V
1038 4500 1061 4546 1.
1125 4498 1157 4547 13
1177 4499 1280 4547 caussis
1299 4497 1362 4554 al

536 4583 574 4653 et]
588 4605 620 4639 ac
634 4587 667 4638 B.
724 4589 756 4637 14
770 4578 932 4651 ceterisque]
945 4600 1014 4650 qnae
1032 4585 1086 4635 Vl.
1134 4587 1261 4636 inventos
1278 4585 1301 4634 V
1309 4589 1332 4636 1.

538 4679 570 4729 16
589 4679 675 4727 invito
695 4676 749 4725 Vr.
835 4674 866 4725 l'i
887 4671 963 4724 laicis
983 4673 1037 4724 Vr.
1127 4676 1159 4724 19
1178 4673 1280 4724 scholis
1299 4673 1332 4725 B.

536 4759 706 4833 reparandis]
733 4763 893 4831 separandis
922 4762 978 4811 Vr.
1069 4763 1104 4813 20
1132 4762 1274 4814 literarum
1299 4763 1332 4814 B.

536 4858 569 4907 24
583 4854 769 4920 relinquerunt
787 4852 842 4904 Vr.
896 4852 929 4903 27
944 4853 1054 4902 incertis
1074 4851 1128 4902 Vr.
1183 4847 1333 4918 inutilibus]

536 4945 657 4995 inutibns
676 4943 730 4993 Vr.
802 4940 1205 5009 29Expcapine'can.V1·
2201 4959 2231 5000 w

643 5051 666 5100 1.
695 5050 729 5100 80
748 5050 772 5098 Ι.
791 5042 1039 5112 Ut-ordinctur]
1057 5047 1094 5098 ito
1113 5047 1167 5108 Vr,
1196 5047 1218 5098 1.
1239 5049 1277 5098 Ut
1296 5050 1442 5116 episcopus
1461 5049 1534 5102 bono
1554 5051 1589 5101 nd
1675 5050 1817 5101 ordinetur
1835 5049 1866 5111 F,
1895 5052 1965 5102 Item
1984 5051 2104 5121 capitula
2122 5070 2183 5121 pre-

536 5140 601 5190 dicti
620 5137 756 5205 pontitieis
776 5136 810 5187 de
830 5137 960 5187 ministris
980 5144 1007 5188 et
1026 5136 1166 5188 ordinibus
1187 5134 1365 5188 eclesiasticis
1384 5137 1450 5197 (olio
1467 5154 1545 5188 manu
1559 5136 1721 5203 praemissa).
1750 5140 1773 5190 I.
1799 5140 1837 5190 Ut
1856 5142 2000 5207 episcopus
2018 5143 2184 5208 approbatus

536 5244 617 5294 opere
646 5227 788 5278 ordinetur
816 5224 850 5287 0,
881 5226 918 5276 Ut
946 5227 1090 5293 episcopus
1118 5226 1191 5276 bono
1219 5225 1386 5291 adprobatus
1416 5242 1498 5293 opere
1526 5228 1675 5280 ordinetur.
1721 5228 1822 5292 Incipit
1848 5227 1881 5290 L,
1910 5229 1933 5279 1.
1960 5229 1998 5289 B,
2033 5229 2075 5280 udi
2100 5238 2184 5281 nutem

536 5316 681 5366 Honestius
704 5315 801 5381 reliqua
824 5314 933 5365 omisisse
957 5314 1055 5366 uidebis
1078 5313 1151 5380 quasi
1174 5313 1203 5364 in
1227 5314 1309 5365 iudica
1325 5322 1448 5377 marcata
1472 5316 1510 5366 ita
1534 5325 1564 5365 at
1579 5316 1694 5382 deinceps
1710 5332 1805 5383 quoquc
1822 5316 1889 5369 sitit
1905 5319 2002 5384 ὡραίην
2019 5318 2069 5369 nisi
2085 5319 2186 5370 numeri

534 5406 645 5470 copinam
663 5404 701 5466 ΙΙ,
720 5404 770 5455 111
783 5411 827 5455 etc.
900 5404 1066 5471 adprovatus
1086 5403 1140 5453 Vr.
1220 5398 1381 5465 beatissimi}
1402 5405 1555 5455 .aatissirni
1573 5403 1604 5455 F.
1684 5406 1716 5456 31
1737 5405 1931 5458 discretionem
1951 5404 1984 5455 θ.
2062 5407 2183 5460 admoni-
2200 5419 2230 5461 ct

536 5496 610 5544 tione
631 5492 663 5554 F,
682 5492 896 5545 admonitionem
915 5492 947 5544 0.
1020 5493 1156 5560 episcopis
1176 5491 1231 5544 ΓΙ.
1304 5487 1424 5559 oportet]
1443 5494 1466 5544 1.
1484 5492 1545 5544 odd.
1563 5492 1596 5544 L.
1669 5495 1703 5545 32
1722 5490 1798 5559 boni]
1818 5531 1825 5545 .
1845 5532 1852 5546 .
1871 5531 1879 5547 .
1898 5495 1931 5547 F.
2011 5511 2078 5563 oper
2097 5532 2103 5547 .
2124 5495 2183 5547 .1«·'.

536 5580 820 5647 inrepraehensibilem
840 5582 893 5641 Vr,
912 5578 1178 5648 irreprehensibilem
1197 5580 1230 5630 B.
1303 5576 1421 5647 reliquis]
1440 5598 1469 5633 re
1483 5618 1489 5632 .
1503 5618 1531 5633 ..
1551 5581 1582 5633 F.
1648 5578 1768 5649 optimis]
1788 5584 1895 5635 obtimis
1915 5584 1969 5646 Vr,
1989 5587 2131 5636 o...mis
2150 5583 2183 5648 F,

536 5671 661 5720 omnibus
682 5668 714 5724 G,

646 5851 674 5918 l)
701 5849 749 5922 Cf.
774 5850 886 5926 epist!
909 5851 952 5909 ad
979 5850 1146 5908 Timotheum
1170 5853 1198 5921 3,
1214 5855 1307 5927 2sqq.
