4884 6717
692 495 745 552 b'l.
781 495 1001 553 consumunt
1025 495 1306 554 CARISIACENSE
1330 501 1367 557 A.
1388 499 1465 557 838.
1840 489 1908 554 768

248 685 328 749 lianc
348 683 598 749 Ocresiacensem
620 697 760 769 spectare
784 684 1027 765 demensum&
1048 687 1214 772 eputolom
1233 709 1343 772 porro,
1366 681 1556 773 quarequam
1581 686 1702 751 Sancto
1719 696 1752 751 et
1766 706 1903 751 venera·

248 788 305 853 bili
337 789 475 854 concilio
510 789 598 876 apud
628 788 795 854 Teodonis
824 788 936 854 villam
970 790 1082 856 habito
1117 793 1274 878 inscripta
1302 795 1362 872 sit,
1393 793 1491 858 Flori
1518 795 1690 859 maumam
1719 795 1754 859 in
1783 793 1902 882 synodo
2006 863 2010 872 ⁴

252 895 471 961 Oamse‘accnsi
497 921 562 961 esse
591 911 621 961 et
648 921 718 961 curn
749 922 785 961 ea
815 898 948 962 aderam
978 898 1128 984 opusculi
1152 897 1191 962 de
1211 897 1283 985 fide
1308 912 1434 984 purtem
1456 900 1706 987 conicmpeudam
1716 904 1736 963 ¹.
1782 899 1825 963 In
1846 899 1903 964 linc

248 1004 397 1089 optuculo
413 1006 478 1068 iam
496 1001 633 1083 Simeon,
658 1003 679 1067 l.
697 1005 717 1067 l.
735 1002 783 1083 ΙΙ,
800 1012 870 1071 187
891 1029 964 1068 ann.
985 1013 1007 1071 7
1029 1005 1243 1069 diversitatem
1266 1005 1428 1090 quandam
1444 1005 1609 1071 lemtionis
1624 1006 1902 1088 animaduerterat,

216 1110 304 1177 seed
333 1134 396 1195 qua
431 1113 554 1174 ratione
583 1110 793 1197 difficultates
826 1111 982 1175 uillendae
1014 1114 1095 1190 situ,
1124 1114 1255 1198 primus
1283 1111 1515 1177 Mluclemeier
1544 1109 1658 1178 docuit
1716 1112 1812 1191 Quern
1845 1115 1906 1178 etsi

246 1219 419 1302 sequimur,
449 1231 550 1280 tamen
581 1217 621 1280 ab
651 1218 720 1281 eius
748 1219 1015 1302 arpumentatioue
1044 1220 1080 1282 in
1106 1242 1141 1282 eo
1163 1218 1348 1298 secedimus,
1379 1219 1465 1304 quod
1492 1221 1676 1285 relationem
1699 1220 1739 1284 de
1767 1220 1902 1285 concilio

252 1321 471 1387 Careamus·
483 1323 670 1409 ampliorem
685 1347 751 1388 esse
764 1325 931 1387 stertuimus
942 1347 1037 1409 quam
1049 1323 1289 1389 Miiucltemeicr.
1315 1324 1383 1389 Hic
1392 1326 1503 1390 verba:
1517 1324 1556 1389 In
1568 1326 1711 1392 omnium
1725 1326 1781 1412 qni
1792 1324 1901 1412 legere

248 1429 471 1514 --inquietus
501 1426 632 1493 oberrat
660 1429 769 1517 (infra
787 1453 823 1516 p.
845 1438 908 1496 781
932 1431 952 1494 l.
971 1437 1015 1496 34
1031 1467 1076 1476 -
1085 1454 1122 1516 p.
1142 1436 1211 1497 782
1235 1432 1255 1494 l.
1273 1433 1330 1517 14)
1360 1435 1501 1497 orationi
1524 1431 1744 1500 Garutacmst
1766 1435 1902 1498 tribuere

247 1536 372 1600 uidetur
396 1535 455 1623 (cf.
473 1538 493 1599 l.
512 1537 533 1599 l.
547 1561 581 1622 p.
598 1544 645 1602 47
654 1538 729 1622 sq),
752 1560 810 1600 nos
832 1560 867 1600 ea
892 1561 961 1600 cum
984 1537 1136 1601 relattbne
1160 1539 1386 1625 coniunpimus.
1426 1538 1512 1603 Nam
1537 1539 1623 1604 dicta
1646 1538 1747 1604 Pauli
1766 1540 1908 1626 apostoli

204 1669 230 1708 ro
249 1641 399 1716 (Timotlt.
419 1653 450 1721 6,
465 1647 521 1710 20.
539 1645 598 1728 21)
622 1643 701 1706 aliis
725 1642 872 1729 deinceps
895 1645 1073 1728 scriptumne
1095 1667 1207 1709 sacrae
1229 1646 1415 1710 testimoniis
1438 1645 1599 1711 elucidare
1624 1645 1743 1711 Florus
1765 1647 1901 1710 voluisse

247 1749 372 1813 uidetur
394 1763 585 1834 nequeunte
613 1730 726 1814 uerba:
754 1748 916 1813 Dominus
940 1749 1027 1812 enim
1050 1759 1161 1813 noster
1182 1748 1276 1813 Iesus
1299 1747 1448 1814 Christum
1479 1751 1521 1834 (v.
1546 1753 1641 1840 infra
1656 1776 1694 1839 p.
1715 1761 1782 1819 770
1805 1753 1826 1816 l.
1842 1744 1900 1838 38)

247 1879 328 1919 rtovu
344 1855 513 1920 Amalarii
532 1857 686 1942 refutatio
709 1858 834 1942 incipit,
857 1880 939 1942 quae
961 1858 1027 1919 ium
1050 1870 1142 1920 antea
1162 1858 1309 1945 perfecta
1332 1860 1365 1921 in
1391 1881 1452 1922 uno
1474 1858 1642 1944 codemque
1664 1859 1774 1924 libella
1789 1861 1909 1924 iteruri

248 1986 309 2026 non
344 1962 457 2027 debuit
513 1961 703 2027 Vocabulum
738 1962 825 2026 illud
857 1962 943 2024 enim
979 1965 1131 2026 nensinem
1167 1964 1321 2049 offendat,
1356 1988 1547 2050 quamquam
1581 1966 1713 2030 alteram
1748 1969 1902 2031 oradmis

244 2082 368 2153 partem
401 2071 533 2155 incipit:
562 2069 643 2132 lanc
672 2069 816 2132 mutilum
847 2068 893 2133 ad
913 2093 973 2132 nos
989 2072 1170 2154 peruenisse
1193 2073 1299 2135 conici
1319 2085 1447 2157 oportet,
1470 2085 1605 2157 ‘prepter
1629 2072 1763 2137 librarii
1782 2074 1903 2138 scilicet

204 2199 231 2241 re
248 2175 414 2239 cuiusdam
437 2200 585 2256 errorem
609 2177 669 2261 qui
688 2199 785 2261 opera
808 2178 890 2239 inter
911 2199 944 2239 sc
967 2177 1097 2240 minime
1119 2176 1318 2241 cohaerentia
1340 2178 1511 2242 coniunxit.

358 2280 469 2346 Oratio
493 2281 591 2346 Fieri
611 2282 725 2369 lepitur
754 2284 789 2346 in
816 2281 922 2346 codice
945 2280 1130 2347 Paresiensi
1150 2284 1248 2348 latino
1273 2284 1378 2366 (antea
1401 2283 1601 2370 Harlaeono)
1626 2293 1737 2353 13371
1760 2311 1840 2351 suec.
1857 2285 1899 2349 X.

249 2386 305 2468 (ε
322 2385 363 2471 Ρ)
380 2388 448 2475 fol.
464 2391 622 2454 57—59‘.
647 2393 805 2455 42-57.

356 2516 474 2576 Edd.²:
500 2519 633 2577 Martene
655 2528 682 2577 ct
703 2519 839 2591 Durand,
870 2520 997 2577 Vetenmz
1020 2520 1189 2596 scriptorum
1213 2529 1240 2578 et
1260 2531 1523 2581 monumentorum.
1543 2566 1549 2579 .
1569 2564 1576 2580 .
1593 2524 1714 2581 collectio
1730 2524 1781 2581 [Χ
1790 2519 1900 2599 (Puris.

249 2622 352 2701 1733),
371 2646 405 2701 p.
424 2630 486 2687 666
501 2635 528 2683 et
543 2631 604 2686 655
625 2645 661 2683 ex
676 2625 814 2683 codicibus
829 2626 1001 2684 Hurlucano
1024 2636 1051 2683 et
1066 2626 1227 2684 Peltcriano
1246 2647 1321 2685 nunc
1337 2628 1481 2704 deperdito
1497 2622 1551 2702 (=
1567 2625 1623 2705 M).
1667 2627 1775 2701 Monoi,
1800 2631 1901 2708 Steppl.

204 2733 274 2802 tol,
291 2736 355 2793 867
367 2742 393 2790 et
407 2736 478 2792 881.
510 2732 678 2790 Hartelteim
693 2731 735 2802 ΙΙ,
752 2737 803 2792 66.
839 2732 938 2790 Manui
953 2733 1038 2802 XIV,
1056 2736 1118 2794 663
1133 2742 1160 2791 et
1175 2736 1246 2793 745.
1290 2733 1398 2812 Mipne,
1423 2735 1533 2793 Patrol.
1557 2737 1607 2793 lut.
1627 2733 1735 2806 CXIX,
1753 2740 1792 2796 94
1809 2746 1835 2794 et
1849 2741 1901 2798 85.

248 2870 293 2879 -
316 2839 405 2917 Rea:
430 2839 533 2897 ‘Neues
551 2840 671 2897 Arcliu'
686 2839 766 2896 ΧΧΙ
769 2840 800 2910 V,
817 2842 879 2898 498
894 2840 979 2912 salso
1002 2841 1045 2896 ad
1066 2839 1210 2897 concilium
1234 2841 1316 2916 apud
1335 2840 1613 2900 Theudoris-vuum
1637 2845 1701 2903 835
1724 2841 1856 2900 habitem.

358 3043 490 3133 [Sancto
524 3055 557 3108 et
588 3042 769 3108 venerabili
804 3042 941 3108 concilio
976 3043 1065 3131 apud
1094 3044 1259 3110 Teodonis
1293 3045 1405 3110 villam
1438 3044 1574 3135 habito].
1625 3046 1761 3130 Audite,
1793 3059 1902 3135 patres

250 3150 428 3216 beatissimi
452 3164 485 3215 et
507 3151 771 3232 reverentissimi,
795 3173 815 3214 a
831 3150 905 3214 Deo
929 3152 1100 3215 convocati
1123 3163 1156 3215 et
1178 3152 1213 3215 in
1230 3151 1303 3216 Deo
1326 3153 1419 3234 uniti,
1443 3165 1576 3239 propter
1591 3153 1701 3218 Deum
1723 3155 1902 3220 auxiliante

215 3281 217 3288 ·
249 3259 320 3345 ipso
343 3257 528 3322 laborantes
553 3268 586 3321 et
608 3255 787 3321 laboraturi
810 3269 908 3344 atque
932 3257 965 3320 in
988 3255 1044 3321 illo
1067 3269 1100 3321 et
1123 3280 1196 3322 cum
1220 3257 1275 3322 illo
1299 3270 1373 3344 post
1395 3257 1527 3324 beatum
1551 3259 1697 3326 laborem
1712 3263 1901 3348 requieturi,

204 3394 231 3435 a
249 3363 358 3429 audite
383 3365 438 3447 ita,
462 3375 498 3428 ut
521 3362 633 3428 audiat
654 3385 713 3428 vos
736 3363 839 3444 Deus,
863 3385 902 3427 ae
926 3373 1121 3428 mementote
1145 3363 1292 3451 apostoli,
1316 3377 1460 3430 rectores
1484 3365 1677 3449 aecclesiae,
1701 3367 1902 3433 exhortantis

251 3484 283 3536 et
306 3470 464 3536 dicentis:
490 3472 648 3537 Attendite
672 3472 759 3536 eote
782 3486 810 3536 et
832 3473 978 3535 uniuerso
992 3473 1094 3558 prepi,
1117 3473 1150 3535 in
1167 3496 1228 3557 quo
1244 3496 1299 3537 cos
1315 3471 1457 3560 Spiritus
1471 3487 1599 3538 sancncs
1614 3478 1726 3561 posuit
1740 3478 1904 3563 episcopos
1922 3498 2057 3550 tuente.

249 3604 355 3667 repere
373 3580 556 3645 aecclesiam
574 3578 718 3658 Danuui,
742 3603 836 3664 quam
856 3577 1034 3663 adquisicit
1055 3580 1208 3664 sanyuine
1230 3603 1297 3642 suo.
1333 3576 1447 3643 Sermo
1464 3578 1585 3643 deiide
1610 3582 1717 3666 agitur
1737 3591 1770 3646 et
1793 3581 1902 3646 catho-

250 3683 313 3748 lica
328 3686 476 3766 veritate,
501 3706 597 3771 quam
616 3682 780 3770 praelatus
804 3682 983 3747 aecclesiae
999 3683 1252 3770 Lugdunensis‘¹
1267 3684 1448 3771 depravare
1467 3697 1501 3750 et
1523 3684 1711 3752 subvertere
1735 3686 1847 3773 bagua
1870 3699 1903 3752 et

214 3807 216 3816 ⁴
250 3790 376 3855 calamo
399 3813 464 3854 non
489 3790 616 3854 desistit
639 3790 822 3876 errorisque
853 3812 892 3854 ac
923 3789 1166 3855 mendaciorum
1189 3812 1320 3856 suorum
1344 3794 1523 3878 vosipsos,
1548 3792 1751 3858 venerabiles
1776 3792 1901 3859 aeccle-

206 3926 233 3966 ιο
250 3899 318 3961 siae
336 3896 456 3963 Christi
472 3896 592 3977 oculos,
617 3897 650 3960 in
673 3907 798 3960 tantum
822 3896 927 3961 socios
951 3907 983 3960 et
1006 3896 1182 3984 complices
1206 3920 1278 3962 esse
1302 3897 1482 3980 confirmat,
1506 3912 1542 3964 ut
1565 3901 1598 3964 in
1621 3898 1752 3987 publico
1776 3900 1902 3965 aeccle-

251 4005 318 4068 siae
342 4016 471 4067 nostrae
495 4008 681 4068 conventu⁴
704 4003 827 4066 iactare
858 4024 956 4066 ausus
986 4004 1028 4066 sit
1058 4001 1100 4067 ad
1130 4003 1192 4068 hoc
1223 4026 1281 4069 vos
1312 4006 1379 4070 suis
1410 4006 1676 4091 persuasionibus
1699 4009 1733 4072 in
1756 4007 1902 4094 generali

251 4109 398 4198 synod0⁵
420 4110 519 4174 fuisse
543 4109 728 4197 perductos,
759 4121 795 4173 ut
824 4130 936 4173 omnes
968 4131 1066 4175 manu
1096 4111 1229 4196 propria
1256 4112 1322 4176 suis
1346 4112 1557 4198 ineptissimis
1580 4112 1671 4177 libris
1695 4111 1902 4179 subscribere

251 4218 352 4281 etsie
377 4217 572 4281 unanimiter
594 4217 714 4280 sentire
738 4226 836 4302 atque
860 4214 1034 4280 observare
1057 4215 1195 4280 velletis.
1233 4215 1295 4282 eui
1319 4240 1380 4304 ego
1404 4241 1463 4305 per
1485 4220 1625 4284 iuniores
1648 4232 1726 4285 natu
1744 4220 1900 4308 respondi

358 4454 392 4503 22
410 4452 567 4503 Theodonis
587 4451 624 4502 M.
696 4451 797 4502 Audito
818 4451 848 4502 P.

207 4693 234 4733 ω
361 4669 390 4733 l)
415 4668 499 4726 Iuvat
521 4668 584 4744 ipsa
608 4667 693 4725 verba
716 4667 840 4725 auctoris
861 4669 953 4726 nostri
974 4661 1015 4745 (p.
1031 4664 1084 4746 49)
1109 4679 1251 4747 repetere:
1275 4670 1342 4728 ‘Die
1366 4671 1480 4744 Selen'st
1501 4673 1550 4728 dee
1574 4672 1687 4742 Florus,
1711 4674 1814 4730 welcltc
1836 4694 1904 4731 nean

253 4776 305 4833 der
327 4775 496 4848 Auiscltrist
522 4776 637 4853 suscipe
666 4775 780 4846 (Sancto
811 4783 841 4831 et
864 4776 1020 4832 venerabili
1049 4778 1167 4832 concilio
1197 4779 1273 4850 apud
1297 4779 1441 4834 'leodonis
1472 4779 1565 4835 viltam
1592 4779 1700 4850 habito)
1730 4779 1822 4838 bieier
1845 4781 1905 4853 fiir

214 4875 216 4884 '
253 4882 333 4940 einen
356 4881 450 4954 Brics
467 4902 506 4939 an
530 4882 575 4939 die
598 4881 712 4956 Synode
734 4901 787 4939 uon
805 4881 1006 4955 Diedenbosen
1029 4882 1103 4953 licit,
1128 4883 1164 4940 ist
1185 4883 1231 4940 dic
1247 4882 1410 4962 Einleitunp
1432 4905 1468 4942 ru
1490 4886 1568 4942 einer
1583 4885 1663 4943 llede
1685 4887 1825 4945 desselben
1848 4890 1911 4961 aus

253 4989 305 5045 der
328 4987 442 5062 Synodc
470 5009 505 5045 :u
529 4989 650 5062 Kierzp'
674 4987 716 5063 (in
740 4988 859 5046 editione
880 4998 979 5046 nostra
997 5010 1031 5065 p.
1049 4993 1110 5049 769
1133 4991 1151 5046 l.
1168 4993 1211 5049 22
1238 5021 1278 5030 -
1295 5010 1329 5066 p.
1347 4993 1409 5050 770
1431 4993 1449 5049 l.
1471 4989 1532 5067 37).
1587 4991 1663 5050 ‘Dus
1685 4995 1846 5068 opuseulum
1870 4996 1905 5052 de

254 5115 341 5153 causa
359 5095 433 5173 fidei
455 5096 503 5152 des
527 5095 633 5153 Florus
654 5095 774 5168 zerfu'llt
795 5095 824 5152 in
847 5095 919 5152 cuci
946 5095 1029 5165 Tute,
1058 5096 1111 5153 den
1135 5095 1315 5172 eipentlicltcn
1338 5097 1457 5156 Bericltt
1474 5095 1550 5156 'tiber
1572 5098 1618 5155 die
1641 5098 1756 5174 synode
1786 5096 1826 5177 (p
1842 5104 1905 5162 778

207 5226 236 5265 ω
254 5203 272 5258 l.
290 5205 330 5261 12
347 5232 391 5240 -
401 5221 435 5277 p.
453 5204 517 5261 782
538 5203 557 5258 l.
574 5198 625 5277 14)
649 5203 711 5259 und
731 5203 785 5258 dett
808 5202 908 5259 diesem
932 5222 986 5259 oon
1008 5208 1142 5277 spa‘teren
1166 5202 1369 5261 Abscltreibern
1392 5205 1591 5282 anpebc't'nptcn
1615 5205 1831 5283 Scllusspasnu
1854 5210 1906 5266 der

253 5309 333 5366 Recte
355 5308 416 5379 mes
433 5308 495 5365 dem
519 5307 636 5366 Konzil'
660 5302 701 5384 (p.
719 5309 781 5367 770
803 5309 823 5365 l.
840 5311 882 5368 38
907 5338 944 5349 -
965 5328 999 5384 ρ.
1017 5311 1080 5368 778
1102 5310 1121 5365 l.
1138 5305 1181 5386 t).
1293 5309 1324 5380 2)
1355 5309 1502 5368 Editiones
1522 5312 1664 5388 praeciae
1683 5322 1805 5390 praeter
1827 5314 1905 5372 iliam

253 5414 289 5473 ab
310 5413 476 5471 Harteltcim
501 5414 739 5486 confectam,'ubi
759 5413 860 5471 relatio
882 5414 917 5471 de
940 5413 1055 5472 concilio
1081 5413 1274 5473 Curisiacensi
1295 5417 1379 5486 deest,
1403 5417 1557 5474 orationem
1581 5438 1638 5476 non
1656 5419 1797 5496 praebent
1819 5422 1905 5480 couti·

214 5503 218 5512 ἱ
253 5542 350 5592 nuum
373 5521 440 5599 quia
464 5520 522 5579 eius
544 5522 664 5578 αἰλεναηι
681 5529 796 5597 partem
816 5540 876 5578 cum
894 5520 977 5578 Flori
997 5520 1135 5578 relatione
1156 5522 1191 5578 dc
1210 5521 1326 5579 concilio
1343 5520 1536 5581 Curisiacensi
1550 5518 1605 5602 (=
1620 5529 1752 5602 opcuculo
1768 5528 1802 5586 de
1817 5549 1906 5588 causa

246 5624 332 5706 fides)
349 5628 570 5697 coniunctum&
592 5647 619 5685 u.
635 5626 721 5699 infru
737 5647 772 5703 p.
789 5630 922 5704 778sqq.
937 5626 987 5684 sub
1004 5625 1035 5690 C.
1099 5627 1129 5692 3)
1146 5626 1184 5688 Id
1197 5629 1434 5700 estAmalarius5
1455 5651 1482 5690 v.
1494 5649 1528 5706 p.
1546 5635 1610 5692 768
1624 5634 1644 5692 Ι.
1658 5635 1749 5709 3eqq.
1811 5635 1842 5704 t)
1858 5635 1906 5693 De

208 5759 236 5799 a
254 5754 332 5791 anno
355 5735 436 5791 buius
457 5734 559 5808 synodi
573 5733 771 5810 andunenses
792 5733 865 5790 nibil
886 5741 1010 5802 constat;
1033 5733 1075 5806 cs.
1094 5733 1312 5804 Moncltemeier‚
1336 5737 1354 5792 l.
1374 5737 1392 5793 l.
1413 5756 1446 5812 p.
1463 5741 1503 5797 35
1526 5757 1596 5795 ann.
1612 5743 1643 5797 2.
1713 5739 1743 5809 5)
1769 5740 1907 5799 Fortasse

254 5840 283 5897 in
307 5841 423 5898 concilio
445 5841 673 5918 Aquispranensi
694 5843 757 5900 836
762 5862 772 5910 ,·
797 5841 838 5913 cs.
855 5841 874 5895 l.
891 5841 909 5897 l.
929 5860 963 5916 p.
981 5844 1021 5901 36
1043 5861 1113 5899 ann.
1130 5845 1161 5901 2.

308 5957 353 6000 nt..
370 5956 470 5998 &ncilla
482 5957 513 5997 11.
1659 5966 1693 6016 97
