4884 6717
1886 549 1949 612 683

293 773 529 897 5253.
578 761 1074 895 CONCILIA
1115 762 1232 895 IN
1270 761 1947 898 MONASTERIO

444 987 797 1126 SANOTI
850 986 1320 1125 DYONISH
1374 988 1799 1122 HABITA.

838 1216 1081 1300 823-830.
1109 1216 1203 1300 832.
1229 1215 1310 1290 Ian.
1339 1219 1398 1290 22.

440 1466 502 1538 52.
542 1460 899 1539 PRAECEPYUM
921 1462 1211 1540 SYNODALE
1233 1463 1378 1538 ANNI
1400 1467 1479 1538 829
1492 1491 1546 1539 ee.
1573 1466 1632 1539 nel
1656 1468 1736 1539 830
1747 1468 1800 1539 in.

260 1683 273 1720 s
399 1620 484 1719 Nm
515 1656 610 1719 multo
638 1669 710 1741 post
739 1655 1113 1720 concilium'Parieieme
1143 1681 1226 1720 anno
1251 1661 1328 1724 829.
1354 1681 1456 1721 mense
1479 1655 1574 1720 Iunio
1605 1656 1743 1721 tentum
1777 1657 1819 1736 (r.
1844 1682 1943 1744 snpra

287 1789 323 1850 p.
342 1773 407 1832 605
419 1763 501 1848 sqq.)
527 1765 560 1825 in
580 1765 768 1826 monasterio
792 1764 896 1825 sancti
917 1762 1073 1849 Dponisii
1093 1765 1238 1849 episcopi
1259 1762 1432 1828 Senonicae
1463 1777 1492 1827 et
1513 1762 1678 1827 Hemensie
1701 1766 1942 1849 provinciarum

293 1894 361 1933 eum
385 1869 547 1933 Hilduino
582 1870 691 1933 athan
726 1883 941 1948 conuenerunt,
976 1883 1010 1932 ut
1042 1868 1080 1932 de
1114 1870 1342 1956 reformatione
1374 1869 1566 1956 disciplinae
1597 1872 1787 1935 monasticae
1820 1873 1854 1934 in
1887 1871 1928 1934 ill

291 1978 480 2040 neonasterio
511 1976 670 2061 collapsae
701 1975 913 2039 deliberarent
941 1976 1143 2061 repulamque
1172 1978 1277 2040 sancti
1304 1976 1475 2040 Benedicti
1494 2000 1633 2062 prorsus
1663 1978 1829 2064 neplectam
1855 1979 1945 2042 resti·

291 2097 417 2147 tuere-nt.
468 2082 534 2160 Qui
554 2095 719 2146 concentus
739 2084 866 2168 primus
888 2118 932 2128 -
956 2107 1028 2146 nam
1053 2105 1135 2145 anno
1160 2088 1237 2150 832.
1263 2107 1364 2147 mense
1388 2079 1543 2147 Ianuario
1567 2084 1648 2147 alter
1671 2107 1739 2147 eum
1764 2087 1943 2170 sucepit—

246 2217 272 2255 ιο
290 2204 369 2254 certe
399 2204 469 2254 ante
495 2190 649 2276 placitum
679 2187 924 2275 Compendiense
953 2213 1036 2252 anno
1067 2197 1142 2257 830.
1167 2191 1312 2277 fortasse
1335 2189 1426 2253 Maio
1457 2214 1558 2254 mense
1581 2190 1720 2253 habitum
1752 2192 1810 2278 (cf.
1836 2190 1944 2254 Meilsl-

289 2298 425 2361 bacher²
458 2321 488 2359 n.
513 2302 580 2362 ert
589 2296 620 2381 6)
652 2310 855 2383 conpreqatue
883 2310 935 2358 cst.
989 2294 1211 2359 Hludosoicum
1246 2298 1328 2360 enim
1359 2299 1579 2382 imperatorem
1610 2296 1747 2360 nondum
1779 2297 1948 2383 imperiali

285 2417 434 2490 potestate
452 2405 615 2489 priuatum
633 2403 744 2489 fuisse
767 2402 873 2481 elucet,
904 2401 1063 2465 Hilduini
1078 2426 1178 2488 porro
1202 2403 1311 2466 titulus
1334 2402 1380 2467 ad
1403 2403 1439 2467 id
1460 2406 1609 2489 temporis
1637 2417 1777 2489 spectare
1807 2404 1943 2484 videtur,
2016 2431 2020 2436 ·

290 2535 350 2596 quo
377 2509 515 2574 nondum
539 2511 574 2572 in
597 2509 737 2595 Pippini
756 2511 841 2596 repis
863 2508 1010 2572 seditiosi
1023 2523 1136 2595 partes
1159 2523 1371 2596 transpressus
1395 2524 1463 2573 erat
1486 2509 1545 2597 (ef.
1572 2508 1709 2590 Simeon,
1733 2510 1944 2575 ‘tatrtucter

290 2616 344 2680 des
359 2617 575 2704 frtinleiselnen
598 2615 731 2679 Boiohae
761 2630 850 2680 unter
872 2614 1009 2700 [sudreie
1038 2614 1106 2680 dem
1133 2616 1315 2680 Frommen'
1339 2616 1368 2696 I,
1391 2619 1469 2701 351)
1484 2619 1503 2679 ¹.
1550 2615 1644 2681 Anno
1674 2641 1747 2705 erpo
1771 2621 1849 2685 829.
1869 2631 1945 2703 post

246 2749 271 2787 is
290 2747 422 2788 mensem
445 2722 574 2787 Iunium
598 2723 649 2785 nel
670 2724 763 2786 initio
786 2724 868 2786 unni
881 2731 956 2788 830.
982 2722 1058 2786 lnaec
1079 2722 1218 2808 synodus
1241 2722 1454 2787 adscribenda
1477 2737 1529 2788 est.

402 2830 502 2894 Unum
528 2854 567 2894 eu
588 2832 668 2893 actis
690 2828 897 2915 synodalibus
920 2842 1018 2892 castet
1041 2827 1266 2908 documentum,
1290 2829 1377 2915 quod
1397 2855 1418 2893 a
1442 2853 1502 2915 quo
1525 2832 1567 2893 sit
1588 2831 1740 2915 sert'ptum
1768 2833 1940 2916 {ancoratum

289 2936 476 3001 Membrana
500 2939 593 3014 enim,
624 2960 704 3021 qnae
727 2935 820 2998 leodic
844 2937 878 2999 in
901 2935 1030 2998 arclnieo
1054 2935 1214 2999 nationali
1234 2934 1418 3000 Parisiensi
1439 2935 1496 3018 (K.
1516 2944 1536 3002 9
1559 2961 1589 2999 n.
1610 2939 1643 3012 7)
1668 2950 1848 3001 asservatur
1871 2952 1900 3002 et
1921 2963 1943 3002 a

290 3068 317 3106 c.
342 3044 381 3107 cl.
405 3042 451 3106 M.
482 3042 586 3130 Tanpl
614 3045 647 3106 in
676 3066 764 3105 usum
791 3056 929 3106 nostrum
954 3042 1068 3106 collata
1092 3056 1146 3122 est,
1173 3044 1317 3128 marpine
1340 3057 1470 3128 utroque
1492 3044 1630 3107 abscisso
1654 3057 1739 3107 caret
1762 3057 1790 3106 et
1813 3046 1943 3130 insuper

288 3151 447 3236 scriptura
457 3164 592 3237 propter
604 3150 779 3235 complures
793 3150 935 3213 maculas
946 3149 1101 3236 subrufus
1112 3148 1163 3212 nel
1176 3151 1287 3235 nn‘pras
1302 3151 1437 3213 enanru‘t.
1469 3149 1694 3237 Arpumentum
1711 3163 1813 3214 tannen
1826 3149 1947 3215 decreti

243 3283 272 3322 so
289 3259 415 3321 restitui
439 3271 544 3344 potest
577 3281 616 3320 es
650 3256 822 3342 diplomate
851 3255 1041 3320 Hludowici
1072 3258 1276 3341 imperatoris
1307 3255 1337 3319 d.
1367 3254 1398 3319 d.
1428 3259 1505 3322 832.
1531 3255 1614 3342 Aup.
1637 3261 1685 3323 26
1715 3255 1776 3340 (ed.
1807 3255 1941 3346 Tardis,

289 3363 497 3427 ‘Monuments
519 3361 723 3448 ln'storiques’
748 3370 792 3430 86
800 3387 810 3444 ,·
832 3362 1062 3426 Mettencter²
1084 3386 1115 3425 n.
1133 3365 1225 3446 905),
1248 3364 1282 3426 in
1307 3385 1367 3448 quo
1390 3386 1430 3427 eu
1451 3362 1509 3426 illo
1531 3363 1652 3427 decreto
1676 3366 1773 3449 quasi
1793 3388 1832 3428 esc
1846 3366 1942 3452 fonte

289 3472 394 3534 omnia
411 3471 489 3557 fere
512 3470 632 3534 decreti
652 3470 745 3533 verba
769 3483 958 3556 repetuntur.
994 3468 1065 3533 Hoc
1081 3471 1179 3555 ipitur
1195 3469 1406 3556 pricilepium
1431 3471 1464 3532 in
1489 3483 1571 3533 testu
1595 3469 1714 3535 decreti
1731 3471 1880 3557 parando
1904 3496 1941 3536 ea

289 3579 410 3642 ratione
437 3577 659 3654 adlnibuimus,
694 3589 727 3639 ut
756 3578 791 3639 in
821 3578 914 3639 uaria
945 3575 1073 3639 lectione
1099 3575 1301 3661 principales
1330 3575 1530 3662 differentias
1559 3575 1781 3640 adnotaremus
1811 3578 1867 3658 (=
1884 3576 1941 3662 L),

291 3686 379 3748 usmis
401 3684 545 3770 suppleta
570 3682 811 3762 includeremus,
835 3684 966 3769 punctis
994 3682 1128 3768 denique
1151 3682 1252 3745 tribus
1275 3681 1406 3746 lacunas
1429 3681 1645 3747 indicaremus
1670 3683 1756 3763 illas,
1786 3708 1866 3769 qssae
1890 3708 1941 3748 ecc·

243 3815 270 3855 ss
282 3791 375 3878 pleri
395 3815 456 3853 nan
472 3804 630 3877 poterant.
681 3787 935 3853 Obliviscendum
959 3813 1020 3852 non
1045 3803 1089 3853 est
1114 3790 1145 3852 in
1170 3787 1341 3874 diplomate
1365 3789 1459 3852 uerba
1490 3788 1555 3876 lepi
1580 3791 1792 3875 imperatoris,
1825 3792 1857 3853 in
1888 3790 1940 3854 de-

288 3912 369 3961 creto
392 3911 492 3962 autem
516 3896 634 3984 synodi
654 3910 709 3960 aut
731 3897 940 3982 complurium
964 3897 1181 3982 episcoporum
1204 3897 1395 3960 sententiam.

395 4027 491 4085 Ena:
517 4027 664 4097 Malillon,
690 4026 735 4085 Dc
752 4046 785 4084 rc
803 4026 984 4102 diplomatica
1008 4028 1050 4083 ed.
1068 4030 1095 4086 1.
1115 4034 1142 4082 et
1154 4030 1185 4086 2.
1205 4046 1238 4101 p.
1255 4029 1318 4086 518
1333 4018 1404 4100 (tab.
1420 4020 1495 4104 teo)
1505 4048 1515 4094 ,⁰
1538 4028 1582 4084 ed.
1600 4030 1628 4086 3.
1649 4027 1751 4098 l,538
1767 4019 1837 4102 (tab.
1853 4021 1940 4103 466).

289 4134 397 4205 Mansi,
422 4135 522 4211 Suppl.
546 4133 661 4204 I,858.
708 4132 816 4204 Manui,
842 4130 927 4190 Cone.
952 4132 1036 4202 XIV,
1054 4135 1125 4191 633.
1149 4163 1193 4171 -
1215 4132 1306 4209 Repe
1329 4131 1433 4189 ‘Neues
1455 4132 1575 4190 Arcltin’
1600 4132 1714 4203 XXIV,
1731 4137 1804 4193 489.

395 4335 403 4350 .
427 4337 434 4351 .
461 4284 654 4374 .[soiler]tie
673 4284 881 4372 prudentium
898 4285 1040 4348 virorum
1064 4284 1098 4348 in
1120 4282 1236 4348 meiius
1261 4283 1432 4364 excrescit,
1456 4284 1502 4348 ite
1525 4284 1652 4348 incuria
1675 4283 1865 4371 pierumque
1883 4285 1938 4350 de·

241 4419 269 4460 so
288 4394 405 4458 crescit
420 4392 613 4479 faciliusque
629 4392 664 4455 in
680 4413 720 4456 eu
735 4392 871 4455 virtutes
887 4389 1074 4477 plantentur
1090 4401 1122 4455 et
1138 4389 1303 4455 difficilius
1318 4391 1399 4454 vitis
1416 4389 1631 4471 eradicentur,
1648 4390 1791 4455 Domino
1807 4391 1937 4457 dicente

287 4522 346 4587 per
366 4497 587 4587 p[rophetem:
611 4499 694 4563 Ecce
710 4500 858 4563 constitui
871 4513 898 4562 te
913 4498 1006 4563 leodic
1021 4523 1116 4585 super
1128 4512 1233 4586 pentes
1249 4511 1277 4560 et
1290 4522 1385 4585 super
1409 4495 1537 4585 repJna,
1561 4512 1595 4562 ut
1609 4498 1724 4562 evellas
1740 4513 1769 4563 et
1783 4499 1937 4580 dmtrrmn
1956 4526 2068 4578 sums,
2080 4527 2115 4569 su.

287 4606 458 4694 disperdas
480 4621 509 4671 et
531 4606 668 4693 de‘eeipes
692 4619 720 4669 et
740 4605 890 4691 aedifices
913 4619 941 4669 et
959 4605 1094 4691 plantes.
1134 4603 1222 4668 Ecce
1247 4603 1311 4668 duo
1334 4602 1447 4668 ultime
1470 4605 1504 4666 in
1527 4603 1754 4668 aedificatione
1770 4605 1937 4686 virtutum,

286 4723 439 4801 quattuor
461 4735 539 4776 vera
563 4713 668 4799 prims
691 4714 725 4775 in
748 4710 915 4775 evulsione
939 4721 1103 4797 ponuntur
1125 4709 1279 4774 vitiorum
1303 4757 1311 4775 .
1337 4758 1344 4773 .
1369 4758 1378 4774 .
1402 4732 1500 4795 quem
1516 4711 1662 4790 virtutes,
1686 4720 1723 4775 ut
1738 4709 1860 4775 dictum
1877 4721 1936 4792 est,

285 4830 422 4907 possunt
450 4817 600 4907 plantari.
659 4816 808 4899 Qualiter
836 4827 946 4881 eutem
969 4815 1264 4881 Christianissimus
1295 4838 1334 4881 ec
1364 4816 1626 4902 religiosissimus
1653 4816 1791 4903 Deoque
1821 4815 1937 4903 plenus

240 4950 269 4990 ss
286 4927 439 5014 princeps
462 4924 676 4989 Hludowicus
700 4924 931 4988 invictissimus
949 4923 1117 5008 Augustus
1141 4921 1313 4987 ecclesiam
1340 4921 1494 5011 [Domini
1520 4923 1762 5009 magnificentie
1785 4924 1855 4987 eius
1879 4923 1937 4988 hu·
2023 4987 2028 5000 ,

286 5032 413 5097 militati
436 5033 539 5120 ipsius
562 5030 719 5095 divinitus
743 5029 933 5118 reg]endem
956 5029 1176 5117 tuendamque
1201 5030 1417 5110 commissam,
1441 5039 1614 5117 postquem
1637 5029 1711 5094 Deo
1742 5029 1936 5117 disponente

286 5161 421 5225 regnum
444 5148 616 5225 paternum
639 5138 792 5223 suscepit,
817 5159 946 5223 semper
968 5135 1010 5200 ed
1034 5135 1168 5202 meliore
1197 5135 1378 5223 provehere
1410 5147 1442 5200 et
1472 5134 1513 5200 eb
1544 5158 1584 5201 es
1614 5135 1770 5223 quicquid
1800 5137 1936 5201 noxium

392 5305 426 5354 29
445 5301 567 5353 soltertia
584 5301 774 5367 supplemui·
828 5304 859 5352 31
881 5302 1039 5368 prophetem
1053 5318 1185 5367 -regns
1202 5301 1286 5367 neppl.
1305 5318 1335 5352 eu
1353 5301 1424 5368 Vutq.
1480 5302 1513 5352 32
1533 5300 1673 5367 disperdes
1693 5300 1737 5352 Or.
1792 5303 1826 5352 33
1845 5302 1936 5368 dispo·

286 5388 376 5456 sente]
395 5392 510 5457 suspice
529 5389 560 5440 L.
642 5392 676 5443 37
696 5385 819 5457 regnum]
841 5392 984 5458 imperium
1004 5390 1036 5441 t.
1119 5383 1401 5457 suscepit-prodit]
1421 5392 1599 5458 suscepimus,
1618 5391 1703 5441 studii
1722 5391 1801 5441 nobis
1820 5392 1937 5441 maxims

238 5490 270 5530 su
285 5497 390 5545 semper
407 5481 467 5538 suit,
486 5487 516 5530 ut
529 5480 640 5530 Domini
659 5478 785 5540 ecclesis,
805 5480 1006 5545 magnificentie
1026 5481 1084 5530 eius
1103 5478 1252 5530 humilitati
1271 5487 1381 5531 nostrae
1407 5479 1535 5530 divinitus
1549 5479 1669 5546 regende
1687 5481 1844 5546 tuendaque
1864 5496 1937 5530 eom·

286 5571 375 5630 missu,
394 5567 520 5620 felicibus
540 5567 656 5634 poiieret
672 5570 844 5619 successibus
863 5584 984 5633 eumque,
1004 5575 1134 5632 quantum
1148 5573 1257 5619 nostres
1271 5567 1377 5619 adtinet
1390 5577 1524 5634 augustae
1544 5569 1695 5630 devotioni,
1714 5571 1883 5620 incessanter
1901 5570 1936 5620 sd

286 5656 397 5708 meliore
411 5657 562 5724 provehere
577 5663 604 5707 et
617 5659 651 5707 sb
665 5655 714 5708 ille
726 5657 855 5722 quicquid
868 5657 978 5707 noxium
994 5665 1051 5707 erut
1065 5657 1204 5707 eradicare
1225 5663 1307 5722 etque
1326 5658 1354 5707 in
1374 5673 1406 5708 es
1425 5659 1594 5708 incrementa
1612 5658 1742 5708 virtutum
1762 5657 1884 5724 plantare
1904 5656 1937 5710 Ιι.

396 5804 424 5872 l)
457 5802 661 5860 iilonasterium
683 5802 777 5860 sancti
798 5802 932 5877 Dyonisii
954 5802 1091 5859 Intentus
1114 5822 1191 5860 anno
1214 5805 1285 5863 831.
1309 5821 1402 5860 mense
1427 5802 1586 5860 Februario
1608 5802 1741 5874 ablansrn,
1771 5804 1824 5861 scd
1846 5806 1938 5880 paula

278 5918 347 5986 post
369 5908 523 5967 restinctum
547 5917 603 5978 est,·
627 5908 667 5980 cs.
693 5908 803 5967 Simeon
826 5911 845 5966 l.
862 5910 881 5966 l.
905 5909 945 5980 II,
963 5912 991 5968 3.
1009 5911 1038 5968 9.

1672 6026 1722 6082 86*
