4884 6717
670 543 722 599 56.
759 541 979 599 CONCILIUM
1003 539 1335 606 AQUISGRANENSE
1359 542 1397 597 A.
1418 541 1493 598 836.
1848 535 1910 599 727

359 730 452 795 VIII.
501 730 598 813 Quod
637 753 736 817 saepe
776 729 873 816 culpa
907 728 1114 793 sacerdotum
1148 727 1261 815 populi
1296 740 1329 792 et
1362 728 1474 814 populi
1510 728 1606 815 culpa
1639 730 1734 795 ruiua
1767 731 1913 796 extiterit

251 837 468 904 sacerdotum.

360 944 471 1008 VIIII.
513 943 601 1024 Quid
625 941 813 1030 captoribus
838 965 934 1008 arcae
958 942 1024 1006 Dei
1047 941 1178 1027 Deique
1201 940 1316 1027 populi
1339 941 1528 1007 caesoribus
1551 943 1749 1029 provenerit.

360 1051 404 1115 X.
445 1049 617 1132 Quomodo
647 1060 793 1135 tempore
818 1048 1002 1114 Samuhelis
1034 1047 1139 1112 cultus
1170 1046 1300 1112 divinus
1331 1070 1391 1134 per
1420 1048 1661 1135 neglegentiam
1691 1050 1912 1116 ministrorum

216 1184 230 1224 s
253 1157 427 1244 conlapsus
452 1167 486 1222 et
508 1179 568 1243 per
591 1157 660 1220 eius
684 1155 836 1237 studium,
860 1155 1004 1219 Domino
1021 1177 1055 1219 se
1073 1152 1260 1236 adiuvante,
1285 1154 1384 1219 fuerit
1407 1167 1535 1220 erectus
1559 1165 1592 1220 et
1614 1154 1753 1242 populus
1776 1155 1818 1221 ab
1842 1156 1911 1222 ido·

252 1264 356 1329 lorum
381 1263 508 1329 cultura
531 1262 573 1326 ad
597 1262 744 1326 divinum
768 1262 889 1327 cultum
914 1271 1096 1326 revocatus.

360 1370 421 1434 XI.
463 1369 559 1451 Quod
583 1368 793 1433 oboedientia
824 1368 1003 1433 secundum
1027 1365 1129 1432 verba
1158 1366 1304 1432 eiusdem
1329 1366 1513 1433 Samuholis
1543 1368 1748 1455 praeferatur
1770 1370 1911 1435 victimis

252 1489 286 1543 et
309 1476 517 1543 holocaustis.

361 1584 439 1648 XII.
479 1585 532 1649 De
555 1581 786 1669 reprobatione
811 1581 890 1646 Saul
914 1581 1001 1666 regis
1025 1591 1058 1644 et
1080 1579 1241 1645 electione
1266 1592 1364 1667 atque
1387 1582 1541 1646 unctione
1565 1581 1678 1646 David
1701 1584 1799 1669 regis.

209 1719 236 1757 ro
360 1691 455 1755 XIII.
504 1689 653 1771 Quantae
693 1689 896 1753 venerationi
926 1677 1021 1751 ¹idem
1053 1686 1165 1751 David
1196 1710 1307 1751 arcam
1338 1687 1404 1751 Dei
1435 1686 1586 1753 habuerit
1618 1699 1650 1753 et
1683 1712 1757 1754 cum
1789 1702 1911 1777 quanto

252 1798 374 1863 honore
399 1820 471 1862 eam
490 1799 524 1861 in
542 1796 651 1861 medio
674 1794 886 1860 tabemacrdo
910 1795 1056 1880 posuerit
1079 1792 1190 1880 ibique
1215 1815 1326 1858 coram
1341 1794 1485 1858 Domino
1508 1794 1698 1861 holocausta
1721 1807 1753 1861 et
1772 1798 1912 1884 pacifica

253 1903 416 1970 obtulerit.

361 2010 474 2076 XIIII.
515 2009 611 2091 Quod
635 2011 668 2073 in
692 2010 917 2073 numeratione
940 2007 1052 2095 populi
1077 2006 1163 2071 idem
1187 2006 1299 2070 David
1322 2006 1465 2070 Domino
1489 2010 1678 2094 peccaverit
1704 2020 1736 2075 et
1758 2023 1911 2077 monente

254 2117 330 2182 Gau
353 2117 513 2205 propheta
535 2116 635 2180 altare
659 2116 802 2180 Domino
826 2115 1046 2179 construxerit
1070 2124 1103 2178 et
1126 2111 1243 2178 oblatis
1267 2112 1464 2177 holocaustis
1488 2124 1521 2178 ct
1543 2115 1690 2201 pacificis
1713 2139 1778 2181 non
1806 2118 1910 2184 solum

209 2251 235 2290 u
253 2236 363 2289 reatus
394 2225 444 2288 sui
476 2222 746 2304 obliterationem,
777 2244 891 2286 verum
923 2222 1021 2285 etiam
1054 2220 1197 2285 divinam
1229 2220 1530 2306 repropitiationem
1560 2244 1599 2286 ac
1629 2223 1741 2310 populi
1764 2225 1911 2291 nancisci

253 2333 409 2396 meruerit
431 2328 667 2395 liberationem.

361 2438 437 2502 XV.
478 2436 575 2518 Quod
591 2435 704 2500 David
727 2434 866 2500 voluerit
890 2434 1064 2498 aedificare
1089 2433 1219 2498 domum
1236 2433 1379 2498 Domino
1403 2445 1445 2516 et,
1470 2457 1528 2498 cur
1550 2458 1622 2500 eam
1647 2435 1821 2502 aedificare
1845 2461 1911 2503 non

254 2555 375 2632 posset,
399 2568 458 2631 per
480 2543 613 2608 Nathan
636 2542 829 2630 prophetam
852 2544 1030 2606 instructus
1055 2551 1113 2621 est,
1137 2538 1269 2605 iubente
1293 2541 1446 2607 Domino.

363 2651 455 2715 XVI.
496 2650 602 2730 Quod,
628 2649 769 2736 qualiter
792 2648 955 2730 Salomon,
980 2647 1065 2712 tilius
1081 2646 1203 2728 David,
1229 2648 1360 2712 domurn
1375 2648 1510 2713 Domini
1533 2648 1758 2713 aedificaverit
1780 2660 1814 2714 ct
1836 2673 1911 2716 cum

208 2785 237 2825 so
255 2759 380 2844 ingenti
403 2758 507 2842 gloria
530 2755 734 2821 dedicaverit
765 2767 798 2818 et
828 2756 895 2818 suis
928 2766 1025 2840 atque
1054 2755 1198 2840 paternis
1224 2753 1366 2818 donariis
1391 2753 1624 2838 sublimaverit,
1655 2756 1688 2819 in
1719 2755 1781 2822 hoc
1811 2780 1910 2845 opere

254 2864 409 2952 prosequi
432 2864 655 2927 necessarium
678 2885 743 2927 non
767 2863 817 2927 sit.

362 2969 472 3033 XVII.
514 2968 610 3049 Quod
641 2968 757 3033 eadem
789 2968 903 3032 domus
928 2990 948 3031 a
972 2966 1145 3032 Salomone
1176 2966 1350 3032 aedificata
1380 2979 1494 3054 typum
1524 2970 1662 3054 gesserit
1688 2981 1821 3035 sanctae
1845 2971 1911 3036 Dei

255 3076 415 3142 ecclesiae
440 3089 473 3140 et
496 3075 584 3163 quod
607 3075 709 3139 multa
732 3074 819 3140 bona
843 3074 990 3139 eiusdem
1015 3073 1129 3138 domus
1160 3073 1372 3138 honoratores
1397 3073 1517 3162 adepti,
1549 3074 1650 3140 multa
1680 3099 1810 3163 quoque
1841 3078 1911 3142 eius

256 3184 509 3249 dehonoratores
534 3181 606 3246 sind
630 3181 771 3246 adversa
794 3182 951 3269 perpessi.

210 3320 237 3359 ss
365 3290 491 3354 XVIII.
533 3288 631 3370 Quod
662 3288 777 3353 eadem
809 3288 881 3352 Deo
914 3297 1042 3351 sacrata
1073 3286 1187 3350 domus
1216 3285 1259 3351 ab
1291 3290 1435 3352 externis
1465 3288 1618 3373 gentibus
1648 3300 1681 3354 et
1710 3289 1842 3377 regibus
1870 3293 1912 3355 sit

254 3407 412 3461 venerata
434 3407 467 3461 et
490 3395 723 3482 multiplicibus
748 3395 842 3459 donis
866 3394 1032 3458 honorata.

363 3502 508 3567 XVIIII.
546 3502 643 3583 Quod
663 3502 750 3566 idem
767 3501 923 3587 templum
938 3500 1003 3564 Dei
1029 3511 1161 3587 propter
1183 3513 1322 3588 peccata
1346 3502 1551 3567 sacerdotum
1571 3513 1603 3567 et
1618 3525 1732 3591 regum
1748 3505 1911 3593 totiusque

255 3609 367 3697 populi
391 3610 531 3696 primum
556 3633 576 3672 a
599 3608 753 3673 Chaldeis
777 3608 874 3672 suerit
897 3606 1086 3671 destitutum
1111 3629 1150 3672 ac
1174 3606 1327 3671 dirutum.

363 3717 439 3781 XX.
480 3716 532 3780 Dc
564 3714 747 3780 abiectione
778 3726 810 3778 et
840 3713 1063 3778 humiliatione
1094 3725 1126 3777 et
1158 3737 1232 3778 cum
1267 3714 1345 3777 feris
1379 3712 1579 3779 habitatione
1609 3716 1911 3784 Nabuchodonosor

211 3853 238 3893 ω
256 3825 353 3910 regis,
378 3846 475 3910 qnam
499 3832 632 3909 propter
655 3821 873 3907 sacrilegium,
898 3820 985 3906 quod
1010 3821 1099 3884 circa
1121 3819 1278 3907 templum
1294 3821 1360 3884 Dei
1384 3822 1555 3905 commisit,
1580 3833 1612 3887 et
1636 3822 1821 3906 elationem,
1845 3846 1911 3911 qua

256 3942 370 3995 contra
393 3929 500 3993 Deum
525 3930 652 4010 tumuit,
676 3929 803 4014 perpeti
827 3927 1015 4014 promeruit.

363 4036 458 4100 XXI.
498 4036 550 4100 Dc
575 4036 796 4119 recognitione
822 4034 968 4098 ciusdem
992 4032 1294 4099 Nabuchodonosor
1317 4045 1350 4099 et
1367 4034 1433 4098 Dei
1457 4036 1491 4099 in
1514 4036 1747 4122 sempiternum
1770 4037 1911 4101 viventis

255 4143 441 4208 laudatione
466 4155 498 4206 ct
520 4141 765 4229 glorificatione.

364 4249 476 4314 XXII.
516 4250 568 4314 De
592 4248 775 4330 Balthasar,
800 4249 857 4333 qui
880 4270 939 4334 pro
963 4269 1012 4328 eu,
1038 4246 1125 4333 quod
1149 4248 1222 4312 Deo
1247 4259 1375 4313 sacrata
1398 4272 1480 4314 vasa
1510 4247 1573 4314 sibi
1597 4247 1718 4314 adferri
1741 4250 1845 4332 iussit,
1876 4260 1912 4315 ut

211 4385 238 4425 ss
256 4359 290 4421 in
314 4358 361 4420 eis
383 4357 454 4442 ipse
478 4369 511 4420 et
535 4357 706 4442 optimates
735 4355 815 4436 eius,
840 4376 959 4418 uuoros
983 4365 1016 4418 et
1039 4352 1242 4418 concubinae
1265 4353 1426 4435 biberent,
1454 4355 1569 4421 eadem
1592 4367 1687 4420 nocte
1711 4378 1812 4442 regno
1836 4379 1910 4422 cum

255 4465 324 4527 vita
347 4464 461 4528 caruit.

363 4568 492 4634 XXIII.
532 4568 584 4632 Dc
615 4568 855 4655 septuagesimo
887 4568 1086 4653 captivitatis
1109 4566 1304 4633 Israhelitici
1326 4568 1438 4656 populi
1469 4591 1554 4633 anno
1577 4580 1710 4655 peracto
1735 4581 1768 4634 et
1790 4569 1910 4657 populo

256 4676 322 4742 Dei
346 4675 388 4741 ad
411 4676 543 4762 propria
566 4697 697 4738 reverso
722 4686 754 4738 et
777 4673 819 4738 ab
844 4675 890 4738 eis
915 4675 1047 4738 civitate
1071 4685 1104 4738 et
1126 4673 1247 4760 templo
1271 4685 1467 4741 constructo.

363 4782 510 4847 XXIIII.
549 4782 602 4846 De
636 4780 749 4845 eodem
775 4781 917 4845 Domino
951 4792 1141 4846 consecrato
1172 4780 1292 4866 templo
1322 4793 1456 4868 propter
1483 4791 1622 4869 peccata
1648 4781 1854 4847 sacerdotum
1877 4793 1911 4847 et

209 4918 238 4960 ω
255 4912 370 4976 regum
394 4891 557 4974 totiusque
580 4887 693 4974 populi
716 4886 758 4951 ab
782 4887 955 4968 Anthioco,
985 4887 1214 4974 profusissimo
1246 4909 1323 4973 rege
1348 4887 1539 4971 Grecorum,
1570 4899 1667 4975 capto
1695 4899 1727 4953 et
1750 4888 1910 4954 idolorum

256 4995 406 5061 sordibus
431 4995 552 5082 polluto
577 4993 672 5058 etde
697 4995 833 5058 sacratis
858 4994 931 5057 Deo
956 4993 1064 5073 rebus,
1089 5017 1170 5080 quas
1194 4992 1236 5058 ab
1261 4993 1377 5059 eodem
1401 4994 1534 5060 abstulit
1557 4994 1688 5081 templo.

363 5103 474 5167 XXV.
520 5100 617 5182 Quod
651 5101 738 5165 idem
773 5102 938 5187 templum,
974 5102 1170 5188 expugnatis
1204 5100 1359 5165 Anthioci
1396 5099 1544 5182 ducibus,
1579 5101 1679 5165 Iudas
1708 5100 1909 5167 Machabeus

255 5210 477 5296 purificaverit
500 5219 533 5274 et
556 5208 694 5272 diversis
717 5206 905 5272 muneribus
930 5208 1084 5272 ditaverit
1106 5207 1245 5294 Deoque
1270 5210 1518 5273 consecraverit.

363 5316 490 5380 XXVI.
530 5315 582 5379 De
606 5313 770 5379 horrenda
793 5327 826 5378 ct
849 5313 1005 5378 invisibili
1031 5313 1138 5400 plaga,
1163 5337 1261 5399 quam
1284 5314 1464 5379 Anthiocus
1488 5338 1547 5402 pro
1571 5338 1621 5398 co,
1646 5314 1733 5401 quod
1751 5315 1909 5402 templum

210 5450 238 5489 ss
256 5422 391 5487 Domini
415 5425 532 5510 coepit,
564 5421 678 5508 polluit
709 5432 742 5485 ct
765 5444 845 5484 vasa
875 5431 989 5485 sancta
1019 5420 1095 5484 inde
1127 5419 1261 5485 abstulit
1290 5432 1515 5508 tormentaque
1545 5421 1677 5488 diversa
1699 5421 1819 5508 populo
1842 5422 1909 5487 Dei

255 5529 385 5612 inflixit,
409 5553 582 5616 perpessus
606 5541 664 5592 ost.

365 5733 397 5780 10
416 5731 524 5780 archam
545 5729 577 5779 L.
639 5730 669 5779 11
692 5737 719 5779 et
736 5730 803 5779 deest
823 5729 849 5778 ζ’.
870 5727 929 5778 ΒΙ.
950 5727 980 5777 L.
1046 5732 1076 5779 15
1097 5727 1328 5780 oblitterationem
1348 5728 1406 5777 131.
1470 5729 1503 5778 17
1522 5726 1642 5779 voluerit
1661 5723 1817 5794 aedificare]
1836 5730 1908 5781 aedi·

255 5820 337 5872 ficare
364 5819 483 5871 voluerit
501 5819 561 5868 Bl.
580 5818 611 5870 L.
694 5821 728 5868 ‘25
754 5815 798 5880 sitl
824 5819 878 5866 scit
896 5817 928 5867 L.
1002 5819 1035 5867 28
1061 5819 1143 5867 fuerit
1166 5817 1233 5867 deest
1254 5819 1280 5867 0.
1354 5818 1511 5867 destitutum
1538 5812 1579 5882 ac]
1602 5819 1768 5869 destructum
1795 5825 1823 5869 et
1848 5817 1908 5868 131.

256 5912 291 5959 30
310 5909 430 5960 elatione
446 5908 544 5958 UBI.
558 5907 589 5957 L.
643 5909 678 5958 40
698 5908 832 5957 Antiocho
845 5907 903 5957 Br.
917 5907 949 5958 L.
1004 5909 1038 5956 42
1057 5905 1206 5956 AntiociB
1215 5911 1238 5956 1.
1251 5905 1284 5956 L.
1345 5908 1380 5955 44
1399 5905 1622 5957 AntiochusBl.
1636 5904 1667 5957 L.
1726 5909 1760 5957 lb
1779 5906 1908 5974 pollui0.
