4884 6717
505 495 716 551 APPENDIX.
767 496 795 552 1.
826 495 1046 553 CONCILIUM
1069 497 1292 554 LEODIENSE
1318 497 1491 555 SPURIUM
1515 499 1551 554 A.
1570 499 1645 556 tto.
1837 496 1901 558 817

354 681 398 745 ΙΙ.
429 681 588 748 Volumus
611 693 720 747 autem
743 705 862 771 pueros
886 695 1039 770 septenos
1063 695 1095 749 et
1118 706 1217 771 supra
1240 684 1361 750 adduci
1385 685 1427 749 ad
1449 687 1639 774 episcopum
1662 687 1901 753 confirmandos

247 800 279 854 et
302 788 430 853 adultos
453 791 543 876 prius
564 790 714 855 confiteri
738 790 779 855 de
802 792 948 877 peccatis
972 793 1049 856 suis.

354 913 416 977 111.
447 913 493 978 Ut
510 913 685 1002 presbyter
706 916 858 1003 proprius
888 915 953 980 alia
977 926 1180 981 sacramenta
1204 916 1429 982 ecclesiastica
1459 919 1629 1000 ministrat,
1661 921 1708 984 ita
1731 931 1763 984 et
1786 919 1900 985 saltem

247 1018 348 1085 semel
370 1021 404 1085 in
428 1043 513 1086 auno
537 1023 568 1086 ei
592 1023 807 1088 confiteantur
829 1045 889 1087 sna
912 1033 1049 1110 peccata
1072 1021 1193 1088 subditi
1205 1029 1226 1091 ¹.

211 1171 225 1211 ι
352 1146 430 1211 IIII.
466 1146 652 1233 Diligenter
674 1150 722 1212 eis
745 1147 888 1235 explicet
904 1159 1082 1235 praecepta
1096 1147 1162 1212 Dei
1184 1160 1216 1212 et
1240 1147 1356 1213 diebus
1380 1148 1551 1214 dominicis
1575 1161 1719 1237 exponat
1742 1174 1792 1234 ea,
1816 1175 1900 1239 quae

246 1257 288 1323 ad
312 1255 449 1321 salutem
472 1266 547 1319 sunt
576 1256 773 1338 animarum
805 1254 923 1342 quibus
954 1267 1102 1319 sanctum
1133 1277 1250 1342 corpus
1275 1255 1396 1320 Christi
1428 1258 1600 1343 quotannis
1631 1256 1722 1323 dabit
1745 1258 1788 1324 ad
1810 1282 1899 1324 man·

246 1363 441 1430 ducendum.

352 1489 393 1553 V.
429 1487 556 1570 Quodsi
578 1488 712 1552 remisse
735 1486 909 1574 presbyter
931 1509 971 1551 ea
995 1498 1096 1569 curet,
1120 1489 1249 1552 noverit
1272 1510 1306 1551 se
1331 1487 1444 1552 aDeo
1469 1489 1678 1575 puniendum,
1703 1492 1759 1576 qui
1782 1491 1898 1556 arden·

245 1598 368 1662 tissime
393 1595 555 1660 desiderio
579 1593 707 1659 oblatus
731 1604 780 1658 est
802 1617 861 1681 pro
885 1596 962 1676 suis,
987 1595 1065 1680 quia
1087 1593 1199 1659 voluit.

202 1742 227 1781 ro
352 1721 410 1785 VI.
449 1721 487 1785 In
523 1718 673 1785 omnibus
708 1743 742 1784 se
778 1717 936 1806 praebeat
970 1717 1143 1806 presbyter
1177 1719 1365 1806 exemplum
1393 1718 1552 1784 bonorum
1579 1742 1713 1807 operum
1741 1732 1774 1786 et
1800 1745 1899 1808 super

243 1853 343 1917 grege
367 1827 491 1915 vigilet,
522 1851 594 1892 cum
619 1827 771 1892 inimicus
794 1826 890 1891 homo
914 1828 1152 1913 promtissimus
1182 1828 1224 1889 sit
1253 1826 1296 1890 ad
1323 1826 1648 1913 superseminaudum
1671 1828 1705 1892 iu
1729 1850 1808 1914 agro
1832 1828 1896 1893 Dei

244 1937 414 2002 zizaniam.

349 2060 426 2125 VII.
461 2058 634 2124 Ecclesiae
658 2058 799 2124 mundae
823 2059 888 2122 siut
911 2070 944 2123 et
966 2057 1083 2122 altaria
1106 2068 1220 2122 ornata
1243 2056 1409 2140 decenter,
1438 2081 1511 2123 cam
1536 2060 1568 2123 in
1593 2060 1633 2123 iis
1656 2059 1749 2124 Deus
1772 2058 1897 2125 habitet

244 2192 308 2234 non
331 2168 436 2234 solum
461 2167 611 2254 Spiritus,
636 2165 694 2230 sed
718 2177 750 2230 et
772 2165 868 2230 homo
891 2166 1006 2230 factus.

199 2316 225 2355 ιι
350 2293 443 2358 VIII.
478 2292 530 2357 lta
552 2302 672 2373 tamen,
703 2302 739 2355 ut
761 2290 806 2371 id,
839 2289 927 2376 quod
957 2289 1068 2354 oculos
1091 2291 1242 2354 intrantis
1272 2289 1314 2354 ab
1345 2291 1490 2355 oratione
1518 2302 1625 2377 potest
1649 2291 1800 2372 avellere,
1831 2315 1896 2356 non

243 2402 426 2488 reperiatur
448 2402 482 2465 iu
505 2401 553 2464 eis
577 2408 634 2464 aut
657 2399 827 2463 curiositas
852 2397 1033 2478 oculomm3
1066 2397 1124 2462 sed
1154 2399 1283 2484 sapiant
1306 2399 1460 2462 universa
1491 2399 1523 2462 et
1553 2398 1682 2483 singula
1706 2400 1813 2484 iguem
1837 2400 1895 2463 im·

243 2507 436 2588 mittendum
459 2508 492 2571 in
517 2529 573 2571 cor
595 2504 711 2587 fidelis,
736 2504 873 2569 adorare
898 2515 930 2568 et
953 2526 1047 2568 orare
1071 2505 1242 2568 venientis.

350 2631 460 2696 VIIII.
496 2630 638 2695 Infirmis
661 2628 886 2694 misericordia
908 2628 974 2692 Dei
997 2629 1173 2715 aperiatur,
1205 2630 1251 2693 ita
1281 2641 1400 2709 tamen,
1431 2641 1466 2693 ut
1497 2641 1529 2694 et
1559 2631 1681 2694 iustitia
1711 2653 1820 2695 comes
1843 2632 1894 2695 sit.

244 2739 309 2806 Sed
334 2740 424 2804 venit
447 2737 606 2818 Christus,
630 2748 666 2802 ut
688 2759 748 2801 uos
772 2735 947 2800 redimeret
970 2744 1002 2798 et
1025 2758 1083 2800 suo
1107 2758 1207 2822 regno
1232 2735 1425 2801 inscriberet
1448 2736 1604 2802 volentes

199 2885 225 2924 ao
350 2864 392 2963 II.
428 2862 603 2928 Defunctis
635 2871 723 2927 certo
753 2861 859 2925 sciant
888 2861 1033 2924 universi
1061 2859 1198 2925 reddere
1230 2861 1338 2925 Deum
1369 2863 1546 2948 propitium
1581 2863 1699 2927 missae
1735 2862 1895 2927 sacrificia

244 2971 442 3060 quotidiana,
466 2992 591 3058 preces,
617 2968 809 3033 donationes
833 2979 866 3032 et
888 2968 1027 3048 ieiunia3
1052 2989 1136 3054 quae
1161 2966 1235 3031 ideo
1259 2967 1329 3031 fieri
1352 2967 1562 3054 postulamus,
1587 2979 1623 3032 ut
1639 2991 1751 3033 eorum
1767 2971 1895 3033 animae

243 3079 356 3166 requie
381 3078 476 3142 citius
499 3079 666 3164 potiantur
688 3086 831 3156 aemma,
856 3097 953 3161 quam
977 3072 1071 3138 nobis
1096 3072 1244 3138 Christus
1268 3073 1390 3138 donare
1415 3073 1577 3159 dignetur.
1623 3075 1729 3139 Amen
1741 3081 1761 3138 ².

354 3317 382 3388 1)
415 3316 465 3390 Qt.
490 3324 676 3392 praeceptum
698 3336 726 3392 q.
751 3317 778 3372 d.
803 3315 944 3390 paschale
973 3314 1084 3371 concilii
1106 3313 1313 3371 Lateranensis
1336 3315 1389 3372 IV.
1414 3310 1589 3390 (a.1215).·
1621 3316 1720 3371 Omnis
1748 3319 1894 3388 utriusque

242 3445 324 3482 sexus
353 3425 461 3494 fidelis,
491 3433 639 3496 postquam
670 3425 706 3478 ad
736 3441 824 3478 annos
855 3423 1031 3478 discretionis
1061 3423 1238 3495 pervenerit,
1269 3423 1362 3478 omnia
1392 3440 1444 3478 sua
1470 3423 1545 3478 solus
1575 3431 1696 3494 peecata
1726 3424 1896 3480 confiteatur

198 3549 224 3589 aa
242 3533 377 3601 fideliter,
408 3533 509 3587 saltem
540 3531 630 3587 semel
660 3531 688 3585 iu
712 3547 795 3598 anuo,
827 3529 939 3601 proprio
970 3530 1109 3585 sacerdoti
1142 3539 1171 3585 ct
1202 3530 1356 3584 iniunctam
1386 3530 1440 3584 sibi
1470 3530 1676 3602 poenitentiam
1704 3531 1819 3587 studeat
1843 3548 1894 3603 pro

242 3641 348 3696 viribus
370 3640 537 3710 adimplere,
568 3639 724 3710 suscipiam
755 3645 922 3693 reverenter
945 3638 981 3692 ad
1004 3637 1095 3691 minus
1118 3637 1146 3691 in
1163 3637 1272 3692 Pascha
1292 3637 1479 3693 eucharistiae
1503 3644 1720 3705 sacramentum,
1744 3639 1796 3693 nisi
1819 3638 1893 3695 forte

243 3749 279 3804 de
309 3747 424 3803 consilio
454 3746 559 3819 proprii
590 3746 745 3801 sacerdotis
775 3745 812 3800 ob
843 3745 965 3816 aliquam
995 3745 1192 3800 rationabilem
1224 3761 1336 3799 eausam
1367 3745 1403 3798 ad
1427 3751 1540 3816 tempas
1563 3745 1600 3800 ab
1625 3745 1685 3800 eius
1707 3746 1894 3817 perceptione

242 3855 353 3910 duxerit
377 3854 575 3910 abstinendum
607 3844 723 3926 (Mansi
745 3850 844 3921 XXII,
870 3852 951 3909 1007
961 3870 1021 3926 sqq.
1052 3871 1076 3907 c.
1101 3845 1164 3927 21).
1209 3851 1242 3906 V.
1268 3850 1350 3908 etiam
1374 3853 1408 3907 A.
1435 3851 1550 3921 Kirsclr,
1575 3851 1692 3909 ‘Arabio
1715 3851 1774 3923 fiir
1797 3851 1895 3910 lratlro-

241 3961 340 4017 lisclres
364 3959 583 4017 Kircleenrecdt’
609 3957 781 4028 LXXXIV,
806 3960 869 4017 527
880 3978 941 4034 sqq.
1021 3957 1052 4026 2)
1077 3957 1190 4014 Addere
1208 3960 1307 4033 placet
1329 3958 1414 4016 verba
1432 3958 1524 4034 primi
1546 3958 1660 4016 editoris
1684 3956 1716 4032 (l.
1734 3961 1751 4015 l.
1770 3955 1893 4036 ρ.166)

196 4084 223 4123 ιο
242 4068 276 4124 de
292 4069 379 4140 sonte
402 4086 539 4123 canona-m
563 4085 693 4122 enarrem:
718 4063 866 4123 ‘Claudias
889 4064 1029 4140 Despret:
1052 4064 1075 4121 Ι.
1102 4062 1132 4122 C.
1157 4064 1348 4122 Atrebatensis
1371 4074 1397 4122 et
1419 4065 1547 4122 dondnrn
1570 4066 1604 4121 de
1628 4064 1744 4130 ereant
1767 4110 1771 4121 .
1798 4110 1803 4120 .
1829 4111 1835 4121 .
1859 4086 1895 4124 ea

241 4174 365 4250 antiquis
387 4172 569 4230 monumentis
591 4172 739 4229 annotavit
753 4191 831 4228 anno
848 4174 915 4231 710.
932 4172 1034 4229 marsis
1049 4172 1157 4247 Apriles
1173 4172 1218 4228 die
1233 4177 1282 4231 29.
1308 4165 1362 4244 (est
1384 4172 1407 4229 is
1425 4172 1577 4248 prominens
1599 4193 1693 4230 annas
1711 4181 1779 4248 post
1800 4181 1894 4229 trans·

241 4283 327 4338 latum
352 4280 539 4356 episcopatum
562 4268 586 4359 [
583 4279 635 4336 sed
656 4279 695 4349 cf.
719 4280 753 4335 A.
778 4277 892 4350 Hanclr,
918 4278 1212 4355 ‘Kirclrenpesclriclte
1235 4279 1459 4336 Dentsedlands’
1484 4280 1525 4335 ed.
1551 4283 1578 4336 3.
1603 4278 1627 4348 I,
1653 4268 1747 4358 327J)
1767 4278 1893 4354 primam

242 4387 371 4445 habuisse
402 4378 475 4448 (scil.
498 4381 668 4456 Hnbcrtnm)
699 4387 835 4460 synodum
866 4386 1047 4444 Leodiensmn
1079 4386 1108 4443 in
1137 4408 1159 4441 s.
1185 4385 1331 4442 Lamberti
1359 4385 1498 4442 eceleer'a'.
1547 4384 1644 4441 Fidem
1676 4385 1731 4442 illis
1761 4386 1895 4462 ‘antiquis

241 4494 438 4552 monumentis’
469 4493 580 4550 minime
610 4492 784 4550 tribuendam
816 4512 874 4551 esse
903 4502 1029 4570 apparet
1057 4492 1138 4549 etiarn
1162 4513 1198 4550 ea
1217 4513 1250 4568 p.
1267 4495 1337 4561 168,
1369 4491 1415 4548 abi
1437 4492 1506 4548 llaec
1528 4493 1674 4568 leprrntur:
1706 4492 1800 4550 ‘Anno
1825 4496 1844 4551 7
1845 4497 1893 4551 20.

196 4601 379 4658 andahaita.
404 4599 546 4657 Hnbcrtns
574 4601 726 4656 secandam
756 4601 891 4674 synodum
923 4608 1023 4656 contra
1053 4608 1263 4676 ‹mpnpnatores
1292 4619 1442 4655 sacrarum
1466 4599 1628 4675 imapinnm,
1660 4599 1708 4674 qni
1738 4608 1824 4674 capnt
1846 4619 1894 4654 er-

241 4710 365 4765 trderant
385 4708 415 4765 in
438 4727 491 4764 saa
509 4706 671 4783 parrochia
696 4706 857 4782 episcopali,
882 4707 911 4764 in
934 4727 992 4784 qaa
1014 4706 1166 4763 sectandam
1191 4707 1352 4763 Ronranam
1371 4727 1430 4783 pro
1453 4706 1619 4783 inrapinibas
1641 4705 1691 4762 sub
1713 4727 1735 4763 s.
1754 4704 1895 4782 Greyorio

241 4815 350 4871 iuniore
380 4813 547 4871 celebratam
579 4814 687 4890 intepre
716 4813 841 4870 inseruit.
887 4813 978 4870 Verba
1008 4822 1074 4870 snm
1102 4832 1138 4869 ea
1167 4813 1264 4870 iisdem
1289 4813 1408 4870 eiusdem
1434 4811 1548 4870 Claudii
1570 4813 1710 4889 Despret:
1734 4812 1894 4869 analectis.

242 4919 453 4978 Observandum
484 4929 575 4978 natan
606 4930 647 4976 ast
670 4929 738 4996 post
767 4929 880 4978 rnortem
909 4921 1017 4977 denrran
1048 4942 1069 4976 s.
1095 4919 1216 4977 lietberti
1239 4912 1275 4998 (†
1292 4915 1365 4995 727)
1390 4939 1467 4977 anno
1489 4923 1556 4979 731.
1586 4941 1680 4976 reiense
1703 4918 1854 4976 Novembri
1875 4939 1894 4974 a

242 5025 383 5104 Greporio
407 5027 463 5084 ΙΙΙ,
489 5023 523 5100 (7
525 5022 696 5102 31-741)
719 5027 856 5101 syrrodnm
872 5027 1033 5084 llorrranam
1058 5027 1092 5082 de
1115 5047 1203 5084 cansa
1227 5027 1379 5104 imapinnm
1404 5046 1462 5084 esse
1485 5026 1622 5095 habitatin
1647 5027 1687 5097 cf.
1714 5026 1752 5082 Κ.
1771 5023 1893 5100 Ilmnpe,

139 5193 151 5205 ‚
195 5151 223 5188 so
241 5133 345 5191 ‘Neues
360 5133 480 5191 Aradiv’
504 5134 588 5204 XXI,
608 5137 667 5194 102
677 5153 750 5209 sqq„
775 5133 823 5209 qni
845 5134 984 5205 refutauit
1006 5153 1078 5210 qnae
1101 5134 1207 5204 IIesele
1231 5126 1261 5207 (d
1278 5134 1297 5189 l.
1319 5132 1376 5203 III,
1393 5136 1453 5192 404
1465 5128 1538 5208 sqq.)
1563 5134 1597 5188 de
1619 5133 1733 5206 synodis
1756 5132 1895 5189 Ronranis

241 5260 260 5297 a
285 5239 426 5318 Greporio
450 5241 489 5297 Il.
515 5235 722 5318 (715—731)
747 5240 925 5317 conprepatis
949 5242 1071 5298 coniecit.

296 5982 339 6024 lala
352 5981 452 6022 concula
465 5982 495 6023 lL
