<?xml version="1.0" encoding="UTF-8"?>
<!DOCTYPE html PUBLIC "-//W3C//DTD XHTML 1.0 Transitional//EN"
    "http://www.w3.org/TR/xhtml1/DTD/xhtml1-transitional.dtd">
<html xmlns="http://www.w3.org/1999/xhtml" xml:lang="en" lang="en">
 <head>
  <title>
</title>
<meta http-equiv="Content-Type" content="text/html;charset=utf-8" />
  <meta name='ocr-system' content='tesseract 3.04.00' />
  <meta name='ocr-capabilities' content='ocr_page ocr_carea ocr_par ocr_line ocrx_word'/>
</head>
<body>
  <div class='ocr_page' id='page_1' title='image "./monumentagerman02gescgoog/monumentagerman02gescgoog_0198.png"; bbox 0 0 4884 6717; ppageno 0'>
   <div class='ocr_carea' id='block_1_1' title="bbox 534 533 1722 595">
    <p class='ocr_par' dir='ltr' id='par_1_1' title="bbox 534 533 1722 595">
     <span class='ocr_line' id='line_1_1' title="bbox 534 533 1722 595; baseline 0.001 -2"><span class='ocrx_word' id='word_1_1' title='bbox 534 533 598 595; x_wconf 86' lang='lat'>610</span> <span class='ocrx_word' id='word_1_2' title='bbox 1006 538 1057 594; x_wconf 84' lang='lat'>50.</span> <span class='ocrx_word' id='word_1_3' title='bbox 1094 538 1313 595; x_wconf 84' lang='lat' dir='ltr'>CONCILIUM</span> <span class='ocrx_word' id='word_1_4' title='bbox 1336 538 1563 594; x_wconf 81' lang='lat' dir='ltr'>PARISIENSE</span> <span class='ocrx_word' id='word_1_5' title='bbox 1588 541 1625 594; x_wconf 83' lang='lat' dir='ltr'>A.</span> <span class='ocrx_word' id='word_1_6' title='bbox 1647 537 1722 594; x_wconf 85' lang='grc'>829.</span> 
     </span>
    </p>
   </div>
   <div class='ocr_carea' id='block_1_2' title="bbox 401 723 2236 2709">
    <p class='ocr_par' dir='ltr' id='par_1_2' title="bbox 401 723 2236 2709">
     <span class='ocr_line' id='line_1_2' title="bbox 533 723 2189 812; baseline 0 -24"><span class='ocrx_word' id='word_1_7' title='bbox 533 724 661 789; x_wconf 86' lang='lat' dir='ltr'>fidelem</span> <span class='ocrx_word' id='word_1_8' title='bbox 686 736 842 811; x_wconf 80' lang='lat' dir='ltr'>oporteat,</span> <span class='ocrx_word' id='word_1_9' title='bbox 867 724 944 809; x_wconf 87' lang='lat' dir='ltr'>quia</span> <span class='ocrx_word' id='word_1_10' title='bbox 967 723 1048 787; x_wconf 90' lang='lat' dir='ltr'>haec</span> <span class='ocrx_word' id='word_1_11' title='bbox 1071 723 1154 787; x_wconf 87' lang='lat' dir='ltr'>fides</span> <span class='ocrx_word' id='word_1_12' title='bbox 1177 747 1257 787; x_wconf 80' lang='lat' dir='ltr'>uera</span> <span class='ocrx_word' id='word_1_13' title='bbox 1281 734 1313 789; x_wconf 90' lang='lat' dir='ltr'>et</span> <span class='ocrx_word' id='word_1_14' title='bbox 1336 725 1503 790; x_wconf 86' lang='lat' dir='ltr'>fructuosa</span> <span class='ocrx_word' id='word_1_15' title='bbox 1526 749 1598 789; x_wconf 87' lang='lat' dir='ltr'>esse</span> <span class='ocrx_word' id='word_1_16' title='bbox 1621 748 1686 790; x_wconf 88' lang='lat' dir='ltr'>non</span> <span class='ocrx_word' id='word_1_17' title='bbox 1703 736 1820 812; x_wconf 91' lang='lat' dir='ltr'>potest,</span> <span class='ocrx_word' id='word_1_18' title='bbox 1844 727 1906 789; x_wconf 90' lang='lat' dir='ltr'>nisi</span> <span class='ocrx_word' id='word_1_19' title='bbox 1923 724 2019 790; x_wconf 87' lang='lat' dir='ltr'>bonis</span> <span class='ocrx_word' id='word_1_20' title='bbox 2036 724 2189 812; x_wconf 89' lang='lat' dir='ltr'>operibus</span> 
     </span>
     <span class='ocr_line' id='line_1_3' title="bbox 534 815 2188 917; baseline 0.001 -22"><span class='ocrx_word' id='word_1_21' title='bbox 534 842 719 912; x_wconf 78' lang='lat' dir='ltr'><strong>exornetur,</strong></span> <span class='ocrx_word' id='word_1_22' title='bbox 744 831 777 894; x_wconf 92' lang='lat' dir='ltr'>id</span> <span class='ocrx_word' id='word_1_23' title='bbox 801 843 849 895; x_wconf 92' lang='lat' dir='ltr'>est</span> <span class='ocrx_word' id='word_1_24' title='bbox 873 830 947 910; x_wconf 87' lang='lat' dir='ltr'>fide,</span> <span class='ocrx_word' id='word_1_25' title='bbox 973 853 1040 917; x_wconf 85' lang='lat' dir='ltr'>spe,</span> <span class='ocrx_word' id='word_1_26' title='bbox 1065 833 1210 912; x_wconf 87' lang='lat' dir='ltr'>caritate,</span> <span class='ocrx_word' id='word_1_27' title='bbox 1236 831 1427 914; x_wconf 90' lang='lat' dir='ltr'>humilitate,</span> <span class='ocrx_word' id='word_1_28' title='bbox 1459 815 1618 912; x_wconf 79' lang='lat' dir='ltr'>castitate,</span> <span class='ocrx_word' id='word_1_29' title='bbox 1651 833 1859 912; x_wconf 82' lang='lat' dir='ltr'><strong>continentia,</strong></span> <span class='ocrx_word' id='word_1_30' title='bbox 1891 830 2077 912; x_wconf 80' lang='lat' dir='ltr'>sobrietate,</span> <span class='ocrx_word' id='word_1_31' title='bbox 2110 855 2188 896; x_wconf 89' lang='lat' dir='ltr'>una-</span> 
     </span>
     <span class='ocr_line' id='line_1_4' title="bbox 533 938 2189 1025; baseline -0.002 -22"><span class='ocrx_word' id='word_1_32' title='bbox 533 940 691 1016; x_wconf 88' lang='lat' dir='ltr'>nimitate,</span> <span class='ocrx_word' id='word_1_33' title='bbox 716 938 900 1019; x_wconf 89' lang='lat' dir='ltr'>concordia,</span> <span class='ocrx_word' id='word_1_34' title='bbox 925 939 1057 1016; x_wconf 89' lang='lat' dir='ltr'>iustitia,</span> <span class='ocrx_word' id='word_1_35' title='bbox 1081 939 1212 1023; x_wconf 89' lang='lat' dir='ltr'>pietate,</span> <span class='ocrx_word' id='word_1_36' title='bbox 1237 939 1472 1021; x_wconf 87' lang='lat' dir='ltr'>misericordia,</span> <span class='ocrx_word' id='word_1_37' title='bbox 1503 940 1690 1003; x_wconf 89' lang='lat' dir='ltr'>innocentia</span> <span class='ocrx_word' id='word_1_38' title='bbox 1720 952 1753 1002; x_wconf 89' lang='lat' dir='ltr'>et</span> <span class='ocrx_word' id='word_1_39' title='bbox 1784 938 1991 1025; x_wconf 76' lang='lat' dir='ltr'>simplicitate</span> <span class='ocrx_word' id='word_1_40' title='bbox 2017 950 2049 1002; x_wconf 93' lang='lat' dir='ltr'>et</span> <span class='ocrx_word' id='word_1_41' title='bbox 2072 940 2189 1003; x_wconf 90' lang='lat' dir='ltr'>ceteris</span> 
     </span>
     <span class='ocr_line' id='line_1_5' title="bbox 535 1042 2189 1133; baseline 0 -25"><span class='ocrx_word' id='word_1_42' title='bbox 535 1044 584 1108; x_wconf 90' lang='lat' dir='ltr'>his</span> <span class='ocrx_word' id='word_1_43' title='bbox 609 1042 777 1126; x_wconf 77' lang='lat' dir='ltr'>similibus,</span> <span class='ocrx_word' id='word_1_44' title='bbox 803 1068 886 1131; x_wconf 89' lang='lat' dir='ltr'>quae</span> <span class='ocrx_word' id='word_1_45' title='bbox 911 1044 1019 1108; x_wconf 89' lang='lat' dir='ltr'>omnia</span> <span class='ocrx_word' id='word_1_46' title='bbox 1042 1046 1076 1107; x_wconf 91' lang='lat' dir='ltr'>in</span> <span class='ocrx_word' id='word_1_47' title='bbox 1100 1044 1274 1109; x_wconf 83' lang='lat' dir='ltr'>dilectione</span> <span class='ocrx_word' id='word_1_48' title='bbox 1290 1046 1357 1109; x_wconf 91' lang='lat' dir='ltr'>Dei</span> <span class='ocrx_word' id='word_1_49' title='bbox 1374 1055 1406 1109; x_wconf 88' lang='lat' dir='ltr'>et</span> <span class='ocrx_word' id='word_1_50' title='bbox 1421 1047 1563 1133; x_wconf 82' lang='lat' dir='ltr'>proximi</span> <span class='ocrx_word' id='word_1_51' title='bbox 1582 1048 1769 1110; x_wconf 85' lang='lat' dir='ltr'>consistunt</span> <span class='ocrx_word' id='word_1_52' title='bbox 1807 1046 1885 1111; x_wconf 91' lang='lat' dir='ltr'>Sine</span> <span class='ocrx_word' id='word_1_53' title='bbox 1910 1046 1959 1110; x_wconf 89' lang='lat' dir='ltr'>his</span> <span class='ocrx_word' id='word_1_54' title='bbox 1984 1046 2071 1109; x_wconf 87' lang='lat' dir='ltr'>enim</span> <span class='ocrx_word' id='word_1_55' title='bbox 2094 1068 2189 1110; x_wconf 89' lang='lat' dir='ltr'>nemo</span> 
     </span>
     <span class='ocr_line' id='line_1_6' title="bbox 401 1150 2221 1241; baseline 0.002 -26"><span class='ocrx_word' id='word_1_56' title='bbox 401 1176 515 1227; x_wconf 54' lang='lat' dir='ltr'>racana.</span> <span class='ocrx_word' id='word_1_57' title='bbox 534 1161 642 1236; x_wconf 88' lang='lat' dir='ltr'>potest</span> <span class='ocrx_word' id='word_1_58' title='bbox 664 1152 738 1215; x_wconf 86' lang='lat' dir='ltr'>Deo</span> <span class='ocrx_word' id='word_1_59' title='bbox 762 1152 892 1237; x_wconf 91' lang='lat' dir='ltr'>placere</span> <span class='ocrx_word' id='word_1_60' title='bbox 917 1173 978 1214; x_wconf 92' lang='lat' dir='ltr'>nec</span> <span class='ocrx_word' id='word_1_61' title='bbox 1002 1150 1111 1215; x_wconf 86' lang='lat' dir='ltr'>salvus</span> <span class='ocrx_word' id='word_1_62' title='bbox 1136 1174 1217 1232; x_wconf 87' lang='lat' dir='ltr'>esse,</span> <span class='ocrx_word' id='word_1_63' title='bbox 1250 1153 1326 1238; x_wconf 90' lang='lat' dir='ltr'>quia</span> <span class='ocrx_word' id='word_1_64' title='bbox 1355 1163 1438 1216; x_wconf 90' lang='lat' dir='ltr'>teste</span> <span class='ocrx_word' id='word_1_65' title='bbox 1466 1152 1612 1238; x_wconf 90' lang='lat' dir='ltr'>apostolo</span> <span class='ocrx_word' id='word_1_66' title='bbox 1628 1154 1715 1241; x_wconf 76' lang='lat' dir='ltr'>fides</span> <span class='ocrx_word' id='word_1_67' title='bbox 1738 1156 1807 1218; x_wconf 84' lang='lat' dir='ltr'>eine</span> <span class='ocrx_word' id='word_1_68' title='bbox 1831 1155 1977 1240; x_wconf 76' lang='lat' dir='ltr'>operibns</span> <span class='ocrx_word' id='word_1_69' title='bbox 2001 1167 2123 1217; x_wconf 76' lang='lat' dir='ltr'>mortim</span> <span class='ocrx_word' id='word_1_70' title='bbox 2147 1167 2221 1219; x_wconf 81' lang='lat' dir='ltr'>ests</span> 
     </span>
     <span class='ocr_line' id='line_1_7' title="bbox 535 1258 2189 1346; baseline 0 -24"><span class='ocrx_word' id='word_1_71' title='bbox 535 1262 568 1322; x_wconf 82' lang='lat' dir='ltr'>in</span> <span class='ocrx_word' id='word_1_72' title='bbox 593 1263 768 1345; x_wconf 69' lang='lat' dir='ltr'>sericatipsc.</span> <span class='ocrx_word' id='word_1_73' title='bbox 815 1258 957 1322; x_wconf 90' lang='lat' dir='ltr'>Proinde</span> <span class='ocrx_word' id='word_1_74' title='bbox 988 1281 1124 1321; x_wconf 87' lang='lat' dir='ltr'>necesse</span> <span class='ocrx_word' id='word_1_75' title='bbox 1155 1269 1214 1340; x_wconf 93' lang='lat' dir='ltr'>est,</span> <span class='ocrx_word' id='word_1_76' title='bbox 1246 1269 1281 1323; x_wconf 89' lang='lat' dir='ltr'>ut</span> <span class='ocrx_word' id='word_1_77' title='bbox 1312 1261 1534 1345; x_wconf 86' lang='lat' dir='ltr'>unusquisque</span> <span class='ocrx_word' id='word_1_78' title='bbox 1559 1258 1763 1324; x_wconf 81' lang='lat' dir='ltr'>Christianus</span> <span class='ocrx_word' id='word_1_79' title='bbox 1794 1258 1968 1345; x_wconf 85' lang='lat' dir='ltr'>diligenter</span> <span class='ocrx_word' id='word_1_80' title='bbox 1996 1258 2189 1346; x_wconf 87' lang='lat' dir='ltr'>perpendat,</span> 
     </span>
     <span class='ocr_line' id='line_1_8' title="bbox 535 1364 2191 1452; baseline 0 -24"><span class='ocrx_word' id='word_1_81' title='bbox 535 1377 641 1429; x_wconf 91' lang='lat' dir='ltr'>utrum</span> <span class='ocrx_word' id='word_1_82' title='bbox 666 1367 699 1429; x_wconf 93' lang='lat' dir='ltr'>in</span> <span class='ocrx_word' id='word_1_83' title='bbox 724 1389 762 1430; x_wconf 90' lang='lat' dir='ltr'>eo</span> <span class='ocrx_word' id='word_1_84' title='bbox 787 1365 867 1428; x_wconf 87' lang='lat' dir='ltr'>fides</span> <span class='ocrx_word' id='word_1_85' title='bbox 891 1367 969 1429; x_wconf 82' lang='lat' dir='ltr'>viva</span> <span class='ocrx_word' id='word_1_86' title='bbox 992 1366 1034 1428; x_wconf 93' lang='lat' dir='ltr'>sit</span> <span class='ocrx_word' id='word_1_87' title='bbox 1057 1364 1143 1428; x_wconf 90' lang='lat' dir='ltr'>bona</span> <span class='ocrx_word' id='word_1_88' title='bbox 1167 1388 1267 1450; x_wconf 91' lang='lat' dir='ltr'>opera</span> <span class='ocrx_word' id='word_1_89' title='bbox 1291 1365 1418 1451; x_wconf 88' lang='lat' dir='ltr'>agendo</span> <span class='ocrx_word' id='word_1_90' title='bbox 1443 1389 1485 1429; x_wconf 90' lang='lat' dir='ltr'>an</span> <span class='ocrx_word' id='word_1_91' title='bbox 1508 1376 1636 1431; x_wconf 89' lang='lat' dir='ltr'>mortua</span> <span class='ocrx_word' id='word_1_92' title='bbox 1661 1366 1747 1430; x_wconf 90' lang='lat' dir='ltr'>hona</span> <span class='ocrx_word' id='word_1_93' title='bbox 1770 1388 1870 1452; x_wconf 89' lang='lat' dir='ltr'>opera</span> <span class='ocrx_word' id='word_1_94' title='bbox 1892 1365 2107 1451; x_wconf 85' lang='lat' dir='ltr'>neglegendo.</span> <span class='ocrx_word' id='word_1_95' title='bbox 2146 1365 2191 1429; x_wconf 86' lang='lat' dir='ltr'>Et</span> 
     </span>
     <span class='ocr_line' id='line_1_9' title="bbox 485 1471 2189 1560; baseline 0.001 -26"><span class='ocrx_word' id='word_1_96' title='bbox 485 1495 515 1535; x_wconf 86' lang='lat' dir='ltr'>n.</span> <span class='ocrx_word' id='word_1_97' title='bbox 535 1474 562 1535; x_wconf 92' lang='lat' dir='ltr'>si</span> <span class='ocrx_word' id='word_1_98' title='bbox 580 1473 672 1536; x_wconf 89' lang='lat' dir='ltr'>iuxta</span> <span class='ocrx_word' id='word_1_99' title='bbox 688 1472 918 1536; x_wconf 83' lang='lat' dir='ltr'>documentum</span> <span class='ocrx_word' id='word_1_100' title='bbox 935 1471 1072 1558; x_wconf 87' lang='lat' dir='ltr'>apostoli</span> <span class='ocrx_word' id='word_1_101' title='bbox 1089 1473 1161 1558; x_wconf 89' lang='lat' dir='ltr'>ipsa</span> <span class='ocrx_word' id='word_1_102' title='bbox 1177 1473 1264 1560; x_wconf 75' lang='lat' dir='ltr'>fides</span> <span class='ocrx_word' id='word_1_103' title='bbox 1286 1476 1355 1538; x_wconf 82' lang='lat' dir='ltr'>sine</span> <span class='ocrx_word' id='word_1_104' title='bbox 1379 1475 1526 1559; x_wconf 80' lang='lat' dir='ltr'>operibus</span> <span class='ocrx_word' id='word_1_105' title='bbox 1548 1471 1643 1536; x_wconf 91' lang='lat' dir='ltr'>bonis</span> <span class='ocrx_word' id='word_1_106' title='bbox 1667 1489 1790 1538; x_wconf 84' lang='lat' dir='ltr'>mortuo</span> <span class='ocrx_word' id='word_1_107' title='bbox 1814 1488 1867 1552; x_wconf 86' lang='lat' dir='ltr'>est,</span> <span class='ocrx_word' id='word_1_108' title='bbox 1891 1495 1957 1559; x_wconf 90' lang='lat' dir='ltr'>qua</span> <span class='ocrx_word' id='word_1_109' title='bbox 1981 1471 2189 1536; x_wconf 82' lang='lat' dir='ltr'>damnatione</span> 
     </span>
     <span class='ocr_line' id='line_1_10' title="bbox 535 1577 2191 1666; baseline 0.001 -24"><span class='ocrx_word' id='word_1_110' title='bbox 535 1577 699 1666; x_wconf 82' lang='lat' dir='ltr'>plectendi</span> <span class='ocrx_word' id='word_1_111' title='bbox 724 1590 799 1642; x_wconf 90' lang='lat' dir='ltr'>sunt</span> <span class='ocrx_word' id='word_1_112' title='bbox 822 1578 878 1659; x_wconf 93' lang='lat' dir='ltr'>illi,</span> <span class='ocrx_word' id='word_1_113' title='bbox 904 1580 959 1664; x_wconf 90' lang='lat' dir='ltr'>qui</span> <span class='ocrx_word' id='word_1_114' title='bbox 983 1602 1047 1642; x_wconf 91' lang='lat' dir='ltr'>non</span> <span class='ocrx_word' id='word_1_115' title='bbox 1071 1578 1174 1642; x_wconf 87' lang='lat' dir='ltr'>selum</span> <span class='ocrx_word' id='word_1_116' title='bbox 1191 1578 1329 1642; x_wconf 91' lang='lat' dir='ltr'>eandem</span> <span class='ocrx_word' id='word_1_117' title='bbox 1346 1578 1444 1642; x_wconf 89' lang='lat' dir='ltr'>fidem</span> <span class='ocrx_word' id='word_1_118' title='bbox 1460 1578 1555 1644; x_wconf 89' lang='lat' dir='ltr'>bonis</span> <span class='ocrx_word' id='word_1_119' title='bbox 1572 1577 1725 1664; x_wconf 89' lang='lat' dir='ltr'>operibus</span> <span class='ocrx_word' id='word_1_120' title='bbox 1742 1602 1807 1643; x_wconf 90' lang='lat' dir='ltr'>non</span> <span class='ocrx_word' id='word_1_121' title='bbox 1823 1590 1992 1660; x_wconf 84' lang='lat' dir='ltr'>exornant,</span> <span class='ocrx_word' id='word_1_122' title='bbox 2017 1577 2191 1643; x_wconf 88' lang='lat' dir='ltr'>sedetiam</span> 
     </span>
     <span class='ocr_line' id='line_1_11' title="bbox 536 1673 2236 1773; baseline 0.002 -25"><span class='ocrx_word' id='word_1_123' title='bbox 536 1685 674 1748; x_wconf 88' lang='lat' dir='ltr'>diversis</span> <span class='ocrx_word' id='word_1_124' title='bbox 705 1684 836 1771; x_wconf 89' lang='lat' dir='ltr'>flagitiis</span> <span class='ocrx_word' id='word_1_125' title='bbox 867 1707 939 1748; x_wconf 90' lang='lat' dir='ltr'>eam</span> <span class='ocrx_word' id='word_1_126' title='bbox 970 1685 1222 1749; x_wconf 77' lang='lat' dir='ltr'>commaculant!</span> <span class='ocrx_word' id='word_1_127' title='bbox 1270 1685 1360 1748; x_wconf 91' lang='lat' dir='ltr'>Inter</span> <span class='ocrx_word' id='word_1_128' title='bbox 1389 1699 1498 1750; x_wconf 88' lang='lat' dir='ltr'>cetera</span> <span class='ocrx_word' id='word_1_129' title='bbox 1528 1687 1650 1773; x_wconf 90' lang='lat' dir='ltr'>quippe</span> <span class='ocrx_word' id='word_1_130' title='bbox 1680 1685 1775 1768; x_wconf 89' lang='lat' dir='ltr'>mala,</span> <span class='ocrx_word' id='word_1_131' title='bbox 1807 1709 1892 1772; x_wconf 91' lang='lat' dir='ltr'>quae</span> <span class='ocrx_word' id='word_1_132' title='bbox 1924 1673 2061 1750; x_wconf 88' lang='lat' dir='ltr'>eandem</span> <span class='ocrx_word' id='word_1_133' title='bbox 2092 1685 2190 1749; x_wconf 90' lang='lat' dir='ltr'>fidem</span> <span class='ocrx_word' id='word_1_134' title='bbox 2211 1714 2236 1752; x_wconf 81' lang='grc' dir='ltr'>ιο</span> 
     </span>
     <span class='ocr_line' id='line_1_12' title="bbox 535 1789 2190 1879; baseline -0.001 -24"><span class='ocrx_word' id='word_1_135' title='bbox 535 1791 781 1872; x_wconf 90' lang='lat' dir='ltr'>commaculant,</span> <span class='ocrx_word' id='word_1_136' title='bbox 807 1802 959 1878; x_wconf 89' lang='lat' dir='ltr'>quattuor</span> <span class='ocrx_word' id='word_1_137' title='bbox 981 1789 1075 1854; x_wconf 91' lang='lat' dir='ltr'>nobis</span> <span class='ocrx_word' id='word_1_138' title='bbox 1095 1793 1176 1855; x_wconf 78' lang='lat' dir='ltr'>vitia</span> <span class='ocrx_word' id='word_1_139' title='bbox 1200 1791 1358 1877; x_wconf 88' lang='lat' dir='ltr'>spiritalia</span> <span class='ocrx_word' id='word_1_140' title='bbox 1381 1794 1496 1856; x_wconf 92' lang='lat' dir='ltr'>merito</span> <span class='ocrx_word' id='word_1_141' title='bbox 1513 1792 1746 1878; x_wconf 86' lang='lat' dir='ltr'>exaggeranda</span> <span class='ocrx_word' id='word_1_142' title='bbox 1760 1793 1924 1874; x_wconf 81' lang='lat' dir='ltr'>videntur,</span> <span class='ocrx_word' id='word_1_143' title='bbox 1949 1815 2044 1879; x_wconf 92' lang='lat' dir='ltr'>quae,</span> <span class='ocrx_word' id='word_1_144' title='bbox 2069 1803 2190 1878; x_wconf 89' lang='lat' dir='ltr'>quanto</span> 
     </span>
     <span class='ocr_line' id='line_1_13' title="bbox 534 1897 2190 1986; baseline 0 -24"><span class='ocrx_word' id='word_1_145' title='bbox 534 1898 712 1962; x_wconf 85' lang='lat' dir='ltr'>occultiora</span> <span class='ocrx_word' id='word_1_146' title='bbox 735 1910 819 1978; x_wconf 89' lang='lat' dir='ltr'>sunt,</span> <span class='ocrx_word' id='word_1_147' title='bbox 843 1910 933 1961; x_wconf 91' lang='lat' dir='ltr'>tauto</span> <span class='ocrx_word' id='word_1_148' title='bbox 956 1899 1194 1983; x_wconf 81' lang='lat' dir='ltr'>pernitiosiora,</span> <span class='ocrx_word' id='word_1_149' title='bbox 1220 1897 1255 1961; x_wconf 87' lang='lat' dir='ltr'>id</span> <span class='ocrx_word' id='word_1_150' title='bbox 1278 1909 1327 1961; x_wconf 91' lang='lat' dir='ltr'>est</span> <span class='ocrx_word' id='word_1_151' title='bbox 1350 1898 1514 1984; x_wconf 89' lang='lat' dir='ltr'>superbia,</span> <span class='ocrx_word' id='word_1_152' title='bbox 1539 1922 1712 1986; x_wconf 89' lang='lat' dir='ltr'>perquam</span> <span class='ocrx_word' id='word_1_153' title='bbox 1729 1899 1864 1984; x_wconf 85' lang='lat' dir='ltr'>angelus</span> <span class='ocrx_word' id='word_1_154' title='bbox 1881 1897 2030 1963; x_wconf 91' lang='lat' dir='ltr'>diabolus</span> <span class='ocrx_word' id='word_1_155' title='bbox 2055 1898 2190 1962; x_wconf 88' lang='lat' dir='ltr'>effectus</span> 
     </span>
     <span class='ocr_line' id='line_1_14' title="bbox 535 1995 2188 2092; baseline 0.001 -25"><span class='ocrx_word' id='word_1_156' title='bbox 535 2005 574 2068; x_wconf 92' lang='lat' dir='ltr'>de</span> <span class='ocrx_word' id='word_1_157' title='bbox 600 2004 690 2068; x_wconf 88' lang='lat' dir='ltr'>caclo</span> <span class='ocrx_word' id='word_1_158' title='bbox 715 2008 854 2084; x_wconf 83' lang='lat' dir='ltr'>eiectus3</span> <span class='ocrx_word' id='word_1_159' title='bbox 879 1995 1013 2086; x_wconf 86' lang='lat' dir='ltr'>invidia,</span> <span class='ocrx_word' id='word_1_160' title='bbox 1037 2027 1097 2091; x_wconf 89' lang='lat' dir='ltr'>per</span> <span class='ocrx_word' id='word_1_161' title='bbox 1121 2028 1218 2091; x_wconf 90' lang='lat' dir='ltr'>quarn</span> <span class='ocrx_word' id='word_1_162' title='bbox 1242 2005 1329 2069; x_wconf 90' lang='lat' dir='ltr'>idem</span> <span class='ocrx_word' id='word_1_163' title='bbox 1353 2004 1501 2070; x_wconf 88' lang='lat' dir='ltr'>diabolus</span> <span class='ocrx_word' id='word_1_164' title='bbox 1523 2006 1687 2070; x_wconf 90' lang='lat' dir='ltr'>hominem</span> <span class='ocrx_word' id='word_1_165' title='bbox 1704 2005 1744 2069; x_wconf 90' lang='lat' dir='ltr'>de</span> <span class='ocrx_word' id='word_1_166' title='bbox 1760 2005 1923 2092; x_wconf 87' lang='lat' dir='ltr'>paradyso</span> <span class='ocrx_word' id='word_1_167' title='bbox 1941 2006 2053 2086; x_wconf 82' lang='lat' dir='ltr'>eiecit3</span> <span class='ocrx_word' id='word_1_168' title='bbox 2079 2004 2188 2068; x_wconf 91' lang='lat' dir='ltr'>odium</span> 
     </span>
     <span class='ocr_line' id='line_1_15' title="bbox 534 2111 2190 2198; baseline -0.001 -23"><span class='ocrx_word' id='word_1_169' title='bbox 534 2121 566 2175; x_wconf 91' lang='lat' dir='ltr'>et</span> <span class='ocrx_word' id='word_1_170' title='bbox 590 2111 763 2193; x_wconf 83' lang='lat' dir='ltr'>discordia,</span> <span class='ocrx_word' id='word_1_171' title='bbox 788 2134 871 2198; x_wconf 91' lang='lat' dir='ltr'>quae</span> <span class='ocrx_word' id='word_1_172' title='bbox 897 2112 1064 2175; x_wconf 91' lang='lat' dir='ltr'>caritatem</span> <span class='ocrx_word' id='word_1_173' title='bbox 1088 2113 1173 2174; x_wconf 91' lang='lat' dir='ltr'>inter</span> <span class='ocrx_word' id='word_1_174' title='bbox 1196 2113 1362 2196; x_wconf 87' lang='lat' dir='ltr'>proximos</span> <span class='ocrx_word' id='word_1_175' title='bbox 1386 2114 1558 2198; x_wconf 85' lang='lat' dir='ltr'>extingunt</span> <span class='ocrx_word' id='word_1_176' title='bbox 1582 2124 1614 2176; x_wconf 91' lang='lat' dir='ltr'>et</span> <span class='ocrx_word' id='word_1_177' title='bbox 1631 2111 1838 2176; x_wconf 89' lang='lat' dir='ltr'>dilectionem</span> <span class='ocrx_word' id='word_1_178' title='bbox 1855 2123 2016 2176; x_wconf 81' lang='lat' dir='ltr'>evacuant</span> <span class='ocrx_word' id='word_1_179' title='bbox 2033 2123 2065 2176; x_wconf 89' lang='lat' dir='ltr'>ct</span> <span class='ocrx_word' id='word_1_180' title='bbox 2080 2113 2190 2176; x_wconf 87' lang='lat' dir='ltr'>omnia</span> 
     </span>
     <span class='ocr_line' id='line_1_16' title="bbox 534 2217 2234 2305; baseline 0.002 -24"><span class='ocrx_word' id='word_1_181' title='bbox 534 2217 620 2282; x_wconf 91' lang='lat' dir='ltr'>bona</span> <span class='ocrx_word' id='word_1_182' title='bbox 642 2229 833 2304; x_wconf 87' lang='lat' dir='ltr'>pervertunt</span> <span class='ocrx_word' id='word_1_183' title='bbox 856 2229 888 2281; x_wconf 91' lang='lat' dir='ltr'>et</span> <span class='ocrx_word' id='word_1_184' title='bbox 911 2242 976 2282; x_wconf 90' lang='lat' dir='ltr'>uon</span> <span class='ocrx_word' id='word_1_185' title='bbox 1008 2220 1117 2281; x_wconf 88' lang='lat' dir='ltr'>sinunt</span> <span class='ocrx_word' id='word_1_186' title='bbox 1145 2219 1312 2304; x_wconf 88' lang='lat' dir='ltr'>proximos</span> <span class='ocrx_word' id='word_1_187' title='bbox 1343 2221 1376 2283; x_wconf 92' lang='lat' dir='ltr'>in</span> <span class='ocrx_word' id='word_1_188' title='bbox 1407 2229 1519 2283; x_wconf 89' lang='lat' dir='ltr'>mutua</span> <span class='ocrx_word' id='word_1_189' title='bbox 1550 2218 1723 2283; x_wconf 85' lang='lat' dir='ltr'>dilectione</span> <span class='ocrx_word' id='word_1_190' title='bbox 1755 2220 1932 2283; x_wconf 84' lang='lat' dir='ltr'>consistere</span> <span class='ocrx_word' id='word_1_191' title='bbox 1957 2240 2019 2282; x_wconf 90' lang='lat' dir='ltr'>nec</span> <span class='ocrx_word' id='word_1_192' title='bbox 2043 2219 2188 2305; x_wconf 87' lang='lat' dir='ltr'>quietam</span> <span class='ocrx_word' id='word_1_193' title='bbox 2208 2246 2234 2285; x_wconf 84' lang='lat' dir='ltr'>rs</span> 
     </span>
     <span class='ocr_line' id='line_1_17' title="bbox 533 2323 2187 2412; baseline 0 -24"><span class='ocrx_word' id='word_1_194' title='bbox 533 2325 816 2411; x_wconf 88' lang='lat' dir='ltr'>tranquillamque,</span> <span class='ocrx_word' id='word_1_195' title='bbox 840 2336 876 2388; x_wconf 91' lang='lat' dir='ltr'>ut</span> <span class='ocrx_word' id='word_1_196' title='bbox 900 2325 1055 2388; x_wconf 86' lang='lat' dir='ltr'>decuerat</span> <span class='ocrx_word' id='word_1_197' title='bbox 1075 2323 1288 2408; x_wconf 81' lang='lat' dir='ltr'>Christianos,</span> <span class='ocrx_word' id='word_1_198' title='bbox 1313 2328 1414 2390; x_wconf 83' lang='lat' dir='ltr'>vitam</span> <span class='ocrx_word' id='word_1_199' title='bbox 1438 2326 1568 2412; x_wconf 85' lang='lat' dir='ltr'>degere.</span> <span class='ocrx_word' id='word_1_200' title='bbox 1605 2326 1698 2407; x_wconf 77' lang='lat' dir='ltr'>Quae</span> <span class='ocrx_word' id='word_1_201' title='bbox 1722 2326 1797 2390; x_wconf 89' lang='lat' dir='ltr'>ideo</span> <span class='ocrx_word' id='word_1_202' title='bbox 1821 2323 2064 2412; x_wconf 89' lang='lat' dir='ltr'>periculosiora,</span> <span class='ocrx_word' id='word_1_203' title='bbox 2088 2325 2187 2388; x_wconf 89' lang='lat' dir='ltr'>immo</span> 
     </span>
     <span class='ocr_line' id='line_1_18' title="bbox 533 2431 2188 2518; baseline 0 -24"><span class='ocrx_word' id='word_1_204' title='bbox 533 2432 700 2495; x_wconf 87' lang='lat' dir='ltr'>mortifera</span> <span class='ocrx_word' id='word_1_205' title='bbox 724 2432 875 2512; x_wconf 64' lang='lat' dir='ltr'>diximus</span> <span class='ocrx_word' id='word_1_206' title='bbox 901 2432 1054 2517; x_wconf 91' lang='lat' dir='ltr'>quoniam</span> <span class='ocrx_word' id='word_1_207' title='bbox 1079 2442 1256 2496; x_wconf 87' lang='lat' dir='ltr'>sectatores</span> <span class='ocrx_word' id='word_1_208' title='bbox 1279 2432 1406 2496; x_wconf 89' lang='lat' dir='ltr'>illorum</span> <span class='ocrx_word' id='word_1_209' title='bbox 1431 2455 1471 2496; x_wconf 88' lang='lat' dir='ltr'>ca</span> <span class='ocrx_word' id='word_1_210' title='bbox 1494 2444 1638 2497; x_wconf 89' lang='lat' dir='ltr'>autnon</span> <span class='ocrx_word' id='word_1_211' title='bbox 1661 2432 1855 2518; x_wconf 86' lang='lat' dir='ltr'>intellegunt</span> <span class='ocrx_word' id='word_1_212' title='bbox 1878 2443 1934 2497; x_wconf 90' lang='lat' dir='ltr'>aut</span> <span class='ocrx_word' id='word_1_213' title='bbox 1957 2443 2045 2496; x_wconf 82' lang='lat' dir='ltr'>certe</span> <span class='ocrx_word' id='word_1_214' title='bbox 2063 2431 2188 2495; x_wconf 90' lang='lat' dir='ltr'>intelle·</span> 
     </span>
     <span class='ocr_line' id='line_1_19' title="bbox 533 2537 2188 2626; baseline 0.001 -25"><span class='ocrx_word' id='word_1_215' title='bbox 533 2561 611 2623; x_wconf 88' lang='lat' dir='ltr'>gere</span> <span class='ocrx_word' id='word_1_216' title='bbox 636 2537 855 2624; x_wconf 88' lang='lat' dir='ltr'>dedignantur</span> <span class='ocrx_word' id='word_1_217' title='bbox 878 2549 920 2620; x_wconf 90' lang='lat' dir='ltr'>et,</span> <span class='ocrx_word' id='word_1_218' title='bbox 945 2538 1023 2623; x_wconf 89' lang='lat' dir='ltr'>quia</span> <span class='ocrx_word' id='word_1_219' title='bbox 1046 2560 1086 2601; x_wconf 90' lang='lat' dir='ltr'>ea</span> <span class='ocrx_word' id='word_1_220' title='bbox 1109 2538 1383 2624; x_wconf 81' lang='lat' dir='ltr'>parvipendentes</span> <span class='ocrx_word' id='word_1_221' title='bbox 1407 2563 1466 2626; x_wconf 89' lang='lat' dir='ltr'>pro</span> <span class='ocrx_word' id='word_1_222' title='bbox 1490 2540 1540 2603; x_wconf 92' lang='lat' dir='ltr'>his</span> <span class='ocrx_word' id='word_1_223' title='bbox 1564 2540 1606 2603; x_wconf 94' lang='lat' dir='ltr'>ad</span> <span class='ocrx_word' id='word_1_224' title='bbox 1630 2540 1867 2604; x_wconf 87' lang='lat' dir='ltr'>confessionem</span> <span class='ocrx_word' id='word_1_225' title='bbox 1890 2562 1956 2603; x_wconf 90' lang='lat' dir='ltr'>non</span> <span class='ocrx_word' id='word_1_226' title='bbox 1971 2540 2116 2620; x_wconf 87' lang='lat' dir='ltr'>veniunt,</span> <span class='ocrx_word' id='word_1_227' title='bbox 2141 2538 2188 2602; x_wconf 92' lang='lat' dir='ltr'>id·</span> 
     </span>
     <span class='ocr_line' id='line_1_20' title="bbox 533 2646 1162 2709; baseline -0.002 0"><span class='ocrx_word' id='word_1_228' title='bbox 533 2646 620 2709; x_wconf 88' lang='lat' dir='ltr'>cireo</span> <span class='ocrx_word' id='word_1_229' title='bbox 644 2667 705 2708; x_wconf 90' lang='lat' dir='ltr'>nec</span> <span class='ocrx_word' id='word_1_230' title='bbox 730 2647 964 2709; x_wconf 89' lang='lat' dir='ltr'>correctionem</span> <span class='ocrx_word' id='word_1_231' title='bbox 988 2655 1162 2708; x_wconf 90' lang='lat' dir='ltr'>merentur.</span> 
     </span>
    </p>
   </div>
   <div class='ocr_carea' id='block_1_3' title="bbox 531 2768 2233 4031">
    <p class='ocr_par' dir='ltr' id='par_1_3' title="bbox 531 2768 2233 4031">
     <span class='ocr_line' id='line_1_21' title="bbox 640 2768 2233 2857; baseline 0 -24"><span class='ocrx_word' id='word_1_232' title='bbox 640 2769 743 2856; x_wconf 88' lang='lat' dir='ltr'>Cap.</span> <span class='ocrx_word' id='word_1_233' title='bbox 768 2769 811 2833; x_wconf 89' lang='grc' dir='ltr'>ΙΙ.</span> <span class='ocrx_word' id='word_1_234' title='bbox 859 2768 990 2850; x_wconf 77' lang='lat' dir='ltr'>Quod</span> <span class='ocrx_word' id='word_1_235' title='bbox 1020 2769 1324 2834; x_wconf 87' lang='lat' dir='ltr'>universalis</span> <span class='ocrx_word' id='word_1_236' title='bbox 1355 2782 1524 2835; x_wconf 88' lang='lat' dir='ltr'>sancta</span> <span class='ocrx_word' id='word_1_237' title='bbox 1553 2771 1632 2835; x_wconf 90' lang='lat' dir='ltr'>Dei</span> <span class='ocrx_word' id='word_1_238' title='bbox 1663 2770 1855 2835; x_wconf 90' lang='lat' dir='ltr'>ecclesia</span> <span class='ocrx_word' id='word_1_239' title='bbox 1884 2794 2004 2834; x_wconf 90' lang='lat' dir='ltr'>unum</span> <span class='ocrx_word' id='word_1_240' title='bbox 2035 2793 2233 2857; x_wconf 83' lang='lat' dir='ltr'>corpusao</span> 
     </span>
     <span class='ocr_line' id='line_1_22' title="bbox 535 2876 2187 2963; baseline 0 -22"><span class='ocrx_word' id='word_1_241' title='bbox 535 2879 735 2963; x_wconf 89' lang='lat' dir='ltr'>eiusque</span> <span class='ocrx_word' id='word_1_242' title='bbox 771 2886 913 2962; x_wconf 90' lang='lat' dir='ltr'>caput</span> <span class='ocrx_word' id='word_1_243' title='bbox 949 2876 1174 2940; x_wconf 87' lang='lat' dir='ltr'>Christus</span> <span class='ocrx_word' id='word_1_244' title='bbox 1210 2877 1282 2940; x_wconf 90' lang='lat' dir='ltr'>sit.</span> <span class='ocrx_word' id='word_1_245' title='bbox 1330 2877 1496 2941; x_wconf 89' lang='lat' dir='ltr'>Primuml</span> <span class='ocrx_word' id='word_1_246' title='bbox 1520 2879 1627 2962; x_wconf 87' lang='lat' dir='ltr'>igitur,</span> <span class='ocrx_word' id='word_1_247' title='bbox 1657 2876 1744 2963; x_wconf 91' lang='lat' dir='ltr'>quod</span> <span class='ocrx_word' id='word_1_248' title='bbox 1767 2877 1961 2942; x_wconf 83' lang='lat' dir='ltr'>universalis</span> <span class='ocrx_word' id='word_1_249' title='bbox 1985 2889 2098 2941; x_wconf 89' lang='lat' dir='ltr'>sancta</span> <span class='ocrx_word' id='word_1_250' title='bbox 2121 2877 2187 2941; x_wconf 92' lang='lat' dir='ltr'>Dei</span> 
     </span>
     <span class='ocr_line' id='line_1_23' title="bbox 534 2982 2186 3071; baseline -0.001 -23"><span class='ocrx_word' id='word_1_251' title='bbox 534 2983 675 3049; x_wconf 88' lang='lat' dir='ltr'>ecclesia</span> <span class='ocrx_word' id='word_1_252' title='bbox 706 3006 806 3047; x_wconf 90' lang='lat' dir='ltr'>unum</span> <span class='ocrx_word' id='word_1_253' title='bbox 831 3006 948 3069; x_wconf 90' lang='lat' dir='ltr'>corpus</span> <span class='ocrx_word' id='word_1_254' title='bbox 972 2982 1142 3046; x_wconf 88' lang='lat' dir='ltr'>manifeste</span> <span class='ocrx_word' id='word_1_255' title='bbox 1168 3005 1239 3047; x_wconf 90' lang='lat' dir='ltr'>esse</span> <span class='ocrx_word' id='word_1_256' title='bbox 1265 2983 1417 3047; x_wconf 90' lang='lat' dir='ltr'>credatur</span> <span class='ocrx_word' id='word_1_257' title='bbox 1440 2985 1575 3070; x_wconf 90' lang='lat' dir='ltr'>eiusque</span> <span class='ocrx_word' id='word_1_258' title='bbox 1600 2995 1698 3071; x_wconf 91' lang='lat' dir='ltr'>caput</span> <span class='ocrx_word' id='word_1_259' title='bbox 1722 2983 1881 3065; x_wconf 86' lang='lat' dir='ltr'>Christus,</span> <span class='ocrx_word' id='word_1_260' title='bbox 1910 2983 2097 3069; x_wconf 89' lang='lat' dir='ltr'>apostolicis</span> <span class='ocrx_word' id='word_1_261' title='bbox 2117 3006 2186 3047; x_wconf 91' lang='lat' dir='ltr'>ora-</span> 
     </span>
     <span class='ocr_line' id='line_1_24' title="bbox 534 3088 2187 3179; baseline -0.001 -23"><span class='ocrx_word' id='word_1_262' title='bbox 534 3090 615 3156; x_wconf 90' lang='lat' dir='ltr'>culis</span> <span class='ocrx_word' id='word_1_263' title='bbox 640 3088 869 3177; x_wconf 89' lang='lat' dir='ltr'>adprobamus.</span> <span class='ocrx_word' id='word_1_264' title='bbox 909 3089 1005 3153; x_wconf 89' lang='lat' dir='ltr'>Unde</span> <span class='ocrx_word' id='word_1_265' title='bbox 1029 3089 1166 3153; x_wconf 90' lang='lat' dir='ltr'>Paulus:</span> <span class='ocrx_word' id='word_1_266' title='bbox 1200 3091 1259 3154; x_wconf 79' lang='lat' dir='ltr'>Vos</span> <span class='ocrx_word' id='word_1_267' title='bbox 1282 3105 1384 3155; x_wconf 70' lang='lat' dir='ltr'>ariam</span> <span class='ocrx_word' id='word_1_268' title='bbox 1408 3095 1491 3172; x_wconf 85' lang='lat' dir='ltr'>estis,</span> <span class='ocrx_word' id='word_1_269' title='bbox 1514 3092 1628 3177; x_wconf 91' lang='lat' dir='ltr'>inquit,</span> <span class='ocrx_word' id='word_1_270' title='bbox 1653 3117 1767 3179; x_wconf 72' lang='lat' dir='ltr'>corpas</span> <span class='ocrx_word' id='word_1_271' title='bbox 1794 3091 1918 3157; x_wconf 77' lang='lat' dir='ltr'>Christi</span> <span class='ocrx_word' id='word_1_272' title='bbox 1938 3106 1966 3155; x_wconf 86' lang='lat' dir='ltr'>et</span> <span class='ocrx_word' id='word_1_273' title='bbox 1987 3093 2125 3155; x_wconf 80' lang='lat' dir='ltr'>menrhra</span> <span class='ocrx_word' id='word_1_274' title='bbox 2150 3091 2187 3154; x_wconf 85' lang='lat' dir='ltr'>de</span> 
     </span>
     <span class='ocr_line' id='line_1_25' title="bbox 533 3197 2186 3284; baseline -0.001 -22"><span class='ocrx_word' id='word_1_275' title='bbox 533 3201 687 3280; x_wconf 59' lang='lat' dir='ltr'>aretati-03</span> <span class='ocrx_word' id='word_1_276' title='bbox 722 3198 881 3282; x_wconf 88' lang='lat' dir='ltr'>itemque:</span> <span class='ocrx_word' id='word_1_277' title='bbox 919 3197 1009 3261; x_wconf 79' lang='lat' dir='ltr'>Sr&#39;eut</span> <span class='ocrx_word' id='word_1_278' title='bbox 1041 3200 1123 3261; x_wconf 84' lang='lat' dir='ltr'>euim</span> <span class='ocrx_word' id='word_1_279' title='bbox 1156 3200 1189 3261; x_wconf 85' lang='lat' dir='ltr'>ia</span> <span class='ocrx_word' id='word_1_280' title='bbox 1222 3223 1281 3261; x_wconf 74' lang='lat' dir='ltr'>rino</span> <span class='ocrx_word' id='word_1_281' title='bbox 1312 3223 1441 3284; x_wconf 81' lang='lat' dir='ltr'>corpore</span> <span class='ocrx_word' id='word_1_282' title='bbox 1469 3200 1565 3262; x_wconf 73' lang='lat' dir='ltr'>turrita</span> <span class='ocrx_word' id='word_1_283' title='bbox 1597 3202 1734 3264; x_wconf 73' lang='lat' dir='ltr'>irrerahro</span> <span class='ocrx_word' id='word_1_284' title='bbox 1763 3200 1921 3279; x_wconf 84' lang='lat' dir='ltr'>habemus,</span> <span class='ocrx_word' id='word_1_285' title='bbox 1949 3200 2055 3263; x_wconf 83' lang='lat' dir='ltr'>omnio</span> <span class='ocrx_word' id='word_1_286' title='bbox 2085 3213 2186 3262; x_wconf 68' lang='lat' dir='ltr'>aretem</span> 
     </span>
     <span class='ocr_line' id='line_1_26' title="bbox 535 3304 2232 3392; baseline -0.001 -24"><span class='ocrx_word' id='word_1_287' title='bbox 535 3308 671 3370; x_wconf 83' lang='lat' dir='ltr'>membra</span> <span class='ocrx_word' id='word_1_288' title='bbox 696 3331 756 3368; x_wconf 85' lang='lat' dir='ltr'>non</span> <span class='ocrx_word' id='word_1_289' title='bbox 779 3304 908 3368; x_wconf 81' lang='lat' dir='ltr'>errndem</span> <span class='ocrx_word' id='word_1_290' title='bbox 933 3319 1035 3367; x_wconf 79' lang='lat' dir='ltr'>acirim</span> <span class='ocrx_word' id='word_1_291' title='bbox 1059 3305 1180 3383; x_wconf 79' lang='lat' dir='ltr'>hubent,</span> <span class='ocrx_word' id='word_1_292' title='bbox 1207 3308 1250 3368; x_wconf 85' lang='lat' dir='ltr'>ita</span> <span class='ocrx_word' id='word_1_293' title='bbox 1274 3306 1368 3369; x_wconf 74' lang='lat' dir='ltr'>ueniti</span> <span class='ocrx_word' id='word_1_294' title='bbox 1391 3330 1483 3368; x_wconf 71' lang='lat' dir='ltr'>aarum</span> <span class='ocrx_word' id='word_1_295' title='bbox 1508 3331 1622 3392; x_wconf 79' lang='lat' dir='ltr'>corpus</span> <span class='ocrx_word' id='word_1_296' title='bbox 1637 3331 1743 3370; x_wconf 76' lang='lat' dir='ltr'>seimus</span> <span class='ocrx_word' id='word_1_297' title='bbox 1761 3309 1792 3370; x_wconf 85' lang='lat' dir='ltr'>in</span> <span class='ocrx_word' id='word_1_298' title='bbox 1814 3307 1956 3386; x_wconf 70' lang='lat' dir='ltr'>Cirriato5</span> <span class='ocrx_word' id='word_1_299' title='bbox 1979 3305 2072 3368; x_wconf 87' lang='lat' dir='ltr'>item:</span> <span class='ocrx_word' id='word_1_300' title='bbox 2098 3307 2187 3369; x_wconf 83' lang='lat' dir='ltr'>cuins</span> <span class='ocrx_word' id='word_1_301' title='bbox 2203 3328 2232 3367; x_wconf 72' lang='lat' dir='ltr'>aa</span> 
     </span>
     <span class='ocr_line' id='line_1_27' title="bbox 533 3413 2186 3498; baseline -0.001 -22"><span class='ocrx_word' id='word_1_302' title='bbox 533 3428 627 3498; x_wconf 81' lang='lat' dir='ltr'>ceput</span> <span class='ocrx_word' id='word_1_303' title='bbox 654 3413 808 3491; x_wconf 78' lang='lat' dir='ltr'>Christrm,</span> <span class='ocrx_word' id='word_1_304' title='bbox 833 3437 871 3474; x_wconf 75' lang='lat' dir='ltr'>er</span> <span class='ocrx_word' id='word_1_305' title='bbox 893 3437 953 3496; x_wconf 83' lang='lat' dir='ltr'>quo</span> <span class='ocrx_word' id='word_1_306' title='bbox 978 3425 1070 3474; x_wconf 83' lang='lat' dir='ltr'>totam</span> <span class='ocrx_word' id='word_1_307' title='bbox 1096 3436 1209 3497; x_wconf 74' lang='lat' dir='ltr'>corpus</span> <span class='ocrx_word' id='word_1_308' title='bbox 1227 3437 1290 3497; x_wconf 78' lang='lat' dir='ltr'>per</span> <span class='ocrx_word' id='word_1_309' title='bbox 1312 3437 1410 3476; x_wconf 77' lang='lat' dir='ltr'>aeras</span> <span class='ocrx_word' id='word_1_310' title='bbox 1434 3427 1462 3476; x_wconf 88' lang='lat' dir='ltr'>et</span> <span class='ocrx_word' id='word_1_311' title='bbox 1485 3416 1716 3477; x_wconf 66' lang='lat' dir='ltr'>conclamationes</span> <span class='ocrx_word' id='word_1_312' title='bbox 1738 3413 1996 3477; x_wconf 73' lang='lat' dir='ltr'>ordininietruturn</span> <span class='ocrx_word' id='word_1_313' title='bbox 2020 3414 2131 3476; x_wconf 79' lang='lat' dir='ltr'>crearit</span> <span class='ocrx_word' id='word_1_314' title='bbox 2154 3414 2186 3474; x_wconf 80' lang='lat' dir='ltr'>iu</span> 
     </span>
     <span class='ocr_line' id='line_1_28' title="bbox 533 3515 2186 3605; baseline -0.002 -22"><span class='ocrx_word' id='word_1_315' title='bbox 533 3520 679 3605; x_wconf 75' lang='lat' dir='ltr'>ternplum</span> <span class='ocrx_word' id='word_1_316' title='bbox 699 3533 839 3582; x_wconf 71' lang='lat' dir='ltr'>astrictum</span> <span class='ocrx_word' id='word_1_317' title='bbox 864 3520 898 3580; x_wconf 83' lang='lat' dir='ltr'>ia</span> <span class='ocrx_word' id='word_1_318' title='bbox 915 3518 1061 3582; x_wconf 80' lang='lat' dir='ltr'>Doraino.</span> <span class='ocrx_word' id='word_1_319' title='bbox 1099 3517 1181 3580; x_wconf 86' lang='lat' dir='ltr'>Sunt</span> <span class='ocrx_word' id='word_1_320' title='bbox 1205 3528 1237 3580; x_wconf 88' lang='lat' dir='ltr'>et</span> <span class='ocrx_word' id='word_1_321' title='bbox 1260 3517 1324 3582; x_wconf 90' lang='lat' dir='ltr'>alia</span> <span class='ocrx_word' id='word_1_322' title='bbox 1348 3517 1482 3582; x_wconf 86' lang='lat' dir='ltr'>huiusce</span> <span class='ocrx_word' id='word_1_323' title='bbox 1507 3518 1554 3581; x_wconf 92' lang='lat' dir='ltr'>rei</span> <span class='ocrx_word' id='word_1_324' title='bbox 1579 3520 1750 3582; x_wconf 87' lang='lat' dir='ltr'>innumera</span> <span class='ocrx_word' id='word_1_325' title='bbox 1774 3516 1935 3603; x_wconf 88' lang='lat' dir='ltr'>exempla,</span> <span class='ocrx_word' id='word_1_326' title='bbox 1960 3540 2043 3604; x_wconf 89' lang='lat' dir='ltr'>quae</span> <span class='ocrx_word' id='word_1_327' title='bbox 2067 3517 2120 3581; x_wconf 93' lang='lat' dir='ltr'>hic</span> <span class='ocrx_word' id='word_1_328' title='bbox 2144 3515 2186 3580; x_wconf 91' lang='lat' dir='ltr'>ob</span> 
     </span>
     <span class='ocr_line' id='line_1_29' title="bbox 532 3622 2186 3711; baseline -0.001 -23"><span class='ocrx_word' id='word_1_329' title='bbox 532 3624 751 3711; x_wconf 84' lang='lat' dir='ltr'>prolixitatem</span> <span class='ocrx_word' id='word_1_330' title='bbox 775 3623 943 3688; x_wconf 90' lang='lat' dir='ltr'>vitandam</span> <span class='ocrx_word' id='word_1_331' title='bbox 967 3625 1276 3709; x_wconf 89' lang='lat' dir='ltr'>praetermittuntur.</span> <span class='ocrx_word' id='word_1_332' title='bbox 1324 3624 1480 3710; x_wconf 78' lang='lat' dir='ltr'>Quisquis</span> <span class='ocrx_word' id='word_1_333' title='bbox 1504 3647 1582 3711; x_wconf 91' lang='lat' dir='ltr'>ergo</span> <span class='ocrx_word' id='word_1_334' title='bbox 1605 3648 1665 3711; x_wconf 92' lang='lat' dir='ltr'>per</span> <span class='ocrx_word' id='word_1_335' title='bbox 1688 3625 1799 3711; x_wconf 89' lang='lat' dir='ltr'>aliqua</span> <span class='ocrx_word' id='word_1_336' title='bbox 1826 3625 1951 3688; x_wconf 91' lang='lat' dir='ltr'>inlicita</span> <span class='ocrx_word' id='word_1_337' title='bbox 1974 3646 2017 3688; x_wconf 77' lang='lat' dir='ltr'>ex</span> <span class='ocrx_word' id='word_1_338' title='bbox 2040 3622 2186 3687; x_wconf 88' lang='lat' dir='ltr'>membro</span> 
     </span>
     <span class='ocr_line' id='line_1_30' title="bbox 532 3730 2186 3818; baseline -0.001 -23"><span class='ocrx_word' id='word_1_339' title='bbox 532 3731 653 3795; x_wconf 86' lang='lat' dir='ltr'>Christi</span> <span class='ocrx_word' id='word_1_340' title='bbox 670 3754 704 3794; x_wconf 90' lang='lat' dir='ltr'>se</span> <span class='ocrx_word' id='word_1_341' title='bbox 721 3732 800 3795; x_wconf 86' lang='lat' dir='ltr'>socit</span> <span class='ocrx_word' id='word_1_342' title='bbox 814 3730 995 3795; x_wconf 89' lang='lat' dir='ltr'>membrum</span> <span class='ocrx_word' id='word_1_343' title='bbox 1020 3730 1141 3794; x_wconf 92' lang='lat' dir='ltr'>diaboli</span> <span class='ocrx_word' id='word_1_344' title='bbox 1165 3732 1294 3794; x_wconf 88' lang='lat' dir='ltr'>noverit</span> <span class='ocrx_word' id='word_1_345' title='bbox 1317 3754 1351 3795; x_wconf 92' lang='lat' dir='ltr'>se</span> <span class='ocrx_word' id='word_1_346' title='bbox 1375 3755 1440 3796; x_wconf 91' lang='lat' dir='ltr'>uon</span> <span class='ocrx_word' id='word_1_347' title='bbox 1465 3733 1499 3795; x_wconf 89' lang='lat' dir='ltr'>in</span> <span class='ocrx_word' id='word_1_348' title='bbox 1522 3755 1657 3818; x_wconf 91' lang='lat' dir='ltr'>corpore</span> <span class='ocrx_word' id='word_1_349' title='bbox 1674 3730 1806 3812; x_wconf 89' lang='lat' dir='ltr'>Christi,</span> <span class='ocrx_word' id='word_1_350' title='bbox 1831 3731 1938 3795; x_wconf 89' lang='lat' dir='ltr'>sedin</span> <span class='ocrx_word' id='word_1_351' title='bbox 1955 3753 2090 3816; x_wconf 87' lang='lat' dir='ltr'>corpore</span> <span class='ocrx_word' id='word_1_352' title='bbox 2115 3752 2186 3795; x_wconf 88' lang='lat' dir='ltr'>esse</span> 
     </span>
     <span class='ocr_line' id='line_1_31' title="bbox 532 3836 2232 3924; baseline -0.001 -23"><span class='ocrx_word' id='word_1_353' title='bbox 532 3836 663 3902; x_wconf 89' lang='lat' dir='ltr'>diaboli.</span> <span class='ocrx_word' id='word_1_354' title='bbox 709 3837 851 3901; x_wconf 85' lang='lat' dir='ltr'>Proinde</span> <span class='ocrx_word' id='word_1_355' title='bbox 875 3860 1010 3901; x_wconf 90' lang='lat' dir='ltr'>necesse</span> <span class='ocrx_word' id='word_1_356' title='bbox 1035 3848 1093 3918; x_wconf 89' lang='lat' dir='ltr'>est,</span> <span class='ocrx_word' id='word_1_357' title='bbox 1125 3848 1160 3901; x_wconf 89' lang='lat' dir='ltr'>ut</span> <span class='ocrx_word' id='word_1_358' title='bbox 1190 3840 1319 3923; x_wconf 89' lang='lat' dir='ltr'>corpori</span> <span class='ocrx_word' id='word_1_359' title='bbox 1344 3837 1474 3916; x_wconf 88' lang='lat' dir='ltr'>Christi,</span> <span class='ocrx_word' id='word_1_360' title='bbox 1506 3861 1526 3902; x_wconf 89' lang='lat' dir='ltr'>a</span> <span class='ocrx_word' id='word_1_361' title='bbox 1558 3861 1621 3924; x_wconf 89' lang='lat' dir='ltr'>quo</span> <span class='ocrx_word' id='word_1_362' title='bbox 1649 3849 1721 3902; x_wconf 89' lang='lat' dir='ltr'>astu</span> <span class='ocrx_word' id='word_1_363' title='bbox 1745 3837 1907 3903; x_wconf 88' lang='lat' dir='ltr'>diabolico</span> <span class='ocrx_word' id='word_1_364' title='bbox 1932 3847 2102 3923; x_wconf 86' lang='lat' dir='ltr'>separatus</span> <span class='ocrx_word' id='word_1_365' title='bbox 2126 3850 2185 3918; x_wconf 90' lang='lat' dir='ltr'>est,</span> <span class='ocrx_word' id='word_1_366' title='bbox 2205 3861 2232 3901; x_wconf 82' lang='lat' dir='ltr'>so</span> 
     </span>
     <span class='ocr_line' id='line_1_32' title="bbox 531 3943 2183 4031; baseline -0.001 -24"><span class='ocrx_word' id='word_1_367' title='bbox 531 3968 566 4008; x_wconf 89' lang='lat' dir='ltr'>sc</span> <span class='ocrx_word' id='word_1_368' title='bbox 591 3947 826 4022; x_wconf 87' lang='lat' dir='ltr'>incunctanter,</span> <span class='ocrx_word' id='word_1_369' title='bbox 851 3943 929 4007; x_wconf 89' lang='lat' dir='ltr'>dum</span> <span class='ocrx_word' id='word_1_370' title='bbox 952 3956 1080 4030; x_wconf 89' lang='lat' dir='ltr'>tempus</span> <span class='ocrx_word' id='word_1_371' title='bbox 1104 3945 1323 4029; x_wconf 88' lang='lat' dir='ltr'>paenitentiae</span> <span class='ocrx_word' id='word_1_372' title='bbox 1347 3947 1556 4031; x_wconf 89' lang='lat' dir='ltr'>inpromptu</span> <span class='ocrx_word' id='word_1_373' title='bbox 1580 3944 1728 4026; x_wconf 90' lang='lat' dir='ltr'>habetur,</span> <span class='ocrx_word' id='word_1_374' title='bbox 1752 3947 1924 4010; x_wconf 87' lang='lat' dir='ltr'>restituere</span> <span class='ocrx_word' id='word_1_375' title='bbox 1940 3967 2006 4008; x_wconf 91' lang='lat' dir='ltr'>non</span> <span class='ocrx_word' id='word_1_376' title='bbox 2021 3943 2183 4029; x_wconf 87' lang='lat' dir='ltr'>neglegat.</span> 
     </span>
    </p>
   </div>
   <div class='ocr_carea' id='block_1_4' title="bbox 530 4068 2231 4690">
    <p class='ocr_par' dir='ltr' id='par_1_4' title="bbox 530 4068 2231 4690">
     <span class='ocr_line' id='line_1_33' title="bbox 638 4068 2184 4155; baseline -0.001 -21"><span class='ocrx_word' id='word_1_377' title='bbox 638 4069 741 4154; x_wconf 86' lang='lat' dir='ltr'>Cap.</span> <span class='ocrx_word' id='word_1_378' title='bbox 772 4068 833 4131; x_wconf 90' lang='grc' dir='ltr'>ΠΙ.</span> <span class='ocrx_word' id='word_1_379' title='bbox 875 4068 1005 4148; x_wconf 81' lang='lat' dir='ltr'>Quod</span> <span class='ocrx_word' id='word_1_380' title='bbox 1038 4068 1250 4132; x_wconf 89' lang='lat' dir='ltr'>ciusdem</span> <span class='ocrx_word' id='word_1_381' title='bbox 1282 4070 1530 4133; x_wconf 89' lang='lat' dir='ltr'>ecclesiae</span> <span class='ocrx_word' id='word_1_382' title='bbox 1562 4092 1734 4155; x_wconf 88' lang='lat' dir='ltr'>corpus</span> <span class='ocrx_word' id='word_1_383' title='bbox 1770 4072 1813 4133; x_wconf 90' lang='lat' dir='ltr'>in</span> <span class='ocrx_word' id='word_1_384' title='bbox 1843 4068 2023 4134; x_wconf 85' lang='lat' dir='ltr'>duabus</span> <span class='ocrx_word' id='word_1_385' title='bbox 2053 4070 2184 4154; x_wconf 92' lang='lat' dir='ltr'>prin·</span> 
     </span>
     <span class='ocr_line' id='line_1_34' title="bbox 531 4175 2184 4262; baseline -0.002 -20"><span class='ocrx_word' id='word_1_386' title='bbox 531 4176 768 4262; x_wconf 85' lang='lat' dir='ltr'>cipaliter</span> <span class='ocrx_word' id='word_1_387' title='bbox 809 4175 1063 4240; x_wconf 84' lang='lat' dir='ltr'>dividatur</span> <span class='ocrx_word' id='word_1_388' title='bbox 1105 4176 1301 4240; x_wconf 86' lang='lat' dir='ltr'>eximiis</span> <span class='ocrx_word' id='word_1_389' title='bbox 1341 4178 1576 4262; x_wconf 87' lang='lat' dir='ltr'>personis.</span> <span class='ocrx_word' id='word_1_390' title='bbox 1639 4176 1892 4262; x_wconf 74' lang='lat' dir='ltr'>Principaliter²</span> <span class='ocrx_word' id='word_1_391' title='bbox 1933 4177 2043 4261; x_wconf 87' lang='lat' dir='ltr'>itaque</span> <span class='ocrx_word' id='word_1_392' title='bbox 2086 4177 2184 4239; x_wconf 89' lang='lat' dir='ltr'>totius</span> 
     </span>
     <span class='ocr_line' id='line_1_35' title="bbox 531 4281 2186 4369; baseline -0.001 -22"><span class='ocrx_word' id='word_1_393' title='bbox 531 4296 663 4348; x_wconf 90' lang='lat' dir='ltr'>sanctae</span> <span class='ocrx_word' id='word_1_394' title='bbox 687 4283 753 4347; x_wconf 90' lang='lat' dir='ltr'>Dei</span> <span class='ocrx_word' id='word_1_395' title='bbox 784 4282 941 4346; x_wconf 87' lang='lat' dir='ltr'>ecclesiae</span> <span class='ocrx_word' id='word_1_396' title='bbox 974 4305 1091 4368; x_wconf 90' lang='lat' dir='ltr'>corpus</span> <span class='ocrx_word' id='word_1_397' title='bbox 1120 4284 1154 4346; x_wconf 91' lang='lat' dir='ltr'>in</span> <span class='ocrx_word' id='word_1_398' title='bbox 1186 4282 1268 4346; x_wconf 87' lang='lat' dir='ltr'>duas</span> <span class='ocrx_word' id='word_1_399' title='bbox 1299 4284 1436 4347; x_wconf 87' lang='lat' dir='ltr'>eximias</span> <span class='ocrx_word' id='word_1_400' title='bbox 1460 4306 1626 4369; x_wconf 76' lang='lat' dir='ltr'>persensa,</span> <span class='ocrx_word' id='word_1_401' title='bbox 1658 4284 1691 4345; x_wconf 91' lang='lat' dir='ltr'>in</span> <span class='ocrx_word' id='word_1_402' title='bbox 1716 4282 1952 4346; x_wconf 90' lang='lat' dir='ltr'>sacerdotalem</span> <span class='ocrx_word' id='word_1_403' title='bbox 1975 4281 2130 4346; x_wconf 83' lang='lat' dir='ltr'>videlicet</span> <span class='ocrx_word' id='word_1_404' title='bbox 2153 4295 2186 4345; x_wconf 94' lang='lat' dir='ltr'>et</span> 
     </span>
     <span class='ocr_line' id='line_1_36' title="bbox 531 4388 2231 4476; baseline -0.001 -23"><span class='ocrx_word' id='word_1_405' title='bbox 531 4391 685 4476; x_wconf 84' lang='lat' dir='ltr'>regalem,</span> <span class='ocrx_word' id='word_1_406' title='bbox 710 4392 794 4454; x_wconf 88' lang='lat' dir='ltr'>sicut</span> <span class='ocrx_word' id='word_1_407' title='bbox 817 4413 837 4454; x_wconf 89' lang='lat' dir='ltr'>a</span> <span class='ocrx_word' id='word_1_408' title='bbox 861 4390 981 4453; x_wconf 90' lang='lat' dir='ltr'>sanctis</span> <span class='ocrx_word' id='word_1_409' title='bbox 1005 4388 1152 4476; x_wconf 87' lang='lat' dir='ltr'>patribus</span> <span class='ocrx_word' id='word_1_410' title='bbox 1176 4389 1331 4454; x_wconf 92' lang='lat' dir='ltr'>traditum</span> <span class='ocrx_word' id='word_1_411' title='bbox 1354 4392 1550 4476; x_wconf 90' lang='lat' dir='ltr'>accepimus,</span> <span class='ocrx_word' id='word_1_412' title='bbox 1575 4389 1716 4454; x_wconf 89' lang='lat' dir='ltr'>divisum</span> <span class='ocrx_word' id='word_1_413' title='bbox 1741 4411 1813 4453; x_wconf 89' lang='lat' dir='ltr'>esse</span> <span class='ocrx_word' id='word_1_414' title='bbox 1835 4390 1996 4452; x_wconf 85' lang='lat' dir='ltr'>novimus.</span> <span class='ocrx_word' id='word_1_415' title='bbox 2042 4388 2095 4452; x_wconf 89' lang='lat' dir='ltr'>De</span> <span class='ocrx_word' id='word_1_416' title='bbox 2120 4411 2186 4474; x_wconf 87' lang='lat' dir='ltr'>qua</span> <span class='ocrx_word' id='word_1_417' title='bbox 2203 4409 2231 4450; x_wconf 76' lang='lat' dir='ltr'>aa</span> 
     </span>
     <span class='ocr_line' id='line_1_37' title="bbox 531 4493 2183 4583; baseline 0 -23"><span class='ocrx_word' id='word_1_418' title='bbox 531 4521 566 4560; x_wconf 92' lang='lat' dir='ltr'>re</span> <span class='ocrx_word' id='word_1_419' title='bbox 584 4496 735 4563; x_wconf 85' lang='lat' dir='ltr'>Gelasius</span> <span class='ocrx_word' id='word_1_420' title='bbox 752 4498 896 4560; x_wconf 85' lang='lat' dir='ltr'>Romane</span> <span class='ocrx_word' id='word_1_421' title='bbox 921 4496 1007 4560; x_wconf 87' lang='lat' dir='ltr'>sedis</span> <span class='ocrx_word' id='word_1_422' title='bbox 1031 4495 1228 4560; x_wconf 86' lang='lat' dir='ltr'>venerabilis</span> <span class='ocrx_word' id='word_1_423' title='bbox 1253 4498 1425 4583; x_wconf 89' lang='lat' dir='ltr'>episcopus</span> <span class='ocrx_word' id='word_1_424' title='bbox 1449 4496 1491 4560; x_wconf 92' lang='lat' dir='ltr'>ad</span> <span class='ocrx_word' id='word_1_425' title='bbox 1506 4496 1717 4560; x_wconf 84' lang='lat' dir='ltr'>Anastasium</span> <span class='ocrx_word' id='word_1_426' title='bbox 1733 4498 1962 4582; x_wconf 89' lang='lat' dir='ltr'>imperatorem</span> <span class='ocrx_word' id='word_1_427' title='bbox 1985 4496 2031 4559; x_wconf 88' lang='lat' dir='ltr'>ita</span> <span class='ocrx_word' id='word_1_428' title='bbox 2054 4493 2183 4560; x_wconf 86' lang='lat' dir='ltr'>scribit:</span> 
     </span>
     <span class='ocr_line' id='line_1_38' title="bbox 530 4604 2186 4690; baseline -0.002 -22"><span class='ocrx_word' id='word_1_429' title='bbox 530 4609 634 4668; x_wconf 80' lang='lat' dir='ltr'>Duae3</span> <span class='ocrx_word' id='word_1_430' title='bbox 658 4623 721 4668; x_wconf 81' lang='lat' dir='ltr'>srmt</span> <span class='ocrx_word' id='word_1_431' title='bbox 743 4615 857 4684; x_wconf 79' lang='lat' dir='ltr'>quippe,</span> <span class='ocrx_word' id='word_1_432' title='bbox 880 4604 995 4690; x_wconf 86' lang='lat' dir='ltr'>inquit,</span> <span class='ocrx_word' id='word_1_433' title='bbox 1020 4614 1208 4683; x_wconf 80' lang='lat' dir='ltr'>imperatrices</span> <span class='ocrx_word' id='word_1_434' title='bbox 1224 4621 1368 4685; x_wconf 85' lang='lat' dir='ltr'>augustae,</span> <span class='ocrx_word' id='word_1_435' title='bbox 1391 4613 1490 4683; x_wconf 89' lang='lat' dir='ltr'>quibus</span> <span class='ocrx_word' id='word_1_436' title='bbox 1506 4613 1695 4682; x_wconf 86' lang='lat' dir='ltr'>principaliter</span> <span class='ocrx_word' id='word_1_437' title='bbox 1709 4614 1825 4666; x_wconf 89' lang='lat' dir='ltr'>mundus</span> <span class='ocrx_word' id='word_1_438' title='bbox 1839 4612 1883 4666; x_wconf 91' lang='lat' dir='ltr'>hic</span> <span class='ocrx_word' id='word_1_439' title='bbox 1901 4612 2015 4683; x_wconf 85' lang='lat' dir='ltr'>regitur,</span> <span class='ocrx_word' id='word_1_440' title='bbox 2037 4612 2186 4666; x_wconf 84' lang='lat' dir='ltr'>auctoritas</span> 
     </span>
    </p>
   </div>
   <div class='ocr_carea' id='block_1_5' title="bbox 530 4719 2230 5010">
    <p class='ocr_par' dir='ltr' id='par_1_5' title="bbox 530 4719 2230 5010">
     <span class='ocr_line' id='line_1_39' title="bbox 531 4719 2184 4792; baseline -0.001 -18"><span class='ocrx_word' id='word_1_441' title='bbox 531 4730 638 4774; x_wconf 86' lang='lat' dir='ltr'>sacrata</span> <span class='ocrx_word' id='word_1_442' title='bbox 661 4720 821 4792; x_wconf 87' lang='lat' dir='ltr'>pontificum</span> <span class='ocrx_word' id='word_1_443' title='bbox 845 4729 873 4774; x_wconf 92' lang='lat' dir='ltr'>et</span> <span class='ocrx_word' id='word_1_444' title='bbox 895 4720 997 4792; x_wconf 87' lang='lat' dir='ltr'>regalis</span> <span class='ocrx_word' id='word_1_445' title='bbox 1019 4726 1152 4789; x_wconf 71' lang='lat' dir='ltr'>prtestaa,</span> <span class='ocrx_word' id='word_1_446' title='bbox 1176 4720 1202 4773; x_wconf 87' lang='lat' dir='ltr'>in</span> <span class='ocrx_word' id='word_1_447' title='bbox 1227 4719 1329 4790; x_wconf 86' lang='lat' dir='ltr'>quihus</span> <span class='ocrx_word' id='word_1_448' title='bbox 1350 4727 1427 4773; x_wconf 88' lang='lat' dir='ltr'>tanto</span> <span class='ocrx_word' id='word_1_449' title='bbox 1450 4719 1562 4791; x_wconf 81' lang='lat' dir='ltr'>gravius</span> <span class='ocrx_word' id='word_1_450' title='bbox 1584 4720 1692 4790; x_wconf 88' lang='lat' dir='ltr'>pondus</span> <span class='ocrx_word' id='word_1_451' title='bbox 1716 4727 1758 4774; x_wconf 84' lang='lat' dir='ltr'>est</span> <span class='ocrx_word' id='word_1_452' title='bbox 1774 4720 1958 4787; x_wconf 71' lang='lat' dir='ltr'>sacerdotum,</span> <span class='ocrx_word' id='word_1_453' title='bbox 1981 4727 2085 4788; x_wconf 86' lang='lat' dir='ltr'>quanto</span> <span class='ocrx_word' id='word_1_454' title='bbox 2102 4719 2184 4774; x_wconf 82' lang='lat' dir='ltr'>etiam</span> 
     </span>
     <span class='ocr_line' id='line_1_40' title="bbox 530 4814 2184 4902; baseline -0.001 -21"><span class='ocrx_word' id='word_1_455' title='bbox 530 4846 580 4898; x_wconf 87' lang='lat' dir='ltr'>pro</span> <span class='ocrx_word' id='word_1_456' title='bbox 604 4828 668 4898; x_wconf 82' lang='lat' dir='ltr'>ipsis</span> <span class='ocrx_word' id='word_1_457' title='bbox 691 4827 802 4898; x_wconf 71' lang='lat' dir='ltr'>regibus</span> <span class='ocrx_word' id='word_1_458' title='bbox 824 4828 963 4881; x_wconf 87' lang='lat' dir='ltr'>hominum</span> <span class='ocrx_word' id='word_1_459' title='bbox 986 4828 1013 4880; x_wconf 90' lang='lat' dir='ltr'>iu</span> <span class='ocrx_word' id='word_1_460' title='bbox 1036 4827 1128 4880; x_wconf 70' lang='lat' dir='ltr'>dit&#39;ino</span> <span class='ocrx_word' id='word_1_461' title='bbox 1144 4826 1275 4881; x_wconf 90' lang='lat' dir='ltr'>reddituri</span> <span class='ocrx_word' id='word_1_462' title='bbox 1291 4833 1352 4880; x_wconf 86' lang='lat' dir='ltr'>sunt</span> <span class='ocrx_word' id='word_1_463' title='bbox 1368 4827 1493 4882; x_wconf 76' lang='lat' dir='ltr'>examine</span> <span class='ocrx_word' id='word_1_464' title='bbox 1508 4827 1652 4882; x_wconf 88' lang='lat' dir='ltr'>rationem.</span> <span class='ocrx_word' id='word_1_465' title='bbox 1690 4815 1882 4902; x_wconf 79' lang='lat' dir='ltr'>Fulgentius</span> <span class='ocrx_word' id='word_1_466' title='bbox 1906 4837 2035 4901; x_wconf 87' lang='lat' dir='ltr'>quoque</span> <span class='ocrx_word' id='word_1_467' title='bbox 2051 4816 2085 4879; x_wconf 86' lang='lat' dir='ltr'>in</span> <span class='ocrx_word' id='word_1_468' title='bbox 2101 4814 2184 4880; x_wconf 82' lang='lat' dir='ltr'>libro</span> 
     </span>
     <span class='ocr_line' id='line_1_41' title="bbox 532 4922 2230 5010; baseline -0.004 -22"><span class='ocrx_word' id='word_1_469' title='bbox 532 4925 572 4989; x_wconf 92' lang='lat' dir='ltr'>de</span> <span class='ocrx_word' id='word_1_470' title='bbox 589 4926 726 4989; x_wconf 70' lang='lat' dir='ltr'>ventae</span> <span class='ocrx_word' id='word_1_471' title='bbox 750 4924 1036 5010; x_wconf 88' lang='lat' dir='ltr'>predestinationis</span> <span class='ocrx_word' id='word_1_472' title='bbox 1061 4933 1093 4987; x_wconf 92' lang='lat' dir='ltr'>et</span> <span class='ocrx_word' id='word_1_473' title='bbox 1115 4926 1252 5008; x_wconf 87' lang='lat' dir='ltr'>gratiae,</span> <span class='ocrx_word' id='word_1_474' title='bbox 1277 4926 1322 4988; x_wconf 92' lang='lat' dir='ltr'>ita</span> <span class='ocrx_word' id='word_1_475' title='bbox 1345 4922 1476 4988; x_wconf 87' lang='lat' dir='ltr'>scribit:</span> <span class='ocrx_word' id='word_1_476' title='bbox 1501 4929 1661 4997; x_wconf 54' lang='lat' dir='ltr'>(durantum⁴</span> <span class='ocrx_word' id='word_1_477' title='bbox 1679 4933 1809 5004; x_wconf 79' lang='lat' dir='ltr'>pertinet,</span> <span class='ocrx_word' id='word_1_478' title='bbox 1831 4924 1946 5009; x_wconf 92' lang='lat' dir='ltr'>inquit,</span> <span class='ocrx_word' id='word_1_479' title='bbox 1971 4932 2007 4986; x_wconf 82' lang='lat' dir='ltr'>ad</span> <span class='ocrx_word' id='word_1_480' title='bbox 2022 4930 2102 4985; x_wconf 82' lang='lat' dir='ltr'>huius</span> <span class='ocrx_word' id='word_1_481' title='bbox 2116 4939 2183 4986; x_wconf 85' lang='lat' dir='ltr'>tem·</span> <span class='ocrx_word' id='word_1_482' title='bbox 2202 4943 2230 4982; x_wconf 79' lang='lat' dir='ltr'>re</span> 
     </span>
    </p>
   </div>
   <div class='ocr_carea' id='block_1_6' title="bbox 557 5121 1812 5368">
    <p class='ocr_par' dir='ltr' id='par_1_6' title="bbox 557 5121 1812 5368">
     <span class='ocr_line' id='line_1_42' title="bbox 557 5121 1588 5190; baseline 0 -16"><span class='ocrx_word' id='word_1_483' title='bbox 557 5170 559 5174; x_wconf 91' lang='lat'>.</span> <span class='ocrx_word' id='word_1_484' title='bbox 639 5126 661 5178; x_wconf 84' lang='lat'>1.</span> <span class='ocrx_word' id='word_1_485' title='bbox 691 5121 789 5190; x_wconf 77' lang='lat' dir='ltr'>Sqna]</span> <span class='ocrx_word' id='word_1_486' title='bbox 811 5126 857 5189; x_wconf 89' lang='lat' dir='ltr'>qui</span> <span class='ocrx_word' id='word_1_487' title='bbox 877 5125 903 5172; x_wconf 77' lang='grc' dir='ltr'>Γ.</span> <span class='ocrx_word' id='word_1_488' title='bbox 980 5126 1011 5174; x_wconf 87' lang='grc'>10</span> <span class='ocrx_word' id='word_1_489' title='bbox 1031 5123 1234 5175; x_wconf 87' lang='lat' dir='ltr'>cummacnlant</span> <span class='ocrx_word' id='word_1_490' title='bbox 1253 5123 1280 5174; x_wconf 85' lang='lat' dir='ltr'>V.</span> <span class='ocrx_word' id='word_1_491' title='bbox 1355 5125 1388 5174; x_wconf 85' lang='grc'>18</span> <span class='ocrx_word' id='word_1_492' title='bbox 1407 5124 1541 5175; x_wconf 89' lang='lat' dir='ltr'>docuerat</span> <span class='ocrx_word' id='word_1_493' title='bbox 1560 5124 1588 5174; x_wconf 69' lang='grc' dir='ltr'>Γ.</span> 
     </span>
     <span class='ocr_line' id='line_1_43' title="bbox 639 5208 1198 5277; baseline -0.002 -14"><span class='ocrx_word' id='word_1_494' title='bbox 639 5215 675 5267; x_wconf 92' lang='grc' dir='ltr'>ΙΙ.</span> <span class='ocrx_word' id='word_1_495' title='bbox 704 5217 735 5264; x_wconf 87' lang='grc'>31</span> <span class='ocrx_word' id='word_1_496' title='bbox 757 5215 931 5264; x_wconf 89' lang='lat' dir='ltr'>incuntanter</span> <span class='ocrx_word' id='word_1_497' title='bbox 951 5213 980 5263; x_wconf 89' lang='lat' dir='ltr'>P.</span> <span class='ocrx_word' id='word_1_498' title='bbox 1054 5208 1092 5277; x_wconf 86' lang='lat' dir='ltr'>in]</span> <span class='ocrx_word' id='word_1_499' title='bbox 1111 5215 1147 5262; x_wconf 89' lang='lat' dir='ltr'>im</span> <span class='ocrx_word' id='word_1_500' title='bbox 1167 5213 1198 5262; x_wconf 93' lang='lat' dir='ltr'>P.</span> 
     </span>
     <span class='ocr_line' id='line_1_44' title="bbox 638 5297 1812 5368; baseline -0.002 -15"><span class='ocrx_word' id='word_1_501' title='bbox 638 5305 691 5353; x_wconf 86' lang='grc' dir='ltr'>ΙΙΙ,</span> <span class='ocrx_word' id='word_1_502' title='bbox 721 5306 754 5354; x_wconf 83' lang='lat'>33</span> <span class='ocrx_word' id='word_1_503' title='bbox 774 5305 869 5354; x_wconf 80' lang='lat' dir='ltr'>eximis</span> <span class='ocrx_word' id='word_1_504' title='bbox 889 5303 916 5352; x_wconf 79' lang='lat' dir='ltr'>V.</span> <span class='ocrx_word' id='word_1_505' title='bbox 990 5304 1022 5352; x_wconf 76' lang='lat'>37</span> <span class='ocrx_word' id='word_1_506' title='bbox 1043 5304 1231 5368; x_wconf 83' lang='lat' dir='ltr'>imperatrices</span> <span class='ocrx_word' id='word_1_507' title='bbox 1250 5297 1394 5366; x_wconf 85' lang='lat' dir='ltr'>augustae]</span> <span class='ocrx_word' id='word_1_508' title='bbox 1413 5302 1451 5350; x_wconf 82' lang='lat' dir='ltr'>ita</span> <span class='ocrx_word' id='word_1_509' title='bbox 1469 5302 1496 5351; x_wconf 79' lang='lat' dir='ltr'>V.</span> <span class='ocrx_word' id='word_1_510' title='bbox 1516 5301 1546 5350; x_wconf 86' lang='lat' dir='ltr'>P.</span> <span class='ocrx_word' id='word_1_511' title='bbox 1621 5303 1655 5351; x_wconf 74' lang='lat'>40</span> <span class='ocrx_word' id='word_1_512' title='bbox 1674 5302 1763 5367; x_wconf 85' lang='lat' dir='ltr'>gratia</span> <span class='ocrx_word' id='word_1_513' title='bbox 1782 5300 1812 5351; x_wconf 85' lang='lat' dir='ltr'>P.</span> 
     </span>
    </p>
   </div>
   <div class='ocr_carea' id='block_1_7' title="bbox 527 5463 2232 5969">
    <p class='ocr_par' dir='ltr' id='par_1_7' title="bbox 527 5463 2232 5969">
     <span class='ocr_line' id='line_1_45' title="bbox 642 5463 2188 5542; baseline -0.001 -20"><span class='ocrx_word' id='word_1_514' title='bbox 642 5470 670 5532; x_wconf 80' lang='lat' dir='ltr'>ll</span> <span class='ocrx_word' id='word_1_515' title='bbox 696 5466 744 5538; x_wconf 85' lang='lat' dir='ltr'>Cf.</span> <span class='ocrx_word' id='word_1_516' title='bbox 769 5467 869 5523; x_wconf 82' lang='lat' dir='ltr'>relatio</span> <span class='ocrx_word' id='word_1_517' title='bbox 892 5465 1084 5542; x_wconf 72' lang='lat' dir='ltr'>episcoporum</span> <span class='ocrx_word' id='word_1_518' title='bbox 1109 5487 1132 5522; x_wconf 86' lang='lat' dir='ltr'>c.</span> <span class='ocrx_word' id='word_1_519' title='bbox 1153 5470 1190 5534; x_wconf 72' lang='lat'>25</span> <span class='ocrx_word' id='word_1_520' title='bbox 1214 5468 1232 5521; x_wconf 86' lang='lat' dir='ltr'>i.</span> <span class='ocrx_word' id='word_1_521' title='bbox 1253 5468 1272 5521; x_wconf 87' lang='lat' dir='ltr'>l.</span> <span class='ocrx_word' id='word_1_522' title='bbox 1297 5465 1337 5535; x_wconf 87' lang='lat' dir='ltr'>II,</span> <span class='ocrx_word' id='word_1_523' title='bbox 1353 5469 1404 5524; x_wconf 81' lang='lat'>29.</span> <span class='ocrx_word' id='word_1_524' title='bbox 1428 5496 1473 5504; x_wconf 93' lang='lat'><em>-</em></span> <span class='ocrx_word' id='word_1_525' title='bbox 1498 5463 1566 5523; x_wconf 84' lang='lat' dir='ltr'>Cam</span> <span class='ocrx_word' id='word_1_526' title='bbox 1589 5465 1650 5542; x_wconf 82' lang='lat' dir='ltr'>ipso</span> <span class='ocrx_word' id='word_1_527' title='bbox 1673 5465 1765 5542; x_wconf 80' lang='lat' dir='ltr'>capite</span> <span class='ocrx_word' id='word_1_528' title='bbox 1788 5466 1991 5538; x_wconf 81' lang='lat' dir='ltr'>conserendum</span> <span class='ocrx_word' id='word_1_529' title='bbox 2015 5485 2074 5524; x_wconf 83' lang='lat' dir='ltr'>esse</span> <span class='ocrx_word' id='word_1_530' title='bbox 2096 5474 2188 5523; x_wconf 78' lang='lat' dir='ltr'>censet</span> 
     </span>
     <span class='ocr_line' id='line_1_46' title="bbox 534 5566 2232 5650; baseline 0.001 -20"><span class='ocrx_word' id='word_1_531' title='bbox 534 5575 571 5630; x_wconf 82' lang='lat' dir='ltr'>K.</span> <span class='ocrx_word' id='word_1_532' title='bbox 590 5575 735 5650; x_wconf 71' lang='lat' dir='ltr'>Aareluny,</span> <span class='ocrx_word' id='word_1_533' title='bbox 761 5573 864 5630; x_wconf 81' lang='lat' dir='ltr'>‘Leleu</span> <span class='ocrx_word' id='word_1_534' title='bbox 881 5575 942 5629; x_wconf 70' lang='lat' dir='ltr'>arrd</span> <span class='ocrx_word' id='word_1_535' title='bbox 956 5573 1104 5644; x_wconf 81' lang='lat' dir='ltr'>Schriften</span> <span class='ocrx_word' id='word_1_536' title='bbox 1129 5574 1177 5630; x_wconf 79' lang='lat' dir='ltr'>dec</span> <span class='ocrx_word' id='word_1_537' title='bbox 1192 5572 1329 5644; x_wconf 78' lang='lat' dir='ltr'>Bisciross</span> <span class='ocrx_word' id='word_1_538' title='bbox 1343 5571 1439 5629; x_wconf 81' lang='lat' dir='ltr'>Jonas</span> <span class='ocrx_word' id='word_1_539' title='bbox 1461 5591 1515 5629; x_wconf 81' lang='lat' dir='ltr'>von</span> <span class='ocrx_word' id='word_1_540' title='bbox 1533 5569 1670 5630; x_wconf 73' lang='lat' dir='ltr'>Ortiaru’</span> <span class='ocrx_word' id='word_1_541' title='bbox 1687 5566 1833 5646; x_wconf 71' lang='lat' dir='ltr'>(Dracen</span> <span class='ocrx_word' id='word_1_542' title='bbox 1856 5567 1964 5646; x_wconf 80' lang='lat'>1888),</span> <span class='ocrx_word' id='word_1_543' title='bbox 1982 5593 2016 5647; x_wconf 84' lang='lat' dir='ltr'>p.</span> <span class='ocrx_word' id='word_1_544' title='bbox 2033 5575 2074 5632; x_wconf 74' lang='lat'>43</span> <span class='ocrx_word' id='word_1_545' title='bbox 2097 5571 2187 5629; x_wconf 73' lang='lat' dir='ltr'>Ionae</span> <span class='ocrx_word' id='word_1_546' title='bbox 2203 5590 2232 5632; x_wconf 73' lang='lat' dir='ltr'>tt</span> 
     </span>
     <span class='ocr_line' id='line_1_47' title="bbox 532 5673 2185 5755; baseline -0.001 -20"><span class='ocrx_word' id='word_1_547' title='bbox 532 5680 746 5737; x_wconf 65' lang='lat' dir='ltr'>Aurelianense</span> <span class='ocrx_word' id='word_1_548' title='bbox 761 5681 795 5736; x_wconf 87' lang='lat' dir='ltr'>de</span> <span class='ocrx_word' id='word_1_549' title='bbox 811 5679 980 5736; x_wconf 79' lang='lat' dir='ltr'>institutione</span> <span class='ocrx_word' id='word_1_550' title='bbox 996 5680 1075 5755; x_wconf 75' lang='lat' dir='ltr'>repia</span> <span class='ocrx_word' id='word_1_551' title='bbox 1092 5674 1213 5755; x_wconf 52' lang='lat' dir='ltr'>(illique,</span> <span class='ocrx_word' id='word_1_552' title='bbox 1231 5679 1340 5736; x_wconf 80' lang='lat' dir='ltr'>Petrei.</span> <span class='ocrx_word' id='word_1_553' title='bbox 1357 5681 1407 5735; x_wconf 83' lang='lat' dir='ltr'>iat.</span> <span class='ocrx_word' id='word_1_554' title='bbox 1426 5677 1504 5748; x_wconf 83' lang='lat' dir='ltr'>CVI,</span> <span class='ocrx_word' id='word_1_555' title='bbox 1521 5681 1584 5737; x_wconf 81' lang='lat'>279</span> <span class='ocrx_word' id='word_1_556' title='bbox 1598 5673 1673 5754; x_wconf 83' lang='lat' dir='ltr'>sqq.)</span> <span class='ocrx_word' id='word_1_557' title='bbox 1698 5699 1721 5736; x_wconf 88' lang='lat' dir='ltr'>c.</span> <span class='ocrx_word' id='word_1_558' title='bbox 1739 5681 1766 5738; x_wconf 89' lang='lat'>1.</span> <span class='ocrx_word' id='word_1_559' title='bbox 1841 5677 1872 5748; x_wconf 82' lang='lat'>2)</span> <span class='ocrx_word' id='word_1_560' title='bbox 1899 5676 1948 5750; x_wconf 83' lang='lat' dir='ltr'>Cf.</span> <span class='ocrx_word' id='word_1_561' title='bbox 1964 5678 2065 5735; x_wconf 80' lang='lat' dir='ltr'>rehztio</span> <span class='ocrx_word' id='word_1_562' title='bbox 2080 5677 2185 5753; x_wconf 80' lang='lat' dir='ltr'>epieco-</span> 
     </span>
     <span class='ocr_line' id='line_1_48' title="bbox 527 5779 2184 5863; baseline -0.002 -21"><span class='ocrx_word' id='word_1_563' title='bbox 527 5806 630 5860; x_wconf 84' lang='lat' dir='ltr'>porum</span> <span class='ocrx_word' id='word_1_564' title='bbox 650 5806 673 5842; x_wconf 86' lang='lat' dir='ltr'>c.</span> <span class='ocrx_word' id='word_1_565' title='bbox 691 5791 727 5854; x_wconf 81' lang='grc'>3,·</span> <span class='ocrx_word' id='word_1_566' title='bbox 751 5789 769 5842; x_wconf 87' lang='lat' dir='ltr'>l.</span> <span class='ocrx_word' id='word_1_567' title='bbox 786 5788 804 5842; x_wconf 91' lang='lat' dir='ltr'>l.</span> <span class='ocrx_word' id='word_1_568' title='bbox 829 5786 868 5855; x_wconf 80' lang='grc' dir='ltr'>ΙΙ,</span> <span class='ocrx_word' id='word_1_569' title='bbox 886 5791 937 5845; x_wconf 76' lang='grc'>29.</span> <span class='ocrx_word' id='word_1_570' title='bbox 1008 5786 1038 5854; x_wconf 87' lang='lat'>3)</span> <span class='ocrx_word' id='word_1_571' title='bbox 1070 5785 1156 5854; x_wconf 77' lang='lat' dir='ltr'>Ttiel,</span> <span class='ocrx_word' id='word_1_572' title='bbox 1182 5785 1329 5860; x_wconf 82' lang='lat' dir='ltr'>Epistolae</span> <span class='ocrx_word' id='word_1_573' title='bbox 1344 5785 1540 5842; x_wconf 73' lang='lat' dir='ltr'>Rauracorum</span> <span class='ocrx_word' id='word_1_574' title='bbox 1550 5784 1717 5863; x_wconf 76' lang='lat' dir='ltr'>pontificum</span> <span class='ocrx_word' id='word_1_575' title='bbox 1740 5784 1843 5854; x_wconf 73' lang='lat' dir='ltr'><em>L349</em></span> <span class='ocrx_word' id='word_1_576' title='bbox 1866 5779 2029 5860; x_wconf 70' lang='lat' dir='ltr'>(Jaffl-K.</span> <span class='ocrx_word' id='word_1_577' title='bbox 2054 5804 2081 5840; x_wconf 83' lang='lat' dir='ltr'>n.</span> <span class='ocrx_word' id='word_1_578' title='bbox 2100 5780 2184 5860; x_wconf 78' lang='lat'><strong><em>632).</em></strong></span> 
     </span>
     <span class='ocr_line' id='line_1_49' title="bbox 533 5890 1866 5969; baseline 0.001 -21"><span class='ocrx_word' id='word_1_579' title='bbox 533 5891 564 5962; x_wconf 81' lang='lat' dir='ltr'>t)</span> <span class='ocrx_word' id='word_1_580' title='bbox 590 5892 762 5969; x_wconf 73' lang='lat' dir='ltr'>Fuiqentius,</span> <span class='ocrx_word' id='word_1_581' title='bbox 786 5893 832 5950; x_wconf 76' lang='lat' dir='ltr'>Ire</span> <span class='ocrx_word' id='word_1_582' title='bbox 854 5892 971 5950; x_wconf 82' lang='lat' dir='ltr'>veritate</span> <span class='ocrx_word' id='word_1_583' title='bbox 990 5891 1263 5966; x_wconf 71' lang='lat' dir='ltr'>praedestinationis</span> <span class='ocrx_word' id='word_1_584' title='bbox 1286 5900 1312 5948; x_wconf 88' lang='lat' dir='ltr'>et</span> <span class='ocrx_word' id='word_1_585' title='bbox 1332 5892 1446 5967; x_wconf 64' lang='lat' dir='ltr'>cratiae</span> <span class='ocrx_word' id='word_1_586' title='bbox 1468 5891 1505 5947; x_wconf 91' lang='lat' dir='ltr'>II</span> <span class='ocrx_word' id='word_1_587' title='bbox 1523 5911 1546 5948; x_wconf 90' lang='lat' dir='ltr'>c.</span> <span class='ocrx_word' id='word_1_588' title='bbox 1564 5895 1606 5951; x_wconf 84' lang='grc'>38</span> <span class='ocrx_word' id='word_1_589' title='bbox 1612 5913 1622 5960; x_wconf 87' lang='lat'>,·</span> <span class='ocrx_word' id='word_1_590' title='bbox 1649 5890 1724 5968; x_wconf 80' lang='lat' dir='ltr'>Opp</span> <span class='ocrx_word' id='word_1_591' title='bbox 1742 5911 1776 5967; x_wconf 82' lang='lat' dir='ltr'>p.</span> <span class='ocrx_word' id='word_1_592' title='bbox 1793 5893 1866 5950; x_wconf 72' lang='lat'><em>477.</em></span> 
     </span>
    </p>
   </div>
   <div class='ocr_carea' id='block_1_8' title="bbox 0 0 2446 6712">
    <p class='ocr_par' dir='ltr' id='par_1_8' title="bbox 0 0 2446 6712">
     <span class='ocr_line' id='line_1_50' title="bbox 0 0 2446 6712; baseline 0 0"><span class='ocrx_word' id='word_1_593' title='bbox 0 0 2446 6712; x_wconf 95' lang='lat' dir='ltr'> </span> 
     </span>
    </p>
   </div>
  </div>
 </body>
</html>
