4884 6717
666 534 717 590 42.
755 533 973 592 CONCILIUM
995 532 1285 592 ATTINIACENSE
1309 535 1347 589 Δ.
1368 532 1442 590 822.
1816 529 1880 591 469

226 724 258 787 in
283 745 347 809 quo
372 720 529 808 quicquid
553 719 705 785 similium
730 743 837 784 rerum
855 719 907 784 vel
922 743 943 784 a
958 742 992 784 se
1009 719 1063 785 vel
1078 731 1207 807 epatre
1229 742 1287 785 suo
1311 720 1434 786 factum
1456 721 1604 784 invenire
1628 722 1734 807 potuit
1756 743 1883 786 summa

226 828 400 894 devotione
424 827 601 892 emendare
625 826 768 908 curavit3
800 828 845 915 cf.
871 827 1100 893 Mutuachffl
1122 853 1151 892 a.
1173 835 1275 896 resa.
1304 836 1378 896 760.
1426 827 1563 908 St'rnson,
1595 828 1805 892 ‘Janrhrnle
1828 828 1883 893 das

219 936 437 1024 frc'r'nlsiechen
461 934 578 1000 Reielrs
603 949 689 998 nister
712 933 849 1021 Lndwig
873 934 943 999 dem
967 934 1151 999 Fromnten'
1174 934 1203 1014 I,
1228 943 1296 1002 178
1307 959 1374 1021 sqq.

332 1059 390 1124 Ad
411 1061 492 1124 lonc
515 1073 695 1123 conventum
719 1084 755 1122 eo
776 1082 897 1144 quoqne
914 1061 1084 1145 pertenent,
1108 1085 1188 1145 quae
1204 1059 1402 1123 Hincmorns
1416 1073 1547 1123 aanor:
1570 1057 1712 1139 Quidam
1737 1070 1882 1123 nostrum

193 1177 372 1252 stempore
407 1174 540 1229 sanctae
570 1164 747 1229 memoriae
782 1163 893 1228 domni
923 1163 1101 1229 Hludorici
1130 1164 1181 1228 Pii
1216 1166 1346 1250 augusti
1382 1166 1415 1229 in
1449 1163 1614 1229 Attiniaco
1649 1164 1770 1250 palatio
1805 1176 1881 1229 tunc

226 1273 367 1355 fuerunt,
392 1270 522 1358 quando
553 1272 586 1334 in
618 1270 796 1335 universali
820 1269 945 1356 synodo
970 1270 1067 1335 totius
1091 1271 1219 1356 imperii
1243 1271 1342 1335 etiam
1366 1292 1438 1334 cum
1464 1268 1551 1333 sedis
1574 1270 1741 1335 Romanae
1764 1270 1881 1357 legatis

227 1390 261 1442 et
289 1379 322 1442 in
353 1376 498 1463 generali
528 1377 648 1464 placito
679 1376 802 1441 femina
832 1376 994 1462 quaedam
1023 1399 1088 1441 non
1119 1374 1272 1462 ignobilis
1302 1399 1434 1462 genere,
1464 1377 1595 1440 nomine
1619 1376 1808 1458 Northildis,
1840 1377 1881 1441 de

229 1483 423 1571 quibusdam
446 1485 626 1549 inhonestis
650 1486 735 1547 inter
758 1505 792 1546 se
816 1494 849 1547 et
879 1484 984 1548 virum
1008 1506 1112 1564 suum,
1136 1481 1298 1548 vocabulo
1316 1481 1563 1568 Agembertnm,
1587 1483 1629 1547 ad
1653 1485 1881 1571 imperatorem

230 1589 360 1677 publice
391 1589 616 1677 proclamavit.
671 1589 779 1671 Quam
810 1590 989 1675 imperator
1018 1589 1061 1654 ad
1090 1588 1251 1677 synodum
1288 1588 1475 1670 destinavit,
1511 1602 1546 1654 ut
1576 1589 1652 1655 inde
1686 1590 1881 1677 episcopalis

183 1724 211 1764 ro
228 1698 404 1762 auctoritas
428 1697 506 1784 qnid
530 1696 692 1782 agendum
724 1707 811 1760 esset
840 1695 1042 1761 decerneret.
1089 1696 1155 1763 Sed
1187 1698 1413 1783 episcoporum
1438 1697 1635 1783 generalius
1659 1696 1702 1760 ad
1724 1696 1882 1762 laicorum

228 1826 267 1867 ac
291 1804 537 1889 coniugatorum
561 1826 633 1868 eam
657 1804 783 1867 remisit
805 1802 972 1885 indicium,
996 1814 1032 1867 nt
1048 1804 1111 1889 ipsi
1126 1804 1212 1867 inter
1228 1802 1316 1867 illam
1339 1815 1372 1867 et
1388 1826 1482 1868 suum
1498 1804 1671 1889 coniugem
1688 1803 1881 1884 indicarent,

228 1911 283 1996 qui
318 1909 359 1974 de
393 1908 514 1974 talibus
545 1921 637 1974 erant
667 1910 789 1995 cogniti
821 1920 854 1974 et
889 1908 1016 1995 legibus
1051 1908 1173 1975 saeculi
1209 1909 1483 1975 sufficientissime
1517 1909 1668 1995 praediti,
1704 1931 1881 1997 eorumque

226 2015 386 2102 legalibus
410 2016 540 2081 iudiciis
563 2015 679 2080 eadem
703 2016 825 2081 femina
855 2038 890 2080 se
913 2015 1091 2080 subiiceret
1122 2027 1155 2080 et
1184 2016 1272 2102 quod
1296 2015 1337 2081 de
1361 2018 1553 2103 quaestione
1577 2038 1636 2080 sua
1659 2015 1883 2082 decrevissent

227 2124 297 2187 sine
322 2124 513 2210 repetitione
537 2133 679 2204 teneret3
711 2123 841 2186 sivero
872 2124 996 2186 crimen
1026 2122 1158 2208 aliquod
1183 2133 1279 2204 esset,
1310 2122 1386 2186 inde
1410 2123 1631 2209 poenitentiae
1654 2121 1786 2187 modum
1809 2133 1883 2209 post

184 2228 355 2294 suillorum
386 2228 543 2293 indicium
574 2227 616 2293 ab
646 2228 826 2315 episcopali
856 2230 1048 2294 auctoritate
1080 2228 1283 2314 deposceret,
1315 2228 1494 2293 secundum
1518 2227 1607 2315 quod
1631 2229 1716 2292 sacri
1740 2250 1882 2294 canones

229 2336 459 2422 praefixerunt,
491 2336 522 2400 ei
552 2337 718 2422 imponere
743 2358 808 2401 non
830 2347 999 2422 negarent.
1046 2334 1219 2401 Nobilibus
1243 2346 1353 2400 autem
1376 2334 1468 2399 laicis
1492 2334 1704 2399 sacerdotalis
1728 2334 1882 2401 discretio

228 2441 359 2529 placuit,
392 2443 470 2528 quia
500 2441 541 2507 de
572 2444 639 2506 suis
663 2441 857 2527 coniugibus
882 2443 929 2505 eis
952 2464 1017 2505 non
1045 2441 1220 2506 tollebatur
1242 2441 1398 2507 iudicium
1422 2465 1483 2506 nec
1507 2465 1528 2506 a
1550 2440 1744 2507 sacerdotali
1767 2441 1881 2507 ordine

229 2547 430 2613 inferebatur
452 2548 580 2634 legibus
609 2547 759 2613 civilibus
783 2548 1032 2635 praeiudicium,
1063 2560 1096 2613 et
1119 2548 1224 2635 legem
1248 2548 1494 2634 proclamationi
1517 2549 1658 2613 feminae
1681 2548 1883 2635 protulerunt

230 2678 268 2719 ac
292 2655 390 2741 legali
413 2655 534 2720 iudicio
559 2656 741 2741 quaestioni
771 2655 945 2720 terminum
976 2654 1182 2720 contulerunt
1213 2655 1277 2728 (De
1307 2657 1445 2720 divortio
1469 2657 1621 2721 Lothnrr'i
1646 2657 1692 2721 ed.
1719 2655 1882 2736 Sr‘rmond,

183 2787 212 2827 so
232 2761 313 2849 (lpp.
339 2763 513 2827 Hs'ncmart'
533 2762 561 2843 I,
584 2771 674 2846 594).

336 2888 481 2974 Apparet
509 2913 572 2950 etna
602 2912 672 2951 cerm
696 2888 819 2973 placito
851 2887 1018 2951 concilium
1050 2890 1266 2974 eptbcworum
1297 2903 1515 2973 eorryreyotmn
1538 2888 1657 2974 fnisse.
1708 2887 1743 2950 In
1775 2913 1880 2952 eorum

229 3008 330 3058 autem
354 3019 480 3058 restruere
497 2995 572 3082 fnit
586 2993 777 3080 Aqobordns
793 2992 1016 3080 Lugdunensis
1038 2993 1531 3079 orelss‘episropus(814—840),
1555 2997 1645 3058 cuius
1669 2996 1700 3058 in
1718 2994 1824 3058 libello
1843 2994 1882 3058 de

229 3125 333 3164 rernm
357 3101 640 3165 ecclesiasticarum
665 3101 898 3186 dispensatione
915 3100 954 3182 (o.
971 3106 1090 3180 2-43
1113 3099 1194 3164 ΜΘ.
1215 3098 1299 3186 Epp.
1319 3099 1352 3178 V,
1370 3108 1436 3166 166
1446 3119 1530 3186 sqq.)
1557 3104 1601 3165 ito
1624 3102 1797 3187 espositum
1821 3116 1882 3165 est:

230 3205 267 3269 In
289 3204 353 3269 illis
377 3204 504 3286 diebus,
528 3205 659 3291 quando
683 3228 777 3270 sacer
801 3215 834 3270 et
855 3204 1027 3291 religiosus
1051 3204 1188 3269 domnus
1212 3214 1323 3268 noster
1346 3206 1523 3291 imperator
1553 3218 1688 3271 evocato
1719 3218 1882 3271 conventu

183 3337 209 3377 ss
229 3313 262 3376 in
277 3312 443 3377 Attiniaco
466 3310 596 3397 agebat,
621 3323 751 3376 strerme
775 3312 952 3399 providens
976 3311 1017 3376 de
1042 3310 1191 3376 omnibus
1215 3310 1408 3376 utilitatibus
1432 3314 1676 3377 commissorum
1701 3311 1764 3377 sibi
1780 3335 1882 3399 popu·

228 3417 342 3500 lorum,
372 3420 523 3504 pervenit
552 3418 594 3483 ad
625 3417 847 3483 sublimiorem
875 3420 1119 3505 inquisitionem
1149 3419 1386 3504 pernecessarii
1416 3418 1559 3502 consilii3
1592 3421 1726 3506 cupiens
1758 3419 1883 3485 seilicet

227 3525 386 3606 invenire,
418 3524 556 3611 qualiter
586 3526 878 3612 congruentissime
909 3526 1089 3612 profectum
1121 3525 1269 3612 dectnno
1300 3535 1332 3589 et
1362 3524 1572 3590 abolitionem
1604 3525 1881 3612 neglegendarum

228 3631 453 3697 sacerdotibus
477 3643 510 3696 et
533 3632 659 3697 cunctis
683 3632 848 3697 honoratis
872 3633 939 3696 suis
963 3630 1191 3696 commendare
1216 3633 1391 3717 potuisset:
1424 3632 1511 3718 quod
1540 3633 1651 3718 utique
1675 3632 1883 3698 laudabiliter

228 3740 406 3824 inspirante
438 3738 503 3802 Dei
532 3740 639 3824 gratia
669 3739 820 3825 quesivit,
852 3739 1020 3824 eleganter
1050 3739 1183 3818 invenit,
1214 3737 1355 3802 fideliter
1385 3762 1440 3803 ore
1465 3760 1522 3803 suo
1546 3740 1760 3804 annuntiavit.
1808 3739 1881 3828 Qus

183 3871 210 3910 so
228 3857 346 3909 cuncta
370 3869 455 3910 nune
480 3844 638 3931 replicare
662 3847 758 3910 nimis
782 3844 944 3932 prolixum
969 3856 1027 3924 est,
1052 3845 1130 3931 quia
1153 3857 1185 3909 et
1208 3857 1286 3910 tunc
1311 3844 1472 3910 distinctis
1497 3845 1647 3932 capitulis
1673 3848 1768 3932 (qnae
1790 3848 1884 3934 infra

229 3952 371 4036 ederetur)
396 3952 631 4038 comprehensa
654 3968 728 4017 sunt
752 3964 785 4016 ct
808 3950 957 4017 omnibus
980 3963 1058 4016 nota
1081 3974 1152 4015 esse
1177 3950 1308 4016 debent.
1356 3959 1395 4017 (c.
1413 3959 1448 4036 3)
1473 3951 1569 4016 Hanc
1593 3952 1692 4037 igitur
1715 3975 1783 4017 rem
1808 3975 1882 4018 curn

230 4058 319 4121 miris
343 4069 420 4123 tunc
443 4058 596 4123 laudibus
619 4060 726 4124 adhuc
751 4059 935 4124 inchoatam
960 4060 1104 4144 magistri
1127 4060 1229 4122 nostri
1255 4058 1417 4130 efferrent,
1442 4070 1475 4122 et
1499 4060 1654 4144 precipue
1675 4059 1881 4124 venerandus

230 4187 332 4228 senex
362 4165 547 4230 Adalardus
580 4169 795 4250 (Corber‘eusrb
824 4168 947 4251 abbas),
983 4167 1038 4252 qui
1069 4166 1166 4229 etiam
1198 4163 1329 4229 dicebat
1360 4189 1394 4229 se
1426 4187 1603 4251 numquam
1634 4164 1805 4230 sublimius
1828 4167 1880 4230 vel

229 4270 401 4357 gloriosius
425 4295 557 4336 cansam
582 4273 745 4358 profectus
770 4271 893 4359 publici
916 4273 1041 4336 moveri
1064 4284 1096 4335 ct
1120 4273 1256 4356 cogitari
1280 4270 1402 4335 vidisse
1426 4294 1446 4336 a
1469 4285 1614 4358 tempore
1638 4275 1725 4358 regis
1749 4273 1880 4359 Pippini

184 4401 211 4442 ss
231 4379 437 4460 (nn-76⁸)
470 4402 572 4465 usque
603 4378 646 4443 ad
676 4379 762 4443 diem
793 4378 899 4462 illum,
931 4389 1056 4442 tantum
1086 4401 1128 4441 ne
1159 4377 1426 4464 respondentium
1450 4391 1482 4442 et
1506 4377 1746 4443 oboedientium
1771 4379 1879 4464 neglc-

231 4485 275 4572 (Ρ.
294 4494 373 4569 167)
404 4486 516 4570 gentis
538 4484 778 4568 humiliaretur;
814 4483 939 4549 addidit
970 4485 1038 4570 ipse
1070 4497 1102 4548 et
1132 4485 1232 4549 ceteri
1256 4486 1425 4570 primores,
1449 4484 1595 4548 dicentes
1619 4487 1706 4550 omni
1731 4485 1880 4566 concilio,

230 4589 385 4677 quicquid
420 4590 498 4655 utile
533 4593 674 4678 potuerit
708 4593 852 4678 reperire
888 4592 1050 4676 sagacitas
1085 4602 1195 4655 vestra
1230 4589 1272 4654 ad
1303 4589 1451 4655 carenda
1485 4601 1631 4677 peccata.
1668 4591 1709 4655 ad
1747 4593 1881 4656 vitanda

229 4697 384 4783 pericula,
419 4697 462 4761 ad
497 4698 687 4782 erigendam
723 4698 923 4784 religionem,
959 4696 1002 4762 ad
1036 4696 1272 4762 inlustrandam
1303 4695 1495 4778 doctrinam,
1531 4698 1573 4762 ad
1605 4698 1880 4763 corroborandam

228 4803 336 4886 fidem,
360 4803 403 4868 ad
419 4803 635 4869 excolendum
651 4805 793 4869 studium
817 4805 1009 4886 sanctitatis,
1033 4803 1235 4869 confidenter
1251 4803 1380 4884 edicite,
1402 4804 1493 4868 etad
1512 4804 1677 4891 explenda
1701 4807 1879 4891 pariturum

182 4936 210 4974 so
228 4910 301 4974 Deo
326 4908 479 4975 domnum
499 4912 728 4998 imperatorem
744 4911 877 4976 minime
902 4909 1068 4975 dubitetis.
1105 4911 1180 4992 Qui,
1204 4912 1367 4997 quoniam,
1393 4925 1427 4976 ut
1450 4913 1609 4998 scripture
1634 4934 1727 4992 sacre
1750 4911 1879 4992 docent,

227 5028 365 5104 peccata
388 5017 583 5084 contrahunt
612 5017 829 5096 infelicitates,
859 5016 1129 5103 perturbationes,
1162 5016 1272 5082 clades
1303 5028 1335 5081 et
1358 5017 1543 5082 sterilitates
1567 5020 1612 5082 im
1635 5018 1782 5105 populos,
1813 5029 1881 5083 tota

228 5122 445 5189 sollicitudine
476 5135 578 5204 curat,
614 5136 649 5189 ut
679 5123 764 5188 bona
796 5122 928 5210 quidem
959 5123 1141 5204 statuendo,
1176 5124 1263 5190 mala
1293 5147 1371 5188 vero
1401 5124 1599 5189 destruendo
1634 5126 1780 5211 optineat
1813 5147 1878 5188 una

227 5229 396 5296 vobiscum
413 5230 502 5318 apud
517 5231 707 5312 Dominum,
731 5245 776 5302 ut,
793 5231 926 5294 remotis
943 5230 1090 5295 adversis
1108 5230 1248 5310 casibus,
1266 5253 1402 5316 regnum
1419 5229 1481 5294 sibi
1498 5231 1704 5294 commissum
1722 5254 1878 5317 prospere

227 5336 300 5401 Deo
324 5337 455 5402 favente
480 5338 589 5403 valeat
611 5336 805 5422 gubernare.
854 5341 893 5414 (c.
910 5347 945 5416 4)
970 5338 1063 5402 Haec
1093 5337 1197 5401 ethis
1221 5336 1340 5401 similia
1363 5359 1437 5402 cum
1461 5338 1619 5424 primores
1643 5338 1744 5400 nostri
1769 5339 1878 5402 iocun-

183 5467 210 5506 ss
228 5442 359 5508 dissime
384 5444 601 5531 loquerentur,
634 5467 705 5529 ego,
736 5458 772 5509 nt
803 5444 928 5508 scilieet
951 5444 1148 5509 humillimus
1172 5445 1315 5508 omniurn
1339 5456 1372 5507 et
1394 5454 1570 5524 extremus,
1600 5445 1695 5530 coepi
1722 5444 1877 5530 quodam·

227 5549 323 5615 modo
347 5550 590 5637 pedetemptim,
614 5563 725 5637 utpote
750 5552 877 5636 magnis
902 5552 990 5632 viris,
1015 5553 1059 5616 ita
1083 5573 1277 5636 suggerere:
1302 5549 1401 5614 ‘Ecce
1426 5551 1630 5636 omnipotens
1646 5550 1739 5615 Deus
1764 5575 1878 5639 prepa-

228 5656 312 5721 ravit
334 5659 459 5722 animos
484 5656 594 5721 domni
624 5658 839 5743 imperatoris,
871 5670 905 5723 ut
935 5657 1070 5722 sollicite
1102 5656 1182 5722 velit
1210 5678 1389 5744 agnoscere
1420 5658 1575 5744 temporis
1600 5658 1686 5721 vires
1718 5681 1878 5723 consonas

227 5762 279 5828 vel
302 5762 451 5828 dissomu
475 5763 621 5851 equitati.
669 5763 813 5850 Expedit
836 5786 925 5844 vero,
949 5777 984 5828 ut
1007 5786 1056 5849 ea,
1088 5787 1151 5852 quq
1176 5763 1310 5829 dissona
1337 5774 1421 5845 sunt,
1453 5765 1480 5827 si
1503 5762 1702 5850 possibilitas
1725 5767 1877 5853 suppetit,

226 5868 448 5936 emendentur.
484 5870 523 5935 In
547 5881 702 5956 quantum
727 5881 836 5936 autern
858 5869 1058 5956 possibilitas
1073 5893 1139 5935 non
1155 5870 1362 5956 suffragatur,
1386 5892 1461 5935 eum
1476 5871 1592 5936 timore
1608 5871 1674 5936 Dei
1690 5872 1877 5944 tolerentur,
