<?xml version="1.0" encoding="UTF-8"?>
<!DOCTYPE html PUBLIC "-//W3C//DTD XHTML 1.0 Transitional//EN"
    "http://www.w3.org/TR/xhtml1/DTD/xhtml1-transitional.dtd">
<html xmlns="http://www.w3.org/1999/xhtml" xml:lang="en" lang="en">
 <head>
  <title>
</title>
<meta http-equiv="Content-Type" content="text/html;charset=utf-8" />
  <meta name='ocr-system' content='tesseract 3.04.00' />
  <meta name='ocr-capabilities' content='ocr_page ocr_carea ocr_par ocr_line ocrx_word'/>
</head>
<body>
  <div class='ocr_page' id='page_1' title='image "./monumentagerman02gescgoog_0447.png"; bbox 0 0 4884 6717; ppageno 0'>
   <div class='ocr_carea' id='block_1_1' title="bbox 260 516 1913 581">
    <p class='ocr_par' dir='ltr' id='par_1_1' title="bbox 260 516 1913 581">
     <span class='ocr_line' id='line_1_1' title="bbox 260 516 1913 581; baseline -0.001 -1"><span class='ocrx_word' id='word_1_1' title='bbox 260 525 472 581; x_wconf 77' lang='lat' dir='ltr'><strong>APPENDIX.</strong></span> <span class='ocrx_word' id='word_1_2' title='bbox 498 522 527 579; x_wconf 84' lang='lat'>9.</span> <span class='ocrx_word' id='word_1_3' title='bbox 544 523 651 579; x_wconf 75' lang='lat' dir='ltr'>ACTA</span> <span class='ocrx_word' id='word_1_4' title='bbox 668 523 808 581; x_wconf 79' lang='lat' dir='ltr'>SPURIA</span> <span class='ocrx_word' id='word_1_5' title='bbox 824 524 879 579; x_wconf 81' lang='grc' dir='ltr'>ΑΙ)</span> <span class='ocrx_word' id='word_1_6' title='bbox 896 522 1116 581; x_wconf 83' lang='lat' dir='ltr'>CONCILIUM</span> <span class='ocrx_word' id='word_1_7' title='bbox 1135 520 1414 578; x_wconf 72' lang='lat' dir='ltr'>caulslscun&#39;sa</span> <span class='ocrx_word' id='word_1_8' title='bbox 1431 520 1677 578; x_wconf 78' lang='lat' dir='ltr'>SPEOTANTIA</span> <span class='ocrx_word' id='word_1_9' title='bbox 1694 524 1730 577; x_wconf 79' lang='grc' dir='ltr'>Α.</span> <span class='ocrx_word' id='word_1_10' title='bbox 1745 520 1820 579; x_wconf 91' lang='grc'><strong>838.</strong></span> <span class='ocrx_word' id='word_1_11' title='bbox 1850 516 1913 578; x_wconf 85' lang='grc'><strong>851</strong></span> 
     </span>
    </p>
   </div>
   <div class='ocr_carea' id='block_1_2' title="bbox 431 814 1755 894">
    <p class='ocr_par' dir='ltr' id='par_1_2' title="bbox 431 814 1755 894">
     <span class='ocr_line' id='line_1_2' title="bbox 431 814 1755 894; baseline -0.003 0"><span class='ocrx_word' id='word_1_12' title='bbox 431 815 470 894; x_wconf 78' lang='lat' dir='ltr'>C.</span> <span class='ocrx_word' id='word_1_13' title='bbox 512 816 590 889; x_wconf 84' lang='lat' dir='ltr'>DE</span> <span class='ocrx_word' id='word_1_14' title='bbox 613 814 987 893; x_wconf 80' lang='lat' dir='ltr'><em>RESPONSIONE</em></span> <span class='ocrx_word' id='word_1_15' title='bbox 1015 814 1332 894; x_wconf 81' lang='lat' dir='ltr'><em>HLUDOWICI</em></span> <span class='ocrx_word' id='word_1_16' title='bbox 1354 815 1719 892; x_wconf 79' lang='lat' dir='ltr'><em>IMPERATORIS</em></span> <span class='ocrx_word' id='word_1_17' title='bbox 1731 823 1755 890; x_wconf 86' lang='lat'>¹.</span> 
     </span>
    </p>
   </div>
   <div class='ocr_carea' id='block_1_3' title="bbox 216 961 1917 3958">
    <p class='ocr_par' dir='ltr' id='par_1_3' title="bbox 259 961 1915 1291">
     <span class='ocr_line' id='line_1_3' title="bbox 369 961 1915 1077; baseline -0.005 -18"><span class='ocrx_word' id='word_1_18' title='bbox 369 961 524 1059; x_wconf 74' lang='lat' dir='ltr'>Quando</span> <span class='ocrx_word' id='word_1_19' title='bbox 540 990 741 1076; x_wconf 83' lang='lat' dir='ltr'>Aquisgrani</span> <span class='ocrx_word' id='word_1_20' title='bbox 758 989 877 1075; x_wconf 87' lang='lat' dir='ltr'>palatio</span> <span class='ocrx_word' id='word_1_21' title='bbox 901 1012 987 1053; x_wconf 90' lang='lat' dir='ltr'>anno</span> <span class='ocrx_word' id='word_1_22' title='bbox 1010 990 1139 1075; x_wconf 89' lang='lat' dir='ltr'>imperii</span> <span class='ocrx_word' id='word_1_23' title='bbox 1163 988 1275 1054; x_wconf 91' lang='lat' dir='ltr'>domni</span> <span class='ocrx_word' id='word_1_24' title='bbox 1291 990 1468 1055; x_wconf 85' lang='lat' dir='ltr'>Hludovici</span> <span class='ocrx_word' id='word_1_25' title='bbox 1492 991 1628 1077; x_wconf 85' lang='lat' dir='ltr'>piissimi</span> <span class='ocrx_word' id='word_1_26' title='bbox 1645 989 1785 1076; x_wconf 80' lang='lat' dir='ltr'>Augusti</span> <span class='ocrx_word' id='word_1_27' title='bbox 1803 990 1915 1054; x_wconf 85' lang='lat' dir='ltr'>XXV.</span> 
     </span>
     <span class='ocr_line' id='line_1_4' title="bbox 260 1095 1915 1183; baseline -0.001 -21"><span class='ocrx_word' id='word_1_28' title='bbox 260 1121 370 1164; x_wconf 90' lang='lat' dir='ltr'>coram</span> <span class='ocrx_word' id='word_1_29' title='bbox 396 1120 434 1162; x_wconf 93' lang='lat' dir='ltr'>eo</span> <span class='ocrx_word' id='word_1_30' title='bbox 458 1107 491 1161; x_wconf 88' lang='lat' dir='ltr'>et</span> <span class='ocrx_word' id='word_1_31' title='bbox 513 1095 716 1183; x_wconf 90' lang='lat' dir='ltr'>principibus</span> <span class='ocrx_word' id='word_1_32' title='bbox 740 1097 807 1161; x_wconf 88' lang='lat' dir='ltr'>suis</span> <span class='ocrx_word' id='word_1_33' title='bbox 831 1107 898 1161; x_wconf 88' lang='lat' dir='ltr'>tam</span> <span class='ocrx_word' id='word_1_34' title='bbox 921 1096 1154 1161; x_wconf 85' lang='lat' dir='ltr'>ecclesiasticis</span> <span class='ocrx_word' id='word_1_35' title='bbox 1178 1119 1277 1182; x_wconf 88' lang='lat' dir='ltr'>quam</span> <span class='ocrx_word' id='word_1_36' title='bbox 1308 1109 1341 1161; x_wconf 82' lang='lat' dir='ltr'>at</span> <span class='ocrx_word' id='word_1_37' title='bbox 1370 1096 1572 1163; x_wconf 88' lang='lat' dir='ltr'>secularibus</span> <span class='ocrx_word' id='word_1_38' title='bbox 1600 1099 1634 1161; x_wconf 93' lang='lat' dir='ltr'>in</span> <span class='ocrx_word' id='word_1_39' title='bbox 1664 1097 1809 1182; x_wconf 84' lang='lat' dir='ltr'>generali</span> <span class='ocrx_word' id='word_1_40' title='bbox 1840 1121 1915 1161; x_wconf 88' lang='lat' dir='ltr'>con-</span> 
     </span>
     <span class='ocr_line' id='line_1_5' title="bbox 259 1201 1915 1291; baseline -0.002 -23"><span class='ocrx_word' id='word_1_41' title='bbox 259 1215 360 1269; x_wconf 82' lang='lat' dir='ltr'>ventu</span> <span class='ocrx_word' id='word_1_42' title='bbox 384 1203 517 1291; x_wconf 88' lang='lat' dir='ltr'>querela</span> <span class='ocrx_word' id='word_1_43' title='bbox 540 1204 580 1268; x_wconf 92' lang='lat' dir='ltr'>de</span> <span class='ocrx_word' id='word_1_44' title='bbox 605 1204 800 1267; x_wconf 87' lang='lat' dir='ltr'>monasterio</span> <span class='ocrx_word' id='word_1_45' title='bbox 825 1201 959 1267; x_wconf 83' lang='lat' dir='ltr'>Aniaole</span> <span class='ocrx_word' id='word_1_46' title='bbox 984 1213 1017 1266; x_wconf 93' lang='lat' dir='ltr'>et</span> <span class='ocrx_word' id='word_1_47' title='bbox 1040 1201 1137 1267; x_wconf 88' lang='lat' dir='ltr'>rebus</span> <span class='ocrx_word' id='word_1_48' title='bbox 1162 1204 1230 1267; x_wconf 90' lang='lat' dir='ltr'>suis</span> <span class='ocrx_word' id='word_1_49' title='bbox 1254 1204 1340 1268; x_wconf 86' lang='lat' dir='ltr'>inter</span> <span class='ocrx_word' id='word_1_50' title='bbox 1361 1202 1532 1268; x_wconf 85' lang='lat' dir='ltr'>Aldricnm</span> <span class='ocrx_word' id='word_1_51' title='bbox 1557 1203 1800 1268; x_wconf 82' lang='lat' dir='ltr'>Cenomannice</span> <span class='ocrx_word' id='word_1_52' title='bbox 1824 1201 1915 1267; x_wconf 83' lang='lat' dir='ltr'>urbis</span> 
     </span>
    </p>

    <p class='ocr_par' dir='ltr' id='par_1_4' title="bbox 216 1308 1917 3958">
     <span class='ocr_line' id='line_1_6' title="bbox 228 1308 1915 1398; baseline -0.002 -20"><span class='ocrx_word' id='word_1_53' title='bbox 228 1313 450 1398; x_wconf 90' lang='lat' dir='ltr'>sepiscopum</span> <span class='ocrx_word' id='word_1_54' title='bbox 474 1322 506 1375; x_wconf 91' lang='lat' dir='ltr'>et</span> <span class='ocrx_word' id='word_1_55' title='bbox 522 1309 757 1397; x_wconf 85' lang='lat' dir='ltr'>Sigemundum</span> <span class='ocrx_word' id='word_1_56' title='bbox 782 1308 928 1373; x_wconf 86' lang='lat' dir='ltr'>eiusdem</span> <span class='ocrx_word' id='word_1_57' title='bbox 952 1310 1140 1374; x_wconf 86' lang='lat' dir='ltr'>monasterii</span> <span class='ocrx_word' id='word_1_58' title='bbox 1164 1308 1319 1375; x_wconf 77' lang='lat' dir='ltr'>abbatem</span> <span class='ocrx_word' id='word_1_59' title='bbox 1343 1308 1502 1397; x_wconf 83' lang='lat' dir='ltr'><strong>agebatur</strong></span> <span class='ocrx_word' id='word_1_60' title='bbox 1525 1323 1558 1375; x_wconf 88' lang='lat' dir='ltr'>et</span> <span class='ocrx_word' id='word_1_61' title='bbox 1582 1310 1768 1396; x_wconf 90' lang='lat' dir='ltr'>diligentius</span> <span class='ocrx_word' id='word_1_62' title='bbox 1792 1322 1915 1375; x_wconf 87' lang='lat' dir='ltr'>scruta·</span> 
     </span>
     <span class='ocr_line' id='line_1_7' title="bbox 260 1416 1916 1505; baseline 0.001 -24"><span class='ocrx_word' id='word_1_63' title='bbox 260 1416 357 1481; x_wconf 90' lang='lat' dir='ltr'>batur</span> <span class='ocrx_word' id='word_1_64' title='bbox 380 1430 477 1504; x_wconf 90' lang='lat' dir='ltr'>atque</span> <span class='ocrx_word' id='word_1_65' title='bbox 501 1419 566 1481; x_wconf 85' lang='lat' dir='ltr'>iarn</span> <span class='ocrx_word' id='word_1_66' title='bbox 590 1417 697 1481; x_wconf 87' lang='lat' dir='ltr'>dictus</span> <span class='ocrx_word' id='word_1_67' title='bbox 722 1417 869 1503; x_wconf 84' lang='lat' dir='ltr'>pontifex</span> <span class='ocrx_word' id='word_1_68' title='bbox 893 1417 978 1480; x_wconf 92' lang='lat' dir='ltr'>inter</span> <span class='ocrx_word' id='word_1_69' title='bbox 1008 1416 1134 1502; x_wconf 89' lang='lat' dir='ltr'>reliqua</span> <span class='ocrx_word' id='word_1_70' title='bbox 1164 1429 1345 1482; x_wconf 89' lang='lat' dir='ltr'>strumenta</span> <span class='ocrx_word' id='word_1_71' title='bbox 1368 1431 1531 1482; x_wconf 89' lang='lat' dir='ltr'>cartarum</span> <span class='ocrx_word' id='word_1_72' title='bbox 1556 1429 1588 1482; x_wconf 89' lang='lat' dir='ltr'>et</span> <span class='ocrx_word' id='word_1_73' title='bbox 1612 1430 1768 1505; x_wconf 86' lang='lat' dir='ltr'>precepta</span> <span class='ocrx_word' id='word_1_74' title='bbox 1789 1417 1916 1503; x_wconf 89' lang='lat' dir='ltr'>regalia</span> 
     </span>
     <span class='ocr_line' id='line_1_8' title="bbox 262 1522 1914 1611; baseline 0 -22"><span class='ocrx_word' id='word_1_75' title='bbox 262 1548 360 1589; x_wconf 90' lang='lat' dir='ltr'>unum</span> <span class='ocrx_word' id='word_1_76' title='bbox 390 1534 612 1611; x_wconf 88' lang='lat' dir='ltr'>praeceptum,</span> <span class='ocrx_word' id='word_1_77' title='bbox 644 1524 732 1610; x_wconf 92' lang='lat' dir='ltr'>quod</span> <span class='ocrx_word' id='word_1_78' title='bbox 763 1522 899 1587; x_wconf 87' lang='lat' dir='ltr'>domnus</span> <span class='ocrx_word' id='word_1_79' title='bbox 931 1523 1073 1588; x_wconf 87' lang='lat' dir='ltr'>Karolus</span> <span class='ocrx_word' id='word_1_80' title='bbox 1104 1522 1214 1587; x_wconf 89' lang='lat' dir='ltr'>facere</span> <span class='ocrx_word' id='word_1_81' title='bbox 1245 1526 1348 1606; x_wconf 89' lang='lat' dir='ltr'>iussit,</span> <span class='ocrx_word' id='word_1_82' title='bbox 1381 1547 1440 1587; x_wconf 91' lang='lat' dir='ltr'>sua</span> <span class='ocrx_word' id='word_1_83' title='bbox 1471 1523 1625 1589; x_wconf 87' lang='lat' dir='ltr'>videlicet</span> <span class='ocrx_word' id='word_1_84' title='bbox 1656 1525 1788 1611; x_wconf 89' lang='lat' dir='ltr'>propria</span> <span class='ocrx_word' id='word_1_85' title='bbox 1818 1548 1914 1589; x_wconf 90' lang='lat' dir='ltr'>manu</span> 
     </span>
     <span class='ocr_line' id='line_1_9' title="bbox 260 1628 1913 1717; baseline 0 -22"><span class='ocrx_word' id='word_1_86' title='bbox 260 1630 447 1697; x_wconf 89' lang='lat' dir='ltr'>roboratum</span> <span class='ocrx_word' id='word_1_87' title='bbox 472 1641 505 1694; x_wconf 91' lang='lat' dir='ltr'>et</span> <span class='ocrx_word' id='word_1_88' title='bbox 527 1630 624 1695; x_wconf 90' lang='lat' dir='ltr'>anulo</span> <span class='ocrx_word' id='word_1_89' title='bbox 648 1653 706 1694; x_wconf 93' lang='lat' dir='ltr'>suo</span> <span class='ocrx_word' id='word_1_90' title='bbox 731 1628 843 1694; x_wconf 80' lang='lat' dir='ltr'>subter</span> <span class='ocrx_word' id='word_1_91' title='bbox 867 1630 1052 1716; x_wconf 85' lang='lat' dir='ltr'>sigillatum,</span> <span class='ocrx_word' id='word_1_92' title='bbox 1077 1653 1137 1717; x_wconf 92' lang='lat' dir='ltr'>per</span> <span class='ocrx_word' id='word_1_93' title='bbox 1155 1630 1243 1716; x_wconf 87' lang='lat' dir='ltr'>quod</span> <span class='ocrx_word' id='word_1_94' title='bbox 1259 1631 1329 1717; x_wconf 85' lang='lat' dir='ltr'>ipse</span> <span class='ocrx_word' id='word_1_95' title='bbox 1345 1632 1409 1694; x_wconf 90' lang='lat' dir='ltr'>iam</span> <span class='ocrx_word' id='word_1_96' title='bbox 1427 1631 1550 1696; x_wconf 87' lang='lat' dir='ltr'>dictum</span> <span class='ocrx_word' id='word_1_97' title='bbox 1566 1633 1797 1697; x_wconf 89' lang='lat' dir='ltr'>monasterium</span> <span class='ocrx_word' id='word_1_98' title='bbox 1813 1631 1913 1696; x_wconf 83' lang='lat' dir='ltr'>Fran·</span> 
     </span>
     <span class='ocr_line' id='line_1_10' title="bbox 261 1736 1914 1824; baseline 0 -22"><span class='ocrx_word' id='word_1_99' title='bbox 261 1739 334 1803; x_wconf 92' lang='lat' dir='ltr'>coni</span> <span class='ocrx_word' id='word_1_100' title='bbox 366 1739 520 1824; x_wconf 83' lang='lat' dir='ltr'>episcopo</span> <span class='ocrx_word' id='word_1_101' title='bbox 550 1737 753 1823; x_wconf 79' lang='lat' dir='ltr'>ecclesieque</span> <span class='ocrx_word' id='word_1_102' title='bbox 784 1736 846 1801; x_wconf 87' lang='lat' dir='ltr'>sibi</span> <span class='ocrx_word' id='word_1_103' title='bbox 877 1737 1048 1801; x_wconf 84' lang='lat' dir='ltr'>commisse</span> <span class='ocrx_word' id='word_1_104' title='bbox 1079 1736 1222 1801; x_wconf 88' lang='lat' dir='ltr'>reddidit</span> <span class='ocrx_word' id='word_1_105' title='bbox 1233 1743 1254 1818; x_wconf 80' lang='lat'>²,</span> <span class='ocrx_word' id='word_1_106' title='bbox 1286 1749 1318 1801; x_wconf 93' lang='lat' dir='ltr'>et</span> <span class='ocrx_word' id='word_1_107' title='bbox 1347 1737 1498 1802; x_wconf 86' lang='lat' dir='ltr'>monachi</span> <span class='ocrx_word' id='word_1_108' title='bbox 1529 1737 1690 1823; x_wconf 80' lang='lat' dir='ltr'>praedicti</span> <span class='ocrx_word' id='word_1_109' title='bbox 1722 1737 1914 1824; x_wconf 87' lang='lat' dir='ltr'>Sigemundi</span> 
     </span>
     <span class='ocr_line' id='line_1_11' title="bbox 217 1842 1913 1931; baseline -0.003 -18"><span class='ocrx_word' id='word_1_110' title='bbox 217 1872 243 1913; x_wconf 82' lang='lat' dir='ltr'>ro</span> <span class='ocrx_word' id='word_1_111' title='bbox 262 1844 425 1931; x_wconf 81' lang='lat' dir='ltr'>quoddam</span> <span class='ocrx_word' id='word_1_112' title='bbox 449 1854 659 1930; x_wconf 87' lang='lat' dir='ltr'>praeceptum</span> <span class='ocrx_word' id='word_1_113' title='bbox 683 1843 724 1908; x_wconf 91' lang='lat' dir='ltr'>de</span> <span class='ocrx_word' id='word_1_114' title='bbox 749 1843 906 1908; x_wconf 87' lang='lat' dir='ltr'>electione</span> <span class='ocrx_word' id='word_1_115' title='bbox 930 1866 1053 1922; x_wconf 89' lang='lat' dir='ltr'>eorum,</span> <span class='ocrx_word' id='word_1_116' title='bbox 1078 1856 1113 1907; x_wconf 91' lang='lat' dir='ltr'>nt</span> <span class='ocrx_word' id='word_1_117' title='bbox 1137 1844 1177 1908; x_wconf 91' lang='lat' dir='ltr'>de</span> <span class='ocrx_word' id='word_1_118' title='bbox 1201 1845 1384 1931; x_wconf 85' lang='lat' dir='ltr'>semetipsis</span> <span class='ocrx_word' id='word_1_119' title='bbox 1409 1842 1567 1909; x_wconf 88' lang='lat' dir='ltr'>haberent</span> <span class='ocrx_word' id='word_1_120' title='bbox 1590 1844 1755 1909; x_wconf 86' lang='lat' dir='ltr'>licentiam</span> <span class='ocrx_word' id='word_1_121' title='bbox 1772 1843 1913 1930; x_wconf 88' lang='lat' dir='ltr'>eligendi</span> 
     </span>
     <span class='ocr_line' id='line_1_12' title="bbox 261 1948 1913 2038; baseline 0 -22"><span class='ocrx_word' id='word_1_122' title='bbox 261 1950 424 2032; x_wconf 90' lang='lat' dir='ltr'>abbatem,</span> <span class='ocrx_word' id='word_1_123' title='bbox 450 1950 536 2036; x_wconf 90' lang='lat' dir='ltr'>qnod</span> <span class='ocrx_word' id='word_1_124' title='bbox 553 1950 708 2014; x_wconf 88' lang='lat' dir='ltr'>dicebant</span> <span class='ocrx_word' id='word_1_125' title='bbox 730 1951 820 2015; x_wconf 89' lang='lat' dir='ltr'>iussu</span> <span class='ocrx_word' id='word_1_126' title='bbox 844 1948 953 2014; x_wconf 91' lang='lat' dir='ltr'>domni</span> <span class='ocrx_word' id='word_1_127' title='bbox 973 1950 1151 2015; x_wconf 90' lang='lat' dir='ltr'>Hludovici</span> <span class='ocrx_word' id='word_1_128' title='bbox 1173 1952 1311 2038; x_wconf 89' lang='lat' dir='ltr'>piissimi</span> <span class='ocrx_word' id='word_1_129' title='bbox 1336 1953 1540 2038; x_wconf 87' lang='lat' dir='ltr'>imperatoris</span> <span class='ocrx_word' id='word_1_130' title='bbox 1564 1975 1636 2016; x_wconf 89' lang='lat' dir='ltr'>ease</span> <span class='ocrx_word' id='word_1_131' title='bbox 1661 1953 1913 2038; x_wconf 73' lang='lat' dir='ltr'>conscriptum3.</span> 
     </span>
     <span class='ocr_line' id='line_1_13' title="bbox 261 2056 1915 2146; baseline 0 -23"><span class='ocrx_word' id='word_1_132' title='bbox 261 2058 315 2123; x_wconf 83' lang='lat' dir='ltr'>Ad</span> <span class='ocrx_word' id='word_1_133' title='bbox 340 2057 427 2144; x_wconf 91' lang='lat' dir='ltr'>quod</span> <span class='ocrx_word' id='word_1_134' title='bbox 451 2056 619 2144; x_wconf 84' lang='lat' dir='ltr'>respondit</span> <span class='ocrx_word' id='word_1_135' title='bbox 642 2056 779 2122; x_wconf 86' lang='lat' dir='ltr'>domnus</span> <span class='ocrx_word' id='word_1_136' title='bbox 803 2058 997 2143; x_wconf 88' lang='lat' dir='ltr'>imperator:</span> <span class='ocrx_word' id='word_1_137' title='bbox 1029 2056 1077 2122; x_wconf 79' lang='lat' dir='ltr'>‘si</span> <span class='ocrx_word' id='word_1_138' title='bbox 1100 2080 1161 2145; x_wconf 89' lang='lat' dir='ltr'>ego</span> <span class='ocrx_word' id='word_1_139' title='bbox 1186 2057 1247 2122; x_wconf 90' lang='lat' dir='ltr'>hoc</span> <span class='ocrx_word' id='word_1_140' title='bbox 1271 2070 1482 2146; x_wconf 88' lang='lat' dir='ltr'>praeceptum</span> <span class='ocrx_word' id='word_1_141' title='bbox 1506 2060 1577 2123; x_wconf 85' lang='lat' dir='ltr'>fieri</span> <span class='ocrx_word' id='word_1_142' title='bbox 1602 2059 1691 2140; x_wconf 90' lang='lat' dir='ltr'>iussi,</span> <span class='ocrx_word' id='word_1_143' title='bbox 1716 2056 1915 2140; x_wconf 86' lang='lat' dir='ltr'>nesciebam,</span> 
     </span>
     <span class='ocr_line' id='line_1_14' title="bbox 261 2163 1915 2252; baseline 0.001 -23"><span class='ocrx_word' id='word_1_144' title='bbox 261 2166 349 2252; x_wconf 92' lang='lat' dir='ltr'>quod</span> <span class='ocrx_word' id='word_1_145' title='bbox 380 2164 583 2251; x_wconf 87' lang='lat' dir='ltr'>praedictum</span> <span class='ocrx_word' id='word_1_146' title='bbox 614 2165 846 2229; x_wconf 84' lang='lat' dir='ltr'>monasterium</span> <span class='ocrx_word' id='word_1_147' title='bbox 876 2163 916 2227; x_wconf 89' lang='lat' dir='ltr'>de</span> <span class='ocrx_word' id='word_1_148' title='bbox 947 2165 1114 2250; x_wconf 89' lang='lat' dir='ltr'>episcopio</span> <span class='ocrx_word' id='word_1_149' title='bbox 1139 2164 1383 2230; x_wconf 87' lang='lat' dir='ltr'>Cenomannieo</span> <span class='ocrx_word' id='word_1_150' title='bbox 1414 2178 1511 2246; x_wconf 86' lang='lat' dir='ltr'>essct,</span> <span class='ocrx_word' id='word_1_151' title='bbox 1542 2178 1574 2230; x_wconf 89' lang='lat' dir='ltr'>ct</span> <span class='ocrx_word' id='word_1_152' title='bbox 1598 2163 1799 2250; x_wconf 78' lang='lat' dir='ltr'>ignorabam,</span> <span class='ocrx_word' id='word_1_153' title='bbox 1827 2165 1915 2251; x_wconf 88' lang='lat' dir='ltr'>quod</span> 
     </span>
     <span class='ocr_line' id='line_1_15' title="bbox 260 2269 1915 2360; baseline -0.001 -24"><span class='ocrx_word' id='word_1_154' title='bbox 260 2284 354 2360; x_wconf 91' lang='lat' dir='ltr'>pater</span> <span class='ocrx_word' id='word_1_155' title='bbox 384 2294 476 2335; x_wconf 89' lang='lat' dir='ltr'>meus</span> <span class='ocrx_word' id='word_1_156' title='bbox 507 2270 587 2336; x_wconf 92' lang='lat' dir='ltr'>illud</span> <span class='ocrx_word' id='word_1_157' title='bbox 618 2269 664 2335; x_wconf 90' lang='lat' dir='ltr'>ibi</span> <span class='ocrx_word' id='word_1_158' title='bbox 694 2294 754 2358; x_wconf 89' lang='lat' dir='ltr'>per</span> <span class='ocrx_word' id='word_1_159' title='bbox 784 2294 877 2336; x_wconf 91' lang='lat' dir='ltr'>suum</span> <span class='ocrx_word' id='word_1_160' title='bbox 907 2284 1119 2358; x_wconf 87' lang='lat' dir='ltr'>praeceptum</span> <span class='ocrx_word' id='word_1_161' title='bbox 1150 2271 1312 2336; x_wconf 88' lang='lat' dir='ltr'>redderet.</span> <span class='ocrx_word' id='word_1_162' title='bbox 1360 2271 1426 2337; x_wconf 88' lang='lat' dir='ltr'>Sed</span> <span class='ocrx_word' id='word_1_163' title='bbox 1451 2274 1528 2358; x_wconf 88' lang='lat' dir='ltr'>quia</span> <span class='ocrx_word' id='word_1_164' title='bbox 1551 2294 1609 2336; x_wconf 90' lang='lat' dir='ltr'>vos</span> <span class='ocrx_word' id='word_1_165' title='bbox 1641 2284 1673 2336; x_wconf 89' lang='lat' dir='ltr'>et</span> <span class='ocrx_word' id='word_1_166' title='bbox 1696 2293 1791 2358; x_wconf 91' lang='lat' dir='ltr'>pares</span> <span class='ocrx_word' id='word_1_167' title='bbox 1816 2273 1915 2336; x_wconf 87' lang='lat' dir='ltr'>vestri</span> 
     </span>
     <span class='ocr_line' id='line_1_16' title="bbox 218 2377 1914 2465; baseline -0.002 -20"><span class='ocrx_word' id='word_1_168' title='bbox 218 2406 243 2446; x_wconf 82' lang='lat' dir='ltr'>n</span> <span class='ocrx_word' id='word_1_169' title='bbox 262 2380 322 2444; x_wconf 88' lang='lat' dir='ltr'>hec</span> <span class='ocrx_word' id='word_1_170' title='bbox 354 2378 433 2443; x_wconf 90' lang='lat' dir='ltr'>mihi</span> <span class='ocrx_word' id='word_1_171' title='bbox 464 2377 593 2442; x_wconf 88' lang='lat' dir='ltr'>celastis</span> <span class='ocrx_word' id='word_1_172' title='bbox 623 2390 656 2442; x_wconf 89' lang='lat' dir='ltr'>et</span> <span class='ocrx_word' id='word_1_173' title='bbox 686 2401 744 2464; x_wconf 90' lang='lat' dir='ltr'>per</span> <span class='ocrx_word' id='word_1_174' title='bbox 773 2377 922 2443; x_wconf 87' lang='lat' dir='ltr'>fraudem</span> <span class='ocrx_word' id='word_1_175' title='bbox 946 2390 978 2442; x_wconf 90' lang='lat' dir='ltr'>et</span> <span class='ocrx_word' id='word_1_176' title='bbox 1002 2377 1122 2442; x_wconf 89' lang='lat' dir='ltr'>malum</span> <span class='ocrx_word' id='word_1_177' title='bbox 1146 2378 1313 2464; x_wconf 86' lang='lat' dir='ltr'>ingenium</span> <span class='ocrx_word' id='word_1_178' title='bbox 1337 2379 1445 2442; x_wconf 87' lang='lat' dir='ltr'>facere</span> <span class='ocrx_word' id='word_1_179' title='bbox 1470 2379 1626 2460; x_wconf 84' lang='lat' dir='ltr'>suasistis,</span> <span class='ocrx_word' id='word_1_180' title='bbox 1659 2377 1781 2443; x_wconf 87' lang='lat' dir='ltr'>idcirco</span> <span class='ocrx_word' id='word_1_181' title='bbox 1810 2379 1914 2465; x_wconf 86' lang='lat' dir='ltr'>ipsum</span> 
     </span>
     <span class='ocr_line' id='line_1_17' title="bbox 262 2484 1915 2574; baseline 0 -24"><span class='ocrx_word' id='word_1_182' title='bbox 262 2497 484 2574; x_wconf 90' lang='lat' dir='ltr'>praeceptum,</span> <span class='ocrx_word' id='word_1_183' title='bbox 509 2484 596 2572; x_wconf 93' lang='lat' dir='ltr'>quod</span> <span class='ocrx_word' id='word_1_184' title='bbox 620 2484 699 2550; x_wconf 91' lang='lat' dir='ltr'>mihi</span> <span class='ocrx_word' id='word_1_185' title='bbox 722 2485 912 2572; x_wconf 86' lang='lat' dir='ltr'>praecipere</span> <span class='ocrx_word' id='word_1_186' title='bbox 936 2484 1007 2548; x_wconf 85' lang='lat' dir='ltr'>ficri</span> <span class='ocrx_word' id='word_1_187' title='bbox 1031 2484 1149 2568; x_wconf 87' lang='lat' dir='ltr'>dicitis,</span> <span class='ocrx_word' id='word_1_188' title='bbox 1173 2497 1282 2549; x_wconf 80' lang='lat' dir='ltr'>vestro</span> <span class='ocrx_word' id='word_1_189' title='bbox 1302 2485 1472 2550; x_wconf 88' lang='lat' dir='ltr'>mendacio</span> <span class='ocrx_word' id='word_1_190' title='bbox 1489 2485 1679 2569; x_wconf 86' lang='lat' dir='ltr'>infirmatur,</span> <span class='ocrx_word' id='word_1_191' title='bbox 1704 2486 1782 2571; x_wconf 88' lang='lat' dir='ltr'>quia</span> <span class='ocrx_word' id='word_1_192' title='bbox 1806 2509 1915 2566; x_wconf 90' lang='lat' dir='ltr'>causa,</span> 
     </span>
     <span class='ocr_line' id='line_1_18' title="bbox 262 2590 1915 2680; baseline 0 -23"><span class='ocrx_word' id='word_1_193' title='bbox 262 2592 318 2657; x_wconf 91' lang='lat' dir='ltr'>ubi</span> <span class='ocrx_word' id='word_1_194' title='bbox 338 2593 426 2656; x_wconf 82' lang='lat' dir='ltr'>fraus</span> <span class='ocrx_word' id='word_1_195' title='bbox 443 2592 626 2672; x_wconf 85' lang='lat' dir='ltr'>intercedit,</span> <span class='ocrx_word' id='word_1_196' title='bbox 650 2614 714 2656; x_wconf 91' lang='lat' dir='ltr'>uon</span> <span class='ocrx_word' id='word_1_197' title='bbox 732 2590 829 2673; x_wconf 85' lang='lat' dir='ltr'>valet,</span> <span class='ocrx_word' id='word_1_198' title='bbox 854 2590 912 2656; x_wconf 91' lang='lat' dir='ltr'>sed</span> <span class='ocrx_word' id='word_1_199' title='bbox 928 2593 1033 2677; x_wconf 89' lang='lat' dir='ltr'>magis</span> <span class='ocrx_word' id='word_1_200' title='bbox 1052 2590 1193 2678; x_wconf 89' lang='lat' dir='ltr'>reproba</span> <span class='ocrx_word' id='word_1_201' title='bbox 1209 2591 1357 2656; x_wconf 85' lang='lat' dir='ltr'>efficitur.</span> <span class='ocrx_word' id='word_1_202' title='bbox 1394 2592 1438 2656; x_wconf 82' lang='lat' dir='ltr'>Et</span> <span class='ocrx_word' id='word_1_203' title='bbox 1452 2592 1527 2656; x_wconf 88' lang='lat' dir='ltr'>ideo</span> <span class='ocrx_word' id='word_1_204' title='bbox 1544 2604 1687 2656; x_wconf 83' lang='lat' dir='ltr'>vestrum</span> <span class='ocrx_word' id='word_1_205' title='bbox 1704 2605 1915 2680; x_wconf 89' lang='lat' dir='ltr'>praeceptum</span> 
     </span>
     <span class='ocr_line' id='line_1_19' title="bbox 263 2697 1915 2786; baseline -0.002 -21"><span class='ocrx_word' id='word_1_206' title='bbox 263 2711 349 2766; x_wconf 87' lang='lat' dir='ltr'>stare</span> <span class='ocrx_word' id='word_1_207' title='bbox 373 2722 437 2764; x_wconf 92' lang='lat' dir='ltr'>non</span> <span class='ocrx_word' id='word_1_208' title='bbox 462 2700 589 2786; x_wconf 85' lang='lat' dir='ltr'>poterit,</span> <span class='ocrx_word' id='word_1_209' title='bbox 620 2700 698 2786; x_wconf 91' lang='lat' dir='ltr'>quia</span> <span class='ocrx_word' id='word_1_210' title='bbox 721 2711 829 2763; x_wconf 87' lang='lat' dir='ltr'>vestro</span> <span class='ocrx_word' id='word_1_211' title='bbox 853 2697 1024 2763; x_wconf 88' lang='lat' dir='ltr'>mendacio</span> <span class='ocrx_word' id='word_1_212' title='bbox 1049 2712 1081 2763; x_wconf 92' lang='lat' dir='ltr'>et</span> <span class='ocrx_word' id='word_1_213' title='bbox 1104 2710 1213 2763; x_wconf 83' lang='lat' dir='ltr'>vestra</span> <span class='ocrx_word' id='word_1_214' title='bbox 1236 2697 1351 2763; x_wconf 83' lang='lat' dir='ltr'>fraude</span> <span class='ocrx_word' id='word_1_215' title='bbox 1382 2700 1466 2786; x_wconf 91' lang='lat' dir='ltr'>perit</span> <span class='ocrx_word' id='word_1_216' title='bbox 1496 2709 1529 2763; x_wconf 88' lang='lat' dir='ltr'>et</span> <span class='ocrx_word' id='word_1_217' title='bbox 1551 2697 1697 2764; x_wconf 89' lang='lat' dir='ltr'>funditus</span> <span class='ocrx_word' id='word_1_218' title='bbox 1728 2697 1915 2778; x_wconf 87' lang='lat' dir='ltr'>destruitur,</span> 
     </span>
     <span class='ocr_line' id='line_1_20' title="bbox 263 2805 1915 2892; baseline -0.001 -22"><span class='ocrx_word' id='word_1_219' title='bbox 263 2808 332 2871; x_wconf 90' lang='lat' dir='ltr'>sive</span> <span class='ocrx_word' id='word_1_220' title='bbox 357 2807 384 2870; x_wconf 90' lang='lat' dir='ltr'>si</span> <span class='ocrx_word' id='word_1_221' title='bbox 408 2829 466 2870; x_wconf 90' lang='lat' dir='ltr'>nos</span> <span class='ocrx_word' id='word_1_222' title='bbox 490 2829 587 2871; x_wconf 89' lang='lat' dir='ltr'>unam</span> <span class='ocrx_word' id='word_1_223' title='bbox 611 2805 705 2870; x_wconf 80' lang='lat' dir='ltr'>vobis</span> <span class='ocrx_word' id='word_1_224' title='bbox 729 2816 854 2871; x_wconf 83' lang='lat' dir='ltr'>tanturn</span> <span class='ocrx_word' id='word_1_225' title='bbox 878 2806 1070 2870; x_wconf 88' lang='lat' dir='ltr'>electionem</span> <span class='ocrx_word' id='word_1_226' title='bbox 1094 2806 1326 2886; x_wconf 90' lang='lat' dir='ltr'>concessimus,</span> <span class='ocrx_word' id='word_1_227' title='bbox 1350 2806 1454 2892; x_wconf 86' lang='lat' dir='ltr'>ipsam</span> <span class='ocrx_word' id='word_1_228' title='bbox 1479 2807 1544 2870; x_wconf 89' lang='lat' dir='ltr'>cito</span> <span class='ocrx_word' id='word_1_229' title='bbox 1567 2806 1691 2870; x_wconf 87' lang='lat' dir='ltr'>finitam</span> <span class='ocrx_word' id='word_1_230' title='bbox 1708 2827 1780 2869; x_wconf 89' lang='lat' dir='ltr'>esse</span> <span class='ocrx_word' id='word_1_231' title='bbox 1797 2827 1915 2890; x_wconf 85' lang='lat' dir='ltr'>coguo-</span> 
     </span>
     <span class='ocr_line' id='line_1_21' title="bbox 217 2909 1916 2999; baseline -0.002 -21"><span class='ocrx_word' id='word_1_232' title='bbox 217 2915 393 2994; x_wconf 73' lang='lat' dir='ltr'>noscimus,</span> <span class='ocrx_word' id='word_1_233' title='bbox 418 2914 495 2999; x_wconf 89' lang='lat' dir='ltr'>quia</span> <span class='ocrx_word' id='word_1_234' title='bbox 519 2912 748 2999; x_wconf 89' lang='lat' dir='ltr'>Sigemundus,</span> <span class='ocrx_word' id='word_1_235' title='bbox 773 2936 870 2999; x_wconf 89' lang='lat' dir='ltr'>quem</span> <span class='ocrx_word' id='word_1_236' title='bbox 889 2911 982 2975; x_wconf 87' lang='lat' dir='ltr'>vobis</span> <span class='ocrx_word' id='word_1_237' title='bbox 1006 2909 1159 2976; x_wconf 86' lang='lat' dir='ltr'>abbatem</span> <span class='ocrx_word' id='word_1_238' title='bbox 1183 2911 1339 2997; x_wconf 88' lang='lat' dir='ltr'>elegistis,</span> <span class='ocrx_word' id='word_1_239' title='bbox 1363 2924 1576 2977; x_wconf 88' lang='lat' dir='ltr'>memoratum</span> <span class='ocrx_word' id='word_1_240' title='bbox 1601 2913 1833 2977; x_wconf 87' lang='lat' dir='ltr'>monasterium</span> <span class='ocrx_word' id='word_1_241' title='bbox 1857 2934 1916 2977; x_wconf 89' lang='lat' dir='ltr'>aua</span> 
     </span>
     <span class='ocr_line' id='line_1_22' title="bbox 263 3017 1916 3106; baseline -0.001 -21"><span class='ocrx_word' id='word_1_242' title='bbox 263 3019 359 3106; x_wconf 91' lang='lat' dir='ltr'>culpa</span> <span class='ocrx_word' id='word_1_243' title='bbox 389 3018 541 3106; x_wconf 87' lang='lat' dir='ltr'>perdidit,</span> <span class='ocrx_word' id='word_1_244' title='bbox 573 3021 650 3105; x_wconf 89' lang='lat' dir='ltr'>quia</span> <span class='ocrx_word' id='word_1_245' title='bbox 678 3018 773 3083; x_wconf 90' lang='lat' dir='ltr'>nobis</span> <span class='ocrx_word' id='word_1_246' title='bbox 803 3018 1016 3083; x_wconf 87' lang='lat' dir='ltr'>inoboediens</span> <span class='ocrx_word' id='word_1_247' title='bbox 1044 3028 1079 3082; x_wconf 90' lang='lat' dir='ltr'>et</span> <span class='ocrx_word' id='word_1_248' title='bbox 1109 3017 1249 3082; x_wconf 88' lang='lat' dir='ltr'>infidelis</span> <span class='ocrx_word' id='word_1_249' title='bbox 1280 3018 1408 3083; x_wconf 88' lang='lat' dir='ltr'>extitit&#39;.</span> <span class='ocrx_word' id='word_1_250' title='bbox 1462 3018 1555 3083; x_wconf 89' lang='lat' dir='ltr'>Haec</span> <span class='ocrx_word' id='word_1_251' title='bbox 1591 3018 1698 3082; x_wconf 90' lang='lat' dir='ltr'>taliter</span> <span class='ocrx_word' id='word_1_252' title='bbox 1729 3017 1916 3104; x_wconf 87' lang='lat' dir='ltr'>praedictus</span> 
     </span>
     <span class='ocr_line' id='line_1_23' title="bbox 262 3124 1916 3213; baseline -0.001 -23"><span class='ocrx_word' id='word_1_253' title='bbox 262 3127 399 3191; x_wconf 90' lang='lat' dir='ltr'>domnus</span> <span class='ocrx_word' id='word_1_254' title='bbox 431 3128 607 3213; x_wconf 87' lang='lat' dir='ltr'>imperator</span> <span class='ocrx_word' id='word_1_255' title='bbox 636 3149 738 3212; x_wconf 88' lang='lat' dir='ltr'>agens</span> <span class='ocrx_word' id='word_1_256' title='bbox 768 3127 982 3212; x_wconf 84' lang='lat' dir='ltr'>interrogavit</span> <span class='ocrx_word' id='word_1_257' title='bbox 1012 3138 1147 3189; x_wconf 90' lang='lat' dir='ltr'>cunctos</span> <span class='ocrx_word' id='word_1_258' title='bbox 1178 3127 1435 3205; x_wconf 86' lang='lat' dir='ltr'>circumstantes,</span> <span class='ocrx_word' id='word_1_259' title='bbox 1472 3125 1551 3211; x_wconf 90' lang='lat' dir='ltr'>quid</span> <span class='ocrx_word' id='word_1_260' title='bbox 1582 3147 1680 3212; x_wconf 88' lang='lat' dir='ltr'>snper</span> <span class='ocrx_word' id='word_1_261' title='bbox 1711 3124 1771 3189; x_wconf 86' lang='lat' dir='ltr'>hae</span> <span class='ocrx_word' id='word_1_262' title='bbox 1802 3147 1837 3188; x_wconf 91' lang='lat' dir='ltr'>re</span> <span class='ocrx_word' id='word_1_263' title='bbox 1869 3127 1916 3189; x_wconf 90' lang='lat' dir='ltr'>cis</span> 
     </span>
     <span class='ocr_line' id='line_1_24' title="bbox 261 3227 1915 3319; baseline -0.002 -22"><span class='ocrx_word' id='word_1_264' title='bbox 261 3235 382 3298; x_wconf 88' lang='lat' dir='ltr'>rectius</span> <span class='ocrx_word' id='word_1_265' title='bbox 406 3232 588 3298; x_wconf 87' lang='lat' dir='ltr'>videbatur.</span> <span class='ocrx_word' id='word_1_266' title='bbox 626 3232 691 3314; x_wconf 78' lang='lat' dir='ltr'>Qui</span> <span class='ocrx_word' id='word_1_267' title='bbox 711 3232 944 3319; x_wconf 87' lang='lat' dir='ltr'>respondentes</span> <span class='ocrx_word' id='word_1_268' title='bbox 968 3232 1122 3296; x_wconf 83' lang='lat' dir='ltr'>dixerunt</span> <span class='ocrx_word' id='word_1_269' title='bbox 1144 3242 1211 3295; x_wconf 88' lang='lat' dir='ltr'>tam</span> <span class='ocrx_word' id='word_1_270' title='bbox 1236 3233 1381 3319; x_wconf 89' lang='lat' dir='ltr'>episcopi</span> <span class='ocrx_word' id='word_1_271' title='bbox 1405 3254 1502 3318; x_wconf 88' lang='lat' dir='ltr'>quam</span> <span class='ocrx_word' id='word_1_272' title='bbox 1527 3230 1662 3295; x_wconf 89' lang='lat' dir='ltr'>abbates</span> <span class='ocrx_word' id='word_1_273' title='bbox 1686 3232 1756 3296; x_wconf 82' lang='lat' dir='ltr'>sive</span> <span class='ocrx_word' id='word_1_274' title='bbox 1781 3227 1915 3296; x_wconf 82' lang='lat' dir='ltr'>comites</span> 
     </span>
     <span class='ocr_line' id='line_1_25' title="bbox 262 3338 1917 3427; baseline -0.002 -22"><span class='ocrx_word' id='word_1_275' title='bbox 262 3351 295 3405; x_wconf 88' lang='lat' dir='ltr'>et</span> <span class='ocrx_word' id='word_1_276' title='bbox 318 3340 435 3427; x_wconf 88' lang='lat' dir='ltr'>reliqui</span> <span class='ocrx_word' id='word_1_277' title='bbox 459 3362 588 3404; x_wconf 84' lang='lat' dir='ltr'>ornnes:</span> <span class='ocrx_word' id='word_1_278' title='bbox 614 3339 717 3404; x_wconf 84' lang='lat' dir='ltr'>‘Haec</span> <span class='ocrx_word' id='word_1_279' title='bbox 741 3340 923 3426; x_wconf 86' lang='lat' dir='ltr'>posteriora</span> <span class='ocrx_word' id='word_1_280' title='bbox 947 3351 1132 3426; x_wconf 89' lang='lat' dir='ltr'>praecepta,</span> <span class='ocrx_word' id='word_1_281' title='bbox 1157 3361 1241 3425; x_wconf 89' lang='lat' dir='ltr'>quae</span> <span class='ocrx_word' id='word_1_282' title='bbox 1266 3338 1318 3402; x_wconf 88' lang='lat' dir='ltr'>isti</span> <span class='ocrx_word' id='word_1_283' title='bbox 1342 3338 1493 3403; x_wconf 88' lang='lat' dir='ltr'>monachi</span> <span class='ocrx_word' id='word_1_284' title='bbox 1517 3339 1666 3420; x_wconf 84' lang='lat' dir='ltr'>afferunt,</span> <span class='ocrx_word' id='word_1_285' title='bbox 1692 3361 1756 3402; x_wconf 92' lang='lat' dir='ltr'>non</span> <span class='ocrx_word' id='word_1_286' title='bbox 1781 3350 1917 3425; x_wconf 91' lang='lat' dir='ltr'>possunt</span> 
     </span>
     <span class='ocr_line' id='line_1_26' title="bbox 216 3443 1917 3533; baseline -0.002 -21"><span class='ocrx_word' id='word_1_287' title='bbox 216 3472 244 3512; x_wconf 83' lang='lat' dir='ltr'>ss</span> <span class='ocrx_word' id='word_1_288' title='bbox 263 3447 429 3512; x_wconf 85' lang='lat' dir='ltr'>destruere</span> <span class='ocrx_word' id='word_1_289' title='bbox 460 3447 634 3527; x_wconf 88' lang='lat' dir='ltr'>anteriora,</span> <span class='ocrx_word' id='word_1_290' title='bbox 669 3469 754 3533; x_wconf 87' lang='lat' dir='ltr'>quae</span> <span class='ocrx_word' id='word_1_291' title='bbox 785 3445 938 3510; x_wconf 84' lang='lat' dir='ltr'>Aldricns</span> <span class='ocrx_word' id='word_1_292' title='bbox 969 3447 1141 3532; x_wconf 86' lang='lat' dir='ltr'>episcopus</span> <span class='ocrx_word' id='word_1_293' title='bbox 1173 3456 1205 3509; x_wconf 89' lang='lat' dir='ltr'>et</span> <span class='ocrx_word' id='word_1_294' title='bbox 1229 3444 1391 3509; x_wconf 86' lang='lat' dir='ltr'>aecclesia</span> <span class='ocrx_word' id='word_1_295' title='bbox 1420 3444 1482 3509; x_wconf 90' lang='lat' dir='ltr'>sibi</span> <span class='ocrx_word' id='word_1_296' title='bbox 1515 3446 1688 3509; x_wconf 84' lang='lat' dir='ltr'>commissa</span> <span class='ocrx_word' id='word_1_297' title='bbox 1711 3443 1825 3528; x_wconf 84' lang='lat' dir='ltr'>habet3</span> <span class='ocrx_word' id='word_1_298' title='bbox 1858 3445 1917 3510; x_wconf 91' lang='lat' dir='ltr'>sed</span> 
     </span>
     <span class='ocr_line' id='line_1_27' title="bbox 263 3551 1915 3639; baseline -0.002 -20"><span class='ocrx_word' id='word_1_299' title='bbox 263 3554 479 3619; x_wconf 86' lang='lat' dir='ltr'>anterioribus</span> <span class='ocrx_word' id='word_1_300' title='bbox 503 3552 686 3618; x_wconf 86' lang='lat' dir='ltr'>cedendum</span> <span class='ocrx_word' id='word_1_301' title='bbox 711 3564 760 3617; x_wconf 90' lang='lat' dir='ltr'>est</span> <span class='ocrx_word' id='word_1_302' title='bbox 783 3563 816 3616; x_wconf 92' lang='lat' dir='ltr'>et</span> <span class='ocrx_word' id='word_1_303' title='bbox 839 3553 1029 3639; x_wconf 86' lang='lat' dir='ltr'>posteriora,</span> <span class='ocrx_word' id='word_1_304' title='bbox 1054 3573 1138 3638; x_wconf 91' lang='lat' dir='ltr'>quae</span> <span class='ocrx_word' id='word_1_305' title='bbox 1155 3551 1271 3616; x_wconf 88' lang='lat' dir='ltr'>fraude</span> <span class='ocrx_word' id='word_1_306' title='bbox 1288 3563 1320 3615; x_wconf 92' lang='lat' dir='ltr'>et</span> <span class='ocrx_word' id='word_1_307' title='bbox 1336 3551 1421 3616; x_wconf 91' lang='lat' dir='ltr'>malo</span> <span class='ocrx_word' id='word_1_308' title='bbox 1438 3553 1569 3637; x_wconf 89' lang='lat' dir='ltr'>ingenio</span> <span class='ocrx_word' id='word_1_309' title='bbox 1586 3553 1758 3638; x_wconf 89' lang='lat' dir='ltr'>impetrata</span> <span class='ocrx_word' id='word_1_310' title='bbox 1774 3551 1915 3632; x_wconf 86' lang='lat' dir='ltr'>fuerunt,</span> 
     </span>
     <span class='ocr_line' id='line_1_28' title="bbox 262 3657 1915 3745; baseline -0.001 -20"><span class='ocrx_word' id='word_1_311' title='bbox 262 3661 466 3725; x_wconf 86' lang='lat' dir='ltr'>infirmantur</span> <span class='ocrx_word' id='word_1_312' title='bbox 481 3669 514 3723; x_wconf 89' lang='lat' dir='ltr'>et</span> <span class='ocrx_word' id='word_1_313' title='bbox 530 3671 615 3724; x_wconf 88' lang='lat' dir='ltr'>stare</span> <span class='ocrx_word' id='word_1_314' title='bbox 632 3683 696 3723; x_wconf 91' lang='lat' dir='ltr'>uon</span> <span class='ocrx_word' id='word_1_315' title='bbox 722 3669 864 3745; x_wconf 87' lang='lat' dir='ltr'>possunt,</span> <span class='ocrx_word' id='word_1_316' title='bbox 889 3659 967 3744; x_wconf 89' lang='lat' dir='ltr'>quia</span> <span class='ocrx_word' id='word_1_317' title='bbox 990 3659 1085 3738; x_wconf 90' lang='lat' dir='ltr'>actio,</span> <span class='ocrx_word' id='word_1_318' title='bbox 1114 3679 1179 3744; x_wconf 91' lang='lat' dir='ltr'>qua</span> <span class='ocrx_word' id='word_1_319' title='bbox 1202 3659 1235 3721; x_wconf 91' lang='lat' dir='ltr'>in</span> <span class='ocrx_word' id='word_1_320' title='bbox 1260 3657 1518 3744; x_wconf 88' lang='lat' dir='ltr'>quibuscumque</span> <span class='ocrx_word' id='word_1_321' title='bbox 1542 3658 1683 3744; x_wconf 91' lang='lat' dir='ltr'>negotiis</span> <span class='ocrx_word' id='word_1_322' title='bbox 1706 3658 1795 3722; x_wconf 85' lang='lat' dir='ltr'>fraus</span> <span class='ocrx_word' id='word_1_323' title='bbox 1818 3659 1915 3723; x_wconf 88' lang='lat' dir='ltr'>inter-</span> 
     </span>
     <span class='ocr_line' id='line_1_29' title="bbox 262 3763 1916 3852; baseline -0.002 -19"><span class='ocrx_word' id='word_1_324' title='bbox 262 3769 407 3848; x_wconf 88' lang='lat' dir='ltr'>cesserit,</span> <span class='ocrx_word' id='word_1_325' title='bbox 439 3790 504 3832; x_wconf 90' lang='lat' dir='ltr'>non</span> <span class='ocrx_word' id='word_1_326' title='bbox 535 3764 667 3831; x_wconf 88' lang='lat' dir='ltr'>valebit.</span> <span class='ocrx_word' id='word_1_327' title='bbox 715 3765 758 3829; x_wconf 83' lang='lat' dir='ltr'>Et</span> <span class='ocrx_word' id='word_1_328' title='bbox 788 3777 823 3830; x_wconf 92' lang='lat' dir='ltr'>ut</span> <span class='ocrx_word' id='word_1_329' title='bbox 854 3766 978 3829; x_wconf 90' lang='lat' dir='ltr'>ratione</span> <span class='ocrx_word' id='word_1_330' title='bbox 1010 3776 1041 3828; x_wconf 89' lang='lat' dir='ltr'>et</span> <span class='ocrx_word' id='word_1_331' title='bbox 1073 3763 1144 3850; x_wconf 90' lang='lat' dir='ltr'>lege</span> <span class='ocrx_word' id='word_1_332' title='bbox 1168 3764 1337 3829; x_wconf 84' lang='lat' dir='ltr'>firmentur</span> <span class='ocrx_word' id='word_1_333' title='bbox 1360 3787 1409 3846; x_wconf 89' lang='lat' dir='ltr'>ea,</span> <span class='ocrx_word' id='word_1_334' title='bbox 1435 3787 1518 3852; x_wconf 90' lang='lat' dir='ltr'>quae</span> <span class='ocrx_word' id='word_1_335' title='bbox 1543 3776 1709 3846; x_wconf 87' lang='lat' dir='ltr'>testamur,</span> <span class='ocrx_word' id='word_1_336' title='bbox 1740 3765 1851 3852; x_wconf 89' lang='lat' dir='ltr'>aliqua</span> <span class='ocrx_word' id='word_1_337' title='bbox 1874 3789 1916 3829; x_wconf 87' lang='lat' dir='ltr'>ex</span> 
     </span>
     <span class='ocr_line' id='line_1_30' title="bbox 262 3871 1917 3958; baseline -0.004 -18"><span class='ocrx_word' id='word_1_338' title='bbox 262 3875 436 3940; x_wconf 87' lang='lat' dir='ltr'>autenticis</span> <span class='ocrx_word' id='word_1_339' title='bbox 466 3875 584 3938; x_wconf 88' lang='lat' dir='ltr'>uostris</span> <span class='ocrx_word' id='word_1_340' title='bbox 616 3872 710 3937; x_wconf 86' lang='lat' dir='ltr'>vobis</span> <span class='ocrx_word' id='word_1_341' title='bbox 741 3874 926 3937; x_wconf 87' lang='lat' dir='ltr'>testimonia</span> <span class='ocrx_word' id='word_1_342' title='bbox 957 3871 1139 3936; x_wconf 86' lang='lat' dir='ltr'>indicantes</span> <span class='ocrx_word' id='word_1_343' title='bbox 1170 3871 1374 3958; x_wconf 88' lang='lat' dir='ltr'>proferimus.</span> <span class='ocrx_word' id='word_1_344' title='bbox 1421 3871 1641 3937; x_wconf 88' lang='lat' dir='ltr'>Constitutum</span> <span class='ocrx_word' id='word_1_345' title='bbox 1673 3885 1722 3937; x_wconf 90' lang='lat' dir='ltr'>est</span> <span class='ocrx_word' id='word_1_346' title='bbox 1751 3895 1771 3936; x_wconf 92' lang='lat' dir='ltr'>a</span> <span class='ocrx_word' id='word_1_347' title='bbox 1795 3874 1917 3937; x_wconf 87' lang='lat' dir='ltr'>sanctis</span> 
     </span>
    </p>
   </div>
   <div class='ocr_carea' id='block_1_4' title="bbox 216 4089 1917 4323">
    <p class='ocr_par' dir='ltr' id='par_1_5' title="bbox 216 4089 1917 4323">
     <span class='ocr_line' id='line_1_31' title="bbox 216 4089 1917 4158; baseline -0.001 -15"><span class='ocrx_word' id='word_1_348' title='bbox 216 4113 243 4154; x_wconf 67' lang='grc' dir='ltr'>ω</span> <span class='ocrx_word' id='word_1_349' title='bbox 369 4092 487 4143; x_wconf 82' lang='lat' dir='ltr'>Lemma:</span> <span class='ocrx_word' id='word_1_350' title='bbox 506 4093 549 4143; x_wconf 88' lang='lat' dir='ltr'>Da</span> <span class='ocrx_word' id='word_1_351' title='bbox 568 4093 749 4158; x_wconf 83' lang='lat' dir='ltr'>responsione</span> <span class='ocrx_word' id='word_1_352' title='bbox 768 4089 919 4142; x_wconf 81' lang='lat' dir='ltr'>Hludovici</span> <span class='ocrx_word' id='word_1_353' title='bbox 939 4091 1110 4156; x_wconf 78' lang='lat' dir='ltr'>imperatoris</span> <span class='ocrx_word' id='word_1_354' title='bbox 1130 4096 1157 4139; x_wconf 87' lang='lat' dir='ltr'>et</span> <span class='ocrx_word' id='word_1_355' title='bbox 1176 4089 1278 4139; x_wconf 84' lang='lat' dir='ltr'>iudicio</span> <span class='ocrx_word' id='word_1_356' title='bbox 1292 4091 1453 4154; x_wconf 87' lang='lat' dir='ltr'>optimatum</span> <span class='ocrx_word' id='word_1_357' title='bbox 1467 4106 1578 4140; x_wconf 87' lang='lat' dir='ltr'>suorum</span> <span class='ocrx_word' id='word_1_358' title='bbox 1592 4097 1688 4140; x_wconf 85' lang='lat' dir='ltr'>contra</span> <span class='ocrx_word' id='word_1_359' title='bbox 1706 4099 1844 4157; x_wconf 84' lang='lat' dir='ltr'>precepta,</span> <span class='ocrx_word' id='word_1_360' title='bbox 1863 4107 1917 4156; x_wconf 87' lang='lat' dir='ltr'>que</span> 
     </span>
     <span class='ocr_line' id='line_1_32' title="bbox 262 4177 1917 4245; baseline -0.002 -12"><span class='ocrx_word' id='word_1_361' title='bbox 262 4182 389 4234; x_wconf 84' lang='lat' dir='ltr'>monachi</span> <span class='ocrx_word' id='word_1_362' title='bbox 409 4182 444 4233; x_wconf 86' lang='lat' dir='ltr'>de</span> <span class='ocrx_word' id='word_1_363' title='bbox 463 4184 629 4234; x_wconf 84' lang='lat' dir='ltr'>monasterio</span> <span class='ocrx_word' id='word_1_364' title='bbox 647 4180 777 4232; x_wconf 77' lang='lat' dir='ltr'>Auisolae</span> <span class='ocrx_word' id='word_1_365' title='bbox 797 4178 950 4230; x_wconf 85' lang='lat' dir='ltr'>attulerunt</span> <span class='ocrx_word' id='word_1_366' title='bbox 968 4195 1060 4230; x_wconf 84' lang='lat' dir='ltr'>coram</span> <span class='ocrx_word' id='word_1_367' title='bbox 1081 4195 1123 4238; x_wconf 89' lang='lat' dir='ltr'>eo,</span> <span class='ocrx_word' id='word_1_368' title='bbox 1142 4180 1253 4244; x_wconf 89' lang='lat' dir='ltr'>quando</span> <span class='ocrx_word' id='word_1_369' title='bbox 1273 4187 1369 4230; x_wconf 86' lang='lat' dir='ltr'>contra</span> <span class='ocrx_word' id='word_1_370' title='bbox 1388 4177 1526 4229; x_wconf 78' lang='lat' dir='ltr'>Aldricum</span> <span class='ocrx_word' id='word_1_371' title='bbox 1546 4182 1704 4245; x_wconf 84' lang='lat' dir='ltr'>episcopum</span> <span class='ocrx_word' id='word_1_372' title='bbox 1724 4180 1758 4230; x_wconf 86' lang='lat' dir='ltr'>da</span> <span class='ocrx_word' id='word_1_373' title='bbox 1776 4180 1917 4245; x_wconf 87' lang='lat' dir='ltr'>praedicto</span> 
     </span>
     <span class='ocr_line' id='line_1_33' title="bbox 262 4273 774 4323; baseline -0.004 -1"><span class='ocrx_word' id='word_1_374' title='bbox 262 4273 427 4323; x_wconf 81' lang='lat' dir='ltr'>monasterio</span> <span class='ocrx_word' id='word_1_375' title='bbox 447 4274 476 4322; x_wconf 85' lang='lat' dir='ltr'>in</span> <span class='ocrx_word' id='word_1_376' title='bbox 494 4273 613 4323; x_wconf 86' lang='lat' dir='ltr'>rationes</span> <span class='ocrx_word' id='word_1_377' title='bbox 634 4276 774 4322; x_wconf 85' lang='lat' dir='ltr'>venerunt.</span> 
     </span>
    </p>
   </div>
   <div class='ocr_carea' id='block_1_5' title="bbox 370 4371 1916 4445">
    <p class='ocr_par' dir='ltr' id='par_1_6' title="bbox 370 4339 1916 4445">
     <span class='ocr_line' id='line_1_34' title="bbox 370 4371 1916 4445; baseline -0.002 -16"><span class='ocrx_word' id='word_1_378' title='bbox 370 4381 400 4429; x_wconf 95' lang='lat' dir='ltr'>ll</span> <span class='ocrx_word' id='word_1_379' title='bbox 422 4373 616 4445; x_wconf 85' lang='lat' dir='ltr'>conscriptum]</span> <span class='ocrx_word' id='word_1_380' title='bbox 637 4378 812 4443; x_wconf 78' lang='lat' dir='ltr'>proterebant</span> <span class='ocrx_word' id='word_1_381' title='bbox 829 4376 869 4426; x_wconf 79' lang='lat' dir='ltr'>ael</span> <span class='ocrx_word' id='word_1_382' title='bbox 884 4376 964 4426; x_wconf 62' lang='lat' dir='ltr'>anule</span> <span class='ocrx_word' id='word_1_383' title='bbox 982 4375 1044 4441; x_wconf 82' lang='lat' dir='ltr'>quid</span> <span class='ocrx_word' id='word_1_384' title='bbox 1055 4375 1135 4426; x_wconf 67' lang='lat' dir='ltr'>dem</span> <span class='ocrx_word' id='word_1_385' title='bbox 1147 4375 1254 4426; x_wconf 77' lang='lat' dir='ltr'>videtur.</span> <span class='ocrx_word' id='word_1_386' title='bbox 1316 4379 1347 4426; x_wconf 88' lang='grc'><strong>18</strong></span> <span class='ocrx_word' id='word_1_387' title='bbox 1367 4371 1465 4440; x_wconf 84' lang='lat' dir='ltr'>vestra]</span> <span class='ocrx_word' id='word_1_388' title='bbox 1484 4383 1576 4427; x_wconf 84' lang='lat' dir='ltr'>nostra</span> <span class='ocrx_word' id='word_1_389' title='bbox 1593 4393 1614 4426; x_wconf 80' lang='lat' dir='ltr'>c.</span> <span class='ocrx_word' id='word_1_390' title='bbox 1670 4379 1704 4427; x_wconf 80' lang='lat'>29</span> <span class='ocrx_word' id='word_1_391' title='bbox 1723 4377 1877 4427; x_wconf 84' lang='lat' dir='ltr'>iudicantes</span> <span class='ocrx_word' id='word_1_392' title='bbox 1895 4393 1916 4426; x_wconf 67' lang='lat' dir='ltr'>a</span> 
     </span>
    </p>
   </div>
   <div class='ocr_carea' id='block_1_6' title="bbox 214 4571 1920 5384">
    <p class='ocr_par' dir='ltr' id='par_1_7' title="bbox 262 4571 1916 4652">
     <span class='ocr_line' id='line_1_35' title="bbox 262 4571 1916 4652; baseline -0.002 -18"><span class='ocrx_word' id='word_1_393' title='bbox 262 4579 397 4634; x_wconf 80' lang='lat' dir='ltr'>consistat</span> <span class='ocrx_word' id='word_1_394' title='bbox 421 4575 526 4650; x_wconf 82' lang='lat' dir='ltr'>(Gesta</span> <span class='ocrx_word' id='word_1_395' title='bbox 541 4576 651 4634; x_wconf 81' lang='lat' dir='ltr'>Aldrr&#39;ci</span> <span class='ocrx_word' id='word_1_396' title='bbox 669 4597 692 4632; x_wconf 86' lang='lat' dir='ltr'>c.</span> <span class='ocrx_word' id='word_1_397' title='bbox 711 4581 751 4636; x_wconf 80' lang='lat'>39</span> <span class='ocrx_word' id='word_1_398' title='bbox 774 4577 816 4632; x_wconf 83' lang='lat' dir='ltr'>ed.</span> <span class='ocrx_word' id='word_1_399' title='bbox 835 4574 912 4632; x_wconf 84' lang='lat' dir='ltr'>laud.</span> <span class='ocrx_word' id='word_1_400' title='bbox 932 4595 967 4651; x_wconf 86' lang='lat' dir='ltr'>p.</span> <span class='ocrx_word' id='word_1_401' title='bbox 985 4577 1060 4644; x_wconf 74' lang='lat'>1125</span> <span class='ocrx_word' id='word_1_402' title='bbox 1086 4571 1294 4632; x_wconf 75' lang='lat' dir='ltr'>Miilldacher²</span> <span class='ocrx_word' id='word_1_403' title='bbox 1309 4594 1338 4630; x_wconf 85' lang='lat' dir='ltr'>a.</span> <span class='ocrx_word' id='word_1_404' title='bbox 1354 4571 1440 4652; x_wconf 77' lang='lat'><em>982).</em></span> <span class='ocrx_word' id='word_1_405' title='bbox 1477 4575 1609 4651; x_wconf 77' lang='lat' dir='ltr'>Apparet</span> <span class='ocrx_word' id='word_1_406' title='bbox 1623 4574 1693 4631; x_wconf 81' lang='lat' dir='ltr'>diem</span> <span class='ocrx_word' id='word_1_407' title='bbox 1711 4575 1808 4632; x_wconf 79' lang='lat' dir='ltr'>horum</span> <span class='ocrx_word' id='word_1_408' title='bbox 1826 4575 1916 4651; x_wconf 76' lang='lat' dir='ltr'>diplo-</span> 
     </span>
    </p>

    <p class='ocr_par' dir='ltr' id='par_1_8' title="bbox 215 4681 1920 5181">
     <span class='ocr_line' id='line_1_36' title="bbox 215 4681 1920 4758; baseline -0.001 -18"><span class='ocrx_word' id='word_1_409' title='bbox 215 4705 243 4746; x_wconf 78' lang='lat' dir='ltr'>ss</span> <span class='ocrx_word' id='word_1_410' title='bbox 261 4692 364 4741; x_wconf 73' lang='lat' dir='ltr'>ruamur</span> <span class='ocrx_word' id='word_1_411' title='bbox 392 4693 419 4740; x_wconf 85' lang='lat' dir='ltr'>et</span> <span class='ocrx_word' id='word_1_412' title='bbox 439 4683 536 4740; x_wconf 72' lang='grc' dir='ltr'><strong><em>ἰιιάἱείἰ</em></strong></span> <span class='ocrx_word' id='word_1_413' title='bbox 559 4682 763 4741; x_wconf 77' lang='lat' dir='ltr'>Curisiacenaia</span> <span class='ocrx_word' id='word_1_414' title='bbox 792 4682 885 4758; x_wconf 80' lang='lat' dir='ltr'>spurii</span> <span class='ocrx_word' id='word_1_415' title='bbox 914 4681 1045 4758; x_wconf 69' lang='lat' dir='ltr'>coniungi</span> <span class='ocrx_word' id='word_1_416' title='bbox 1073 4702 1131 4739; x_wconf 83' lang='lat' dir='ltr'>non</span> <span class='ocrx_word' id='word_1_417' title='bbox 1156 4701 1243 4757; x_wconf 80' lang='lat' dir='ltr'>posse</span> <span class='ocrx_word' id='word_1_418' title='bbox 1266 4701 1326 4738; x_wconf 74' lang='lat' dir='ltr'>nem</span> <span class='ocrx_word' id='word_1_419' title='bbox 1350 4681 1406 4752; x_wconf 83' lang='lat' dir='ltr'>illo,</span> <span class='ocrx_word' id='word_1_420' title='bbox 1437 4701 1516 4758; x_wconf 73' lang='lat' dir='ltr'>qrcnn</span> <span class='ocrx_word' id='word_1_421' title='bbox 1548 4681 1657 4739; x_wconf 74' lang='lat' dir='ltr'>exbibet</span> <span class='ocrx_word' id='word_1_422' title='bbox 1686 4681 1785 4738; x_wconf 81' lang='lat' dir='ltr'>relatio</span> <span class='ocrx_word' id='word_1_423' title='bbox 1809 4681 1920 4738; x_wconf 84' lang='lat' dir='ltr'>Aldrici</span> 
     </span>
     <span class='ocr_line' id='line_1_37' title="bbox 262 4782 1919 4866; baseline -0.002 -18"><span class='ocrx_word' id='word_1_424' title='bbox 262 4783 653 4866; x_wconf 66' lang='lat' dir='ltr'>(v.suprap.a391.3a,</span> <span class='ocrx_word' id='word_1_425' title='bbox 682 4809 712 4865; x_wconf 81' lang='lat' dir='ltr'>p.</span> <span class='ocrx_word' id='word_1_426' title='bbox 732 4793 796 4849; x_wconf 75' lang='grc'><strong>812</strong></span> <span class='ocrx_word' id='word_1_427' title='bbox 819 4791 838 4846; x_wconf 87' lang='lat' dir='ltr'>l.</span> <span class='ocrx_word' id='word_1_428' title='bbox 860 4793 901 4848; x_wconf 91' lang='grc'>38</span> <span class='ocrx_word' id='word_1_429' title='bbox 912 4782 999 4866; x_wconf 69' lang='lat' dir='ltr'>sqq),</span> <span class='ocrx_word' id='word_1_430' title='bbox 1031 4807 1119 4864; x_wconf 80' lang='lat' dir='ltr'>neque</span> <span class='ocrx_word' id='word_1_431' title='bbox 1145 4808 1205 4846; x_wconf 83' lang='lat' dir='ltr'>cuns</span> <span class='ocrx_word' id='word_1_432' title='bbox 1236 4807 1277 4857; x_wconf 77' lang='lat' dir='ltr'>eo,</span> <span class='ocrx_word' id='word_1_433' title='bbox 1308 4807 1386 4864; x_wconf 76' lang='lat' dir='ltr'>quern</span> <span class='ocrx_word' id='word_1_434' title='bbox 1408 4788 1547 4864; x_wconf 82' lang='lat' dir='ltr'>praebent</span> <span class='ocrx_word' id='word_1_435' title='bbox 1577 4808 1673 4846; x_wconf 68' lang='lat' dir='ltr'>omna</span> <span class='ocrx_word' id='word_1_436' title='bbox 1702 4787 1815 4864; x_wconf 82' lang='lat' dir='ltr'>quidum</span> <span class='ocrx_word' id='word_1_437' title='bbox 1844 4788 1919 4844; x_wconf 80' lang='lat' dir='ltr'>inter</span> 
     </span>
     <span class='ocr_line' id='line_1_38' title="bbox 261 4889 1919 4970; baseline -0.001 -16"><span class='ocrx_word' id='word_1_438' title='bbox 261 4898 391 4954; x_wconf 81' lang='lat' dir='ltr'>carmina</span> <span class='ocrx_word' id='word_1_439' title='bbox 409 4896 654 4957; x_wconf 65' lang='lat' dir='ltr'>cenomannensis</span> <span class='ocrx_word' id='word_1_440' title='bbox 677 4893 765 4968; x_wconf 75' lang='lat' dir='ltr'>(Mo.</span> <span class='ocrx_word' id='word_1_441' title='bbox 782 4895 887 4952; x_wconf 75' lang='lat' dir='ltr'>Poetae</span> <span class='ocrx_word' id='word_1_442' title='bbox 909 4895 972 4953; x_wconf 83' lang='lat' dir='ltr'>aeui</span> <span class='ocrx_word' id='word_1_443' title='bbox 988 4893 1118 4954; x_wconf 82' lang='lat' dir='ltr'>Caroliai</span> <span class='ocrx_word' id='word_1_444' title='bbox 1134 4896 1173 4966; x_wconf 89' lang='lat' dir='ltr'>II,</span> <span class='ocrx_word' id='word_1_445' title='bbox 1191 4898 1251 4954; x_wconf 63' lang='lat'>631</span> <span class='ocrx_word' id='word_1_446' title='bbox 1264 4889 1333 4970; x_wconf 70' lang='lat' dir='ltr'>sq),</span> <span class='ocrx_word' id='word_1_447' title='bbox 1358 4894 1518 4970; x_wconf 68' lang='lat' dir='ltr'>collegitur</span> <span class='ocrx_word' id='word_1_448' title='bbox 1533 4895 1679 4951; x_wconf 75' lang='lat' dir='ltr'>Aldrioun</span> <span class='ocrx_word' id='word_1_449' title='bbox 1703 4895 1733 4952; x_wconf 84' lang='lat' dir='ltr'>in</span> <span class='ocrx_word' id='word_1_450' title='bbox 1748 4895 1919 4952; x_wconf 78' lang='lat' dir='ltr'>nronastcrio</span> 
     </span>
     <span class='ocr_line' id='line_1_39' title="bbox 261 5001 1919 5074; baseline -0.002 -13"><span class='ocrx_word' id='word_1_451' title='bbox 261 5003 395 5063; x_wconf 67' lang='grc' dir='ltr'>Αηίεοὶαε</span> <span class='ocrx_word' id='word_1_452' title='bbox 422 5004 532 5061; x_wconf 69' lang='lat' dir='ltr'>dicam</span> <span class='ocrx_word' id='word_1_453' title='bbox 554 5023 639 5060; x_wconf 86' lang='lat' dir='ltr'>aram</span> <span class='ocrx_word' id='word_1_454' title='bbox 662 5023 739 5060; x_wconf 83' lang='lat' dir='ltr'>anno</span> <span class='ocrx_word' id='word_1_455' title='bbox 763 5007 836 5062; x_wconf 88' lang='grc'><strong>838.</strong></span> <span class='ocrx_word' id='word_1_456' title='bbox 861 5003 906 5059; x_wconf 71' lang='lat' dir='ltr'>die</span> <span class='ocrx_word' id='word_1_457' title='bbox 930 5005 975 5062; x_wconf 83' lang='lat'>11.</span> <span class='ocrx_word' id='word_1_458' title='bbox 999 5002 1100 5060; x_wconf 68' lang='lat' dir='ltr'>menna</span> <span class='ocrx_word' id='word_1_459' title='bbox 1125 5001 1201 5059; x_wconf 79' lang='lat' dir='ltr'>Maii</span> <span class='ocrx_word' id='word_1_460' title='bbox 1228 5002 1377 5070; x_wconf 82' lang='lat' dir='ltr'>(Undenos</span> <span class='ocrx_word' id='word_1_461' title='bbox 1403 5003 1490 5056; x_wconf 83' lang='lat' dir='ltr'>llaios</span> <span class='ocrx_word' id='word_1_462' title='bbox 1513 5003 1628 5073; x_wconf 77' lang='lat' dir='ltr'>propria</span> <span class='ocrx_word' id='word_1_463' title='bbox 1651 5003 1790 5074; x_wconf 81' lang='lat' dir='ltr'>vertigine</span> <span class='ocrx_word' id='word_1_464' title='bbox 1815 5004 1919 5057; x_wconf 86' lang='lat' dir='ltr'>mensis</span> 
     </span>
     <span class='ocr_line' id='line_1_40' title="bbox 261 5108 1918 5181; baseline -0.002 -13"><span class='ocrx_word' id='word_1_465' title='bbox 261 5111 418 5168; x_wconf 87' lang='lat' dir='ltr'>Perficiens</span> <span class='ocrx_word' id='word_1_466' title='bbox 441 5111 551 5167; x_wconf 82' lang='lat' dir='ltr'>celeres</span> <span class='ocrx_word' id='word_1_467' title='bbox 578 5113 683 5166; x_wconf 89' lang='lat' dir='ltr'>mundo</span> <span class='ocrx_word' id='word_1_468' title='bbox 713 5111 838 5167; x_wconf 87' lang='lat' dir='ltr'>abeunte</span> <span class='ocrx_word' id='word_1_469' title='bbox 869 5111 931 5165; x_wconf 87' lang='lat' dir='ltr'>dies</span> <span class='ocrx_word' id='word_1_470' title='bbox 1022 5110 1190 5166; x_wconf 88' lang='lat' dir='ltr'>Praedictus</span> <span class='ocrx_word' id='word_1_471' title='bbox 1213 5108 1328 5181; x_wconf 86' lang='lat' dir='ltr'>praesul</span> <span class='ocrx_word' id='word_1_472' title='bbox 1352 5117 1419 5162; x_wconf 88' lang='lat' dir='ltr'>tuuc</span> <span class='ocrx_word' id='word_1_473' title='bbox 1443 5127 1519 5162; x_wconf 88' lang='lat' dir='ltr'>aram</span> <span class='ocrx_word' id='word_1_474' title='bbox 1543 5109 1603 5163; x_wconf 87' lang='lat' dir='ltr'>iure</span> <span class='ocrx_word' id='word_1_475' title='bbox 1628 5109 1731 5163; x_wconf 85' lang='lat' dir='ltr'>dicavit</span> <span class='ocrx_word' id='word_1_476' title='bbox 1816 5109 1918 5165; x_wconf 86' lang='lat' dir='ltr'>Eccle-</span> 
     </span>
    </p>

    <p class='ocr_par' dir='ltr' id='par_1_9' title="bbox 214 5209 1918 5384">
     <span class='ocr_line' id='line_1_41' title="bbox 214 5209 1918 5292; baseline -0.002 -14"><span class='ocrx_word' id='word_1_477' title='bbox 214 5238 245 5278; x_wconf 80' lang='grc' dir='ltr'>4ο</span> <span class='ocrx_word' id='word_1_478' title='bbox 261 5219 331 5288; x_wconf 89' lang='lat' dir='ltr'>siae,</span> <span class='ocrx_word' id='word_1_479' title='bbox 354 5219 475 5276; x_wconf 87' lang='lat' dir='ltr'>recubat</span> <span class='ocrx_word' id='word_1_480' title='bbox 499 5236 555 5290; x_wconf 88' lang='lat' dir='ltr'>qua</span> <span class='ocrx_word' id='word_1_481' title='bbox 578 5218 750 5290; x_wconf 85' lang='lat' dir='ltr'>Karilephus</span> <span class='ocrx_word' id='word_1_482' title='bbox 774 5215 882 5287; x_wconf 83' lang='lat' dir='ltr'>ovans),</span> <span class='ocrx_word' id='word_1_483' title='bbox 907 5218 999 5274; x_wconf 77' lang='lat' dir='ltr'>eodem</span> <span class='ocrx_word' id='word_1_484' title='bbox 1024 5215 1110 5292; x_wconf 66' lang='lat' dir='ltr'>igituir</span> <span class='ocrx_word' id='word_1_485' title='bbox 1133 5216 1186 5286; x_wconf 81' lang='lat' dir='ltr'>die,</span> <span class='ocrx_word' id='word_1_486' title='bbox 1212 5215 1256 5272; x_wconf 82' lang='lat' dir='ltr'>cui</span> <span class='ocrx_word' id='word_1_487' title='bbox 1279 5215 1368 5272; x_wconf 62' lang='lat' dir='ltr'>(aesta</span> <span class='ocrx_word' id='word_1_488' title='bbox 1387 5214 1496 5270; x_wconf 69' lang='grc' dir='ltr'><strong>,118ιί1</strong></span> <span class='ocrx_word' id='word_1_489' title='bbox 1519 5209 1555 5288; x_wconf 80' lang='lat' dir='ltr'>(r.</span> <span class='ocrx_word' id='word_1_490' title='bbox 1573 5218 1614 5273; x_wconf 71' lang='lat'>43</span> <span class='ocrx_word' id='word_1_491' title='bbox 1637 5215 1680 5270; x_wconf 82' lang='lat' dir='ltr'>ed.</span> <span class='ocrx_word' id='word_1_492' title='bbox 1697 5215 1774 5270; x_wconf 83' lang='lat' dir='ltr'>laud.</span> <span class='ocrx_word' id='word_1_493' title='bbox 1793 5235 1827 5290; x_wconf 85' lang='lat' dir='ltr'>p.</span> <span class='ocrx_word' id='word_1_494' title='bbox 1844 5211 1918 5289; x_wconf 76' lang='lat'><em>122)</em></span> 
     </span>
     <span class='ocr_line' id='line_1_42' title="bbox 262 5323 783 5384; baseline -0.002 -2"><span class='ocrx_word' id='word_1_495' title='bbox 262 5324 463 5384; x_wconf 67' lang='lat' dir='ltr'>dedicationes</span> <span class='ocrx_word' id='word_1_496' title='bbox 486 5323 589 5382; x_wconf 61' lang='lat' dir='ltr'>altana</span> <span class='ocrx_word' id='word_1_497' title='bbox 611 5324 783 5382; x_wconf 80' lang='lat' dir='ltr'>adscribunt.</span> 
     </span>
    </p>
   </div>
   <div class='ocr_carea' id='block_1_7' title="bbox 213 5441 1920 6043">
    <p class='ocr_par' dir='ltr' id='par_1_10' title="bbox 263 5441 1920 5740">
     <span class='ocr_line' id='line_1_43' title="bbox 373 5441 1919 5524; baseline -0.001 -20"><span class='ocrx_word' id='word_1_498' title='bbox 373 5450 400 5519; x_wconf 93' lang='lat' dir='ltr'>l)</span> <span class='ocrx_word' id='word_1_499' title='bbox 431 5446 520 5507; x_wconf 79' lang='lat' dir='ltr'>Gesta</span> <span class='ocrx_word' id='word_1_500' title='bbox 550 5448 646 5506; x_wconf 80' lang='lat' dir='ltr'>domni</span> <span class='ocrx_word' id='word_1_501' title='bbox 667 5449 779 5506; x_wconf 78' lang='lat' dir='ltr'>Aldrica&#39;</span> <span class='ocrx_word' id='word_1_502' title='bbox 807 5449 871 5507; x_wconf 82' lang='lat' dir='ltr'>edd.</span> <span class='ocrx_word' id='word_1_503' title='bbox 897 5445 1016 5506; x_wconf 73' lang='lat' dir='ltr'>Closter</span> <span class='ocrx_word' id='word_1_504' title='bbox 1046 5456 1073 5504; x_wconf 84' lang='lat' dir='ltr'>et</span> <span class='ocrx_word' id='word_1_505' title='bbox 1096 5447 1209 5524; x_wconf 73' lang='lat' dir='ltr'>Froper</span> <span class='ocrx_word' id='word_1_506' title='bbox 1234 5466 1268 5522; x_wconf 86' lang='lat' dir='ltr'>p.</span> <span class='ocrx_word' id='word_1_507' title='bbox 1293 5449 1353 5505; x_wconf 83' lang='lat'>155</span> <span class='ocrx_word' id='word_1_508' title='bbox 1361 5449 1474 5504; x_wconf 81' lang='grc'><strong>-158</strong></span> <span class='ocrx_word' id='word_1_509' title='bbox 1506 5441 1561 5510; x_wconf 91' lang='lat'>(=</span> <span class='ocrx_word' id='word_1_510' title='bbox 1587 5465 1610 5500; x_wconf 89' lang='lat' dir='ltr'>c.</span> <span class='ocrx_word' id='word_1_511' title='bbox 1628 5448 1666 5504; x_wconf 87' lang='grc'>51</span> <span class='ocrx_word' id='word_1_512' title='bbox 1697 5446 1779 5520; x_wconf 82' lang='lat' dir='ltr'>apud</span> <span class='ocrx_word' id='word_1_513' title='bbox 1799 5444 1919 5514; x_wconf 70' lang='lat' dir='ltr'>Beluae,</span> 
     </span>
     <span class='ocr_line' id='line_1_44' title="bbox 263 5549 1918 5634; baseline -0.003 -21"><span class='ocrx_word' id='word_1_514' title='bbox 263 5555 449 5613; x_wconf 74' lang='lat' dir='ltr'>Muccllaaca</span> <span class='ocrx_word' id='word_1_515' title='bbox 472 5554 529 5624; x_wconf 88' lang='lat'>111,</span> <span class='ocrx_word' id='word_1_516' title='bbox 555 5549 744 5634; x_wconf 83' lang='lat'><strong><em>137-139).</em></strong></span> <span class='ocrx_word' id='word_1_517' title='bbox 836 5554 867 5625; x_wconf 84' lang='lat'>2)</span> <span class='ocrx_word' id='word_1_518' title='bbox 893 5552 942 5626; x_wconf 83' lang='lat' dir='ltr'>Cs.</span> <span class='ocrx_word' id='word_1_519' title='bbox 967 5554 1073 5612; x_wconf 82' lang='lat' dir='ltr'>Karoli</span> <span class='ocrx_word' id='word_1_520' title='bbox 1097 5553 1141 5611; x_wconf 82' lang='lat' dir='ltr'>M.</span> <span class='ocrx_word' id='word_1_521' title='bbox 1165 5553 1290 5629; x_wconf 79' lang='lat' dir='ltr'>diploura</span> <span class='ocrx_word' id='word_1_522' title='bbox 1312 5553 1439 5629; x_wconf 78' lang='lat' dir='ltr'>spurium</span> <span class='ocrx_word' id='word_1_523' title='bbox 1463 5552 1492 5608; x_wconf 88' lang='lat' dir='ltr'>d.</span> <span class='ocrx_word' id='word_1_524' title='bbox 1513 5553 1540 5609; x_wconf 91' lang='lat' dir='ltr'>d.</span> <span class='ocrx_word' id='word_1_525' title='bbox 1566 5557 1629 5612; x_wconf 77' lang='lat'>802</span> <span class='ocrx_word' id='word_1_526' title='bbox 1655 5550 1744 5608; x_wconf 83' lang='lat' dir='ltr'>Mart.</span> <span class='ocrx_word' id='word_1_527' title='bbox 1764 5555 1818 5620; x_wconf 87' lang='lat'>17;</span> <span class='ocrx_word' id='word_1_528' title='bbox 1844 5549 1918 5610; x_wconf 72' lang='grc' dir='ltr'>ΜΟ.</span> 
     </span>
     <span class='ocr_line' id='line_1_45' title="bbox 263 5655 1920 5740; baseline -0.003 -21"><span class='ocrx_word' id='word_1_529' title='bbox 263 5662 388 5739; x_wconf 75' lang='lat' dir='ltr'>Drplom.</span> <span class='ocrx_word' id='word_1_530' title='bbox 413 5662 518 5719; x_wconf 76' lang='lat' dir='ltr'>Karol.</span> <span class='ocrx_word' id='word_1_531' title='bbox 543 5662 568 5731; x_wconf 82' lang='lat'>1,</span> <span class='ocrx_word' id='word_1_532' title='bbox 588 5683 621 5738; x_wconf 84' lang='lat' dir='ltr'>p.</span> <span class='ocrx_word' id='word_1_533' title='bbox 639 5665 698 5720; x_wconf 87' lang='grc'>381</span> <span class='ocrx_word' id='word_1_534' title='bbox 722 5683 751 5719; x_wconf 83' lang='lat' dir='ltr'>a.</span> <span class='ocrx_word' id='word_1_535' title='bbox 775 5665 838 5721; x_wconf 81' lang='lat'>263</span> <span class='ocrx_word' id='word_1_536' title='bbox 863 5655 1008 5724; x_wconf 59' lang='lat' dir='ltr'>(natust</span> <span class='ocrx_word' id='word_1_537' title='bbox 1032 5681 1060 5717; x_wconf 82' lang='lat' dir='ltr'>a.</span> <span class='ocrx_word' id='word_1_538' title='bbox 1085 5655 1178 5740; x_wconf 81' lang='lat'><em>383);</em></span> <span class='ocrx_word' id='word_1_539' title='bbox 1201 5679 1228 5716; x_wconf 85' lang='lat' dir='ltr'>u.</span> <span class='ocrx_word' id='word_1_540' title='bbox 1251 5679 1342 5736; x_wconf 78' lang='lat' dir='ltr'>supra</span> <span class='ocrx_word' id='word_1_541' title='bbox 1359 5679 1393 5735; x_wconf 87' lang='lat' dir='ltr'>p.</span> <span class='ocrx_word' id='word_1_542' title='bbox 1411 5661 1472 5718; x_wconf 76' lang='grc'><strong>846</strong></span> <span class='ocrx_word' id='word_1_543' title='bbox 1495 5678 1565 5715; x_wconf 77' lang='lat' dir='ltr'>ann.</span> <span class='ocrx_word' id='word_1_544' title='bbox 1583 5663 1610 5720; x_wconf 85' lang='lat'>3.</span> <span class='ocrx_word' id='word_1_545' title='bbox 1703 5659 1733 5728; x_wconf 81' lang='lat'>3&gt;</span> <span class='ocrx_word' id='word_1_546' title='bbox 1758 5659 1807 5730; x_wconf 78' lang='lat' dir='ltr'>Cf.</span> <span class='ocrx_word' id='word_1_547' title='bbox 1828 5657 1920 5734; x_wconf 78' lang='lat' dir='ltr'>priui-</span> 
     </span>
    </p>

    <p class='ocr_par' dir='ltr' id='par_1_11' title="bbox 213 5759 1920 6043">
     <span class='ocr_line' id='line_1_46' title="bbox 213 5759 1920 5847; baseline -0.006 -17"><span class='ocrx_word' id='word_1_548' title='bbox 213 5789 242 5830; x_wconf 78' lang='lat' dir='ltr'>sa</span> <span class='ocrx_word' id='word_1_549' title='bbox 260 5769 361 5847; x_wconf 67' lang='lat' dir='ltr'>depluta</span> <span class='ocrx_word' id='word_1_550' title='bbox 384 5768 547 5826; x_wconf 79' lang='lat' dir='ltr'>Hludoscicr&#39;</span> <span class='ocrx_word' id='word_1_551' title='bbox 572 5768 724 5845; x_wconf 68' lang='lat' dir='ltr'>genuinum</span> <span class='ocrx_word' id='word_1_552' title='bbox 752 5769 780 5825; x_wconf 84' lang='lat' dir='ltr'>d.</span> <span class='ocrx_word' id='word_1_553' title='bbox 805 5769 834 5825; x_wconf 84' lang='lat' dir='ltr'>d.</span> <span class='ocrx_word' id='word_1_554' title='bbox 859 5772 922 5828; x_wconf 75' lang='lat'>825</span> <span class='ocrx_word' id='word_1_555' title='bbox 948 5767 1012 5824; x_wconf 69' lang='lat' dir='ltr'>,ilai</span> <span class='ocrx_word' id='word_1_556' title='bbox 1035 5771 1090 5834; x_wconf 88' lang='lat'>31,·</span> <span class='ocrx_word' id='word_1_557' title='bbox 1123 5766 1244 5844; x_wconf 73' lang='lat' dir='ltr'>Froper,</span> <span class='ocrx_word' id='word_1_558' title='bbox 1276 5765 1452 5823; x_wconf 67' lang='lat' dir='ltr'>‘caratauc</span> <span class='ocrx_word' id='word_1_559' title='bbox 1481 5766 1516 5822; x_wconf 79' lang='lat' dir='ltr'>dc</span> <span class='ocrx_word' id='word_1_560' title='bbox 1540 5765 1581 5822; x_wconf 80' lang='lat' dir='ltr'>St.</span> <span class='ocrx_word' id='word_1_561' title='bbox 1608 5763 1719 5823; x_wconf 81' lang='lat' dir='ltr'>Caluis&#39;</span> <span class='ocrx_word' id='word_1_562' title='bbox 1743 5769 1785 5824; x_wconf 78' lang='lat'>23</span> <span class='ocrx_word' id='word_1_563' title='bbox 1809 5759 1920 5834; x_wconf 70' lang='lat' dir='ltr'>(Mb&#39;hb</span> 
     </span>
     <span class='ocr_line' id='line_1_47' title="bbox 260 5873 543 5953; baseline -0.004 -20"><span class='ocrx_word' id='word_1_564' title='bbox 260 5873 386 5933; x_wconf 69' lang='lat' dir='ltr'>aacter²</span> <span class='ocrx_word' id='word_1_565' title='bbox 409 5895 439 5931; x_wconf 73' lang='lat' dir='ltr'>a.</span> <span class='ocrx_word' id='word_1_566' title='bbox 458 5878 543 5953; x_wconf 85' lang='lat'><em>795).</em></span> 
     </span>
     <span class='ocr_line' id='line_1_48' title="bbox 1616 5988 1754 6043; baseline 0 0"><span class='ocrx_word' id='word_1_567' title='bbox 1616 5988 1683 6043; x_wconf 70' lang='lat'>107*</span> <span class='ocrx_word' id='word_1_568' title='bbox 1745 5991 1754 6011; x_wconf 82' lang='lat'>⁸</span> 
     </span>
    </p>
   </div>
   <div class='ocr_carea' id='block_1_8' title="bbox 0 0 2452 6708">
    <p class='ocr_par' dir='ltr' id='par_1_12' title="bbox 0 0 2452 6708">
     <span class='ocr_line' id='line_1_49' title="bbox 0 0 2452 6708; baseline 0 0"><span class='ocrx_word' id='word_1_569' title='bbox 0 0 2452 6708; x_wconf 95' lang='lat' dir='ltr'> </span> 
     </span>
    </p>
   </div>
  </div>
 </body>
</html>
