4884 6717
590 416 663 480 516.
1059 423 1113 482 11.
1148 423 1369 482 CONCILIUM
1390 423 1618 482 PARISIENSE
1641 422 1784 482 meas..

591 621 694 690 omnia,
716 638 789 691 quae
812 621 960 692 pingsmmr
981 627 1068 691 atque
1090 620 1231 692 fingmmr
1254 638 1287 675 ex
1310 620 1406 691 aliqua
1428 620 1543 675 materie
1566 621 1672 675 metalli
1688 627 1739 676 aut
1752 618 1819 690 ligni
1835 619 1881 674 vel
1898 619 2093 688 omuscumque
2108 617 2148 672 rei
2164 624 2250 689 aptae

592 729 631 784 ad
652 745 738 798 opera
760 727 935 796 huiusmodi„
950 744 1023 797 quae
1047 727 1130 781 ctiam
1151 728 1280 782 videntur
1302 728 1330 781 in
1353 727 1454 780 somnis
1478 736 1506 781 et
1529 744 1623 782 omnes
1645 727 1705 782 fere
1728 725 1862 796 imagines
1886 742 1980 782 earum
2000 742 2103 792 rerum,
2133 743 2252 795 quarum

502 881 506 886 ,
532 871 558 888 .·
593 835 727 906 imagines
757 841 828 900 sunt,
858 834 997 904 appellari
1025 834 1181 888 nominibus
1213 835 1312 888 solent.
1358 834 1426 898 Quis
1455 834 1527 887 enim
1558 841 1609 902 est,
1638 834 1685 903 qui
1715 833 1854 888 bominem
1883 833 1986 902 picurm
2015 831 2122 887 dubitet
2148 849 2250 885 vocare

593 941 753 998 hominem?
776 941 1018 1011 Quandoquidem
1042 947 1072 998 ct
1093 942 1261 1012 singulorum
1285 958 1455 1011 quorumque
1478 941 1614 1011 picmram
1630 958 1690 995 cnm
1707 940 1862 1010 aspicimus,
1884 940 1996 1010 propria
2011 956 2123 1009 quoque
2139 940 2250 994 nomina

594 1048 783 1102 incrmctanter
813 1047 986 1116 adhibemus,
1014 1048 1093 1100 veluit
1122 1064 1184 1101 cum
1212 1047 1350 1101 intuentes
1380 1047 1505 1101 tabulam
1534 1054 1584 1102 aut
1606 1048 1739 1117 parietem
1761 1047 1891 1101 dicimus:
1922 1047 1975 1102 Ille
1998 1045 2095 1101 OEcero
2119 1055 2170 1114 cst,
2198 1046 2249 1100 ille
2273 1059 2288 1100 a

596 1153 752 1222 Sallustius,
783 1154 831 1210 ille
854 1153 989 1222 Achilles,
1017 1154 1066 1208 illc
1088 1154 1203 1222 Hector,
1232 1154 1284 1207 hoc
1315 1154 1417 1207 fluunen
1440 1153 1557 1224 Symois,
1587 1154 1637 1208 illa
1664 1155 1762 1223 Roma,
1792 1170 1853 1207 cum
1884 1154 1960 1208 aliud
1986 1153 2053 1208 nihil
2082 1153 2137 1207 siut
2165 1165 2249 1223 qnam

594 1263 687 1332 pictae
716 1261 859 1332 imagines.
911 1261 994 1316 Unde
1018 1259 1167 1314 Cherubim
1197 1277 1259 1314 cum
1289 1260 1342 1313 sint
1371 1260 1486 1314 caelitus
1508 1269 1669 1331 potestates,
1703 1260 1796 1324 factae
1825 1269 1919 1314 minen
1949 1277 1983 1315 ex
2018 1259 2141 1325 metallo,
2173 1260 2250 1328 quod

595 1368 742 1438 imperavit
764 1368 850 1435 Deus,
873 1384 956 1437 super
978 1383 1070 1421 arcam
1093 1368 1249 1422 testamenti
1272 1384 1390 1437 magnae
1414 1368 1454 1420 rei
1476 1366 1673 1438 significandae
1695 1368 1795 1437 gratia
1818 1385 1872 1422 non
1895 1367 1972 1420 aliud
1994 1383 2078 1435 quam
2100 1365 2250 1419 Cherubim

596 1475 647 1529 illa
669 1491 782 1545 quoque
805 1472 937 1545 figmenta
960 1474 1121 1528 vocitantur.
1156 1474 1227 1527 Item
1251 1473 1374 1543 quisquis
1387 1460 1473 1528 'videt
1496 1474 1637 1542 somnium,
1660 1493 1717 1528 non
1737 1474 1817 1528 dicit:
1846 1474 1912 1527 Vidi
1934 1473 2082 1544 imaginem
2103 1472 2249 1543 Augustini

597 1589 646 1636 aut
661 1580 841 1651 Simpliciani,
865 1582 914 1634 sed
937 1580 993 1634 vidi
1008 1580 1192 1651 Angustinnm
1215 1589 1263 1634 aut
1280 1579 1495 1649 Simplicianum,
1517 1599 1578 1634 cum
1601 1599 1635 1635 eo
1658 1587 1791 1651 tempore,
1814 1597 1870 1651 quo
1892 1581 1950 1634 tale
1973 1579 2079 1649 aliquid
2102 1578 2178 1647 sidit,
2199 1596 2250 1632 nos
2270 1593 2295 1634 ιο

596 1688 792 1759 ignoraremus.
828 1688 924 1758 Usque
948 1687 1019 1741 adeo
1042 1687 1218 1741 manifestum
1242 1695 1361 1741 estnon
1383 1687 1458 1757 ipsos
1480 1688 1613 1756 homines,
1636 1688 1684 1742 sed
1707 1688 1841 1758 imagines
1859 1705 1952 1741 comm
1967 1687 2069 1754 videri,
2092 1693 2122 1738 et
2139 1685 2249 1739 Pharao

455 1801 578 1842 scaena.
598 1795 686 1864 spicas
708 1811 737 1847 se
759 1794 827 1847 dixit
848 1793 948 1847 vidisse
969 1794 999 1847 in
1020 1794 1121 1848 somnis
1143 1802 1172 1847 et
1192 1793 1288 1860 hoves,
1310 1811 1364 1847 uon
1386 1795 1523 1863 spicarum
1541 1802 1590 1847 aut
1603 1793 1688 1847 boum
1704 1794 1846 1864 imagines.
1881 1793 1910 1847 Si
1925 1793 2008 1863 igitur
2022 1792 2128 1863 liquido
2144 1799 2251 1846 constat

471 1857 506 1904 41,
514 1855 535 1896 1.
542 1855 564 1894 t.

596 1900 751 1956 nominibus
772 1917 868 1954 eanum
888 1918 988 1966 rerum,
1017 1918 1134 1971 quarum
1164 1901 1297 1971 imagines
1326 1911 1397 1968 sunt,
1425 1902 1536 1954 casdem
1567 1901 1700 1970 imagines
1722 1900 1869 1970 appellari,
1888 1917 1949 1953 non
1977 1900 2074 1954 mirum
2096 1907 2147 1968 est,
2175 1900 2251 1969 quod

417 1996 578 2045 ⁶l·¹·R⁰⁸·²⁸’
598 2007 731 2077 scriptura
751 2007 818 2060 dicit
840 2005 1016 2061 Samuhelem
1037 2008 1125 2061 visum
1148 2009 1180 2060 et
1203 2009 1323 2062 cetera.

459 2054 483 2090 ll
492 2061 542 2099 sqq.

705 2103 789 2168 Item
804 2103 980 2188 Augustini
1003 2105 1038 2167 in
1060 2102 1143 2168 libro
1167 2102 1208 2168 de
1233 2104 1383 2168 doctrina
1399 2102 1584 2168 Christiana
1600 2103 1761 2167 secundo:
1786 2109 1919 2184 Signum1
1936 2120 1977 2167 est
1993 2114 2064 2167 enim
2079 2130 2125 2166 res
2141 2122 2250 2182 praeter
2270 2123 2295 2163 rs

599 2222 729 2292 speciem,
750 2238 836 2292 quam
856 2221 966 2292 ingerit,
987 2220 1111 2274 sensibus
1133 2221 1207 2274 aliud
1231 2221 1335 2291 aliquid
1359 2239 1392 2274 cr
1415 2238 1444 2274 se
1466 2221 1570 2274 iaciens
1591 2221 1619 2273 in
1634 2221 1829 2291 cogitationem
1845 2221 1949 2290 venire,
1971 2221 2040 2274 sieut
2054 2221 2169 2291 vestigio
2190 2220 2249 2274 viso

598 2330 728 2386 transisse
751 2327 863 2394 animal,
885 2327 961 2382 cuins
982 2326 1127 2398 vestigium
1150 2338 1201 2396 est,
1223 2329 1375 2399 cogitamus
1398 2336 1426 2381 et
1447 2328 1505 2381 viso
1528 2327 1603 2381 fumo
1620 2319 1711 2398 iguem
1727 2328 1837 2381 subesse
1853 2327 2049 2398 cognoscimus.
2083 2323 2249 2398 Signorurn²

598 2435 681 2506 igitur
702 2435 759 2489 alia
780 2444 842 2488 sunt
864 2435 1011 2504 naturalia,
1032 2434 1089 2487 alia
1111 2434 1185 2488 data.
1218 2428 1326 2505 Signa³
1347 2434 1413 2487 data
1432 2441 1503 2502 sunt,
1525 2451 1598 2503 quae
1614 2434 1741 2488 divinitus
1757 2435 1784 2488 in
1800 2433 1939 2503 seripturis
1954 2434 2054 2488 sanctis
2069 2434 2249 2502 continentur,

596 2559 648 2614 per
669 2542 793 2596 homines
814 2541 893 2595 uobis
914 2541 1035 2595 indicata
1057 2547 1128 2610 sunt,
1149 2541 1197 2610 qui
1220 2558 1254 2594 ea
1276 2541 1496 2610 conscripserunt
1518 2542 1550 2595 et
1574 2542 1693 2594 cetera.

703 2644 802 2703 Ante⁴
823 2648 915 2703 omnia
935 2649 1020 2719 igitur
1040 2665 1110 2718 opus
1132 2655 1174 2701 est
1194 2648 1250 2702 Dei
1272 2647 1369 2702 timore
1392 2647 1513 2701 converti
1529 2648 1565 2700 ad
1580 2648 1799 2717 cognoscendam
1815 2648 1874 2701 eius
1888 2648 2068 2716 uoluntatem,
2089 2647 2249 2717 quidnobis
2267 2657 2295 2695 au

598 2756 785 2826 appetendum
806 2755 1023 2826 fugimdumque
1044 2754 1206 2824 praecipiat.

702 2852 747 2916 Et
769 2851 872 2915 infra:
898 2855 995 2915 Illud⁵
1016 2861 1091 2930 quod
1115 2868 1156 2913 est
1177 2861 1326 2914 secundum
1348 2860 1529 2914 institutiones
1549 2860 1698 2928 bominum,
1719 2860 1819 2930 partim
1841 2861 2056 2930 supemtitiosmn
2078 2867 2129 2930 est,
2150 2862 2249 2930 partim

594 2987 651 3026 non
673 2975 724 3024 est.
769 2962 1012 3039 Superstitioaum⁶
1041 2975 1083 3021 est
1111 2967 1243 3037 quicquid
1268 2967 1420 3021 institutum
1450 2974 1492 3020 est
1521 2966 1556 3020 ab
1586 2965 1741 3020 horninibus
1770 2968 1804 3020 ad
1833 2967 1961 3021 facienda
1988 2975 2016 3021 et
2036 2968 2153 3021 colenda
2174 2968 2249 3021 idola

597 3076 738 3146 pertinens
760 3075 806 3128 vel
828 3076 864 3128 ad
886 3075 1031 3128 colendum
1053 3074 1123 3127 sicut
1144 3075 1235 3128 Deum
1258 3082 1420 3127 oreatmam.

703 3172 747 3236 Et
770 3181 844 3258 post
866 3193 974 3257 pauca
996 3172 1032 3234 in
1055 3170 1170 3234 eodem
1194 3171 1341 3256 sequitur
1363 3168 1461 3234 libro:
1485 3175 1652 3250 Appetunt⁷
1674 3192 1767 3235 tamen
1782 3199 1876 3236 ornnes
1892 3183 2032 3251 quandam
2046 3181 2249 3235 similitudinem
2267 3195 2295 3234 aa

596 3287 626 3341 in
647 3286 836 3358 significando,
857 3295 888 3342 ut
908 3288 970 3357 ipsa
988 3288 1079 3359 signa,
1100 3287 1128 3340 in
1149 3294 1283 3357 quantrnn
1304 3295 1428 3356 possunt,
1448 3286 1538 3354 rebus,
1560 3304 1633 3357 quae
1656 3286 1851 3357 significantur,
1878 3288 1977 3342 similia
1999 3288 2060 3343 sint.
2106 3286 2162 3342 Sed
2182 3288 2248 3358 quia

596 3394 689 3448 multis
711 3395 798 3448 modis
820 3395 909 3448 simile
931 3394 1037 3464 aliquid
1060 3393 1142 3447 alicui
1164 3400 1256 3464 potest
1277 3411 1347 3460 esse,
1368 3412 1422 3448 non
1444 3401 1570 3447 constant
1591 3394 1660 3447 talia
1680 3395 1757 3465 signa
1780 3395 1851 3447 iuter
1872 3395 2006 3464 homines,
2031 3396 2081 3448 uisi
2103 3412 2249 3448 consensus

596 3502 720 3558 accedat.
752 3497 807 3554 1ηὸ
822 3501 934 3570 pictruis
949 3518 1014 3554 vero
1032 3509 1060 3554 et
1076 3501 1171 3554 statuis
1186 3501 1341 3570 ceterisque
1356 3501 1509 3558 huiusmodi
1525 3501 1659 3554 simulatis
1674 3500 1804 3570 operibus
1818 3502 1936 3554 maxime
1951 3502 2099 3571 peritorum
2116 3501 2249 3555 artificum

596 3625 677 3662 nemo
701 3616 782 3672 errat,
804 3626 866 3662 crun
888 3608 988 3662 similia
1009 3608 1118 3674 viderit,
1146 3617 1177 3661 ut
1205 3615 1347 3678 agnoscat,
1374 3607 1474 3677 quibus
1495 3607 1547 3661 sint
1574 3607 1656 3662 rebus
1677 3607 1785 3660 similis.
1830 3608 1867 3660 Et
1885 3608 1939 3660 boc
1961 3615 2048 3661 totum
2069 3625 2157 3678 genus
2178 3609 2249 3662 inter

596 3715 735 3785 superflua
756 3716 896 3774 hommum
918 3716 1041 3769 instituta
1061 3717 1258 3769 numerandum
1281 3725 1331 3782 cst,
1353 3715 1402 3768 nisi
1426 3733 1487 3768 cum
1510 3716 1632 3782 interest,
1653 3715 1720 3784 quid
1742 3731 1845 3782 eornm,
1867 3732 1924 3784 qua
1946 3715 1981 3767 de
2003 3731 2087 3768 causa
2109 3722 2137 3768 et
2158 3715 2203 3769 ubi
2219 3723 2248 3768 et
2266 3729 2295 3768 ao

598 3823 711 3892 quarulo
732 3832 761 3876 et
782 3822 859 3877 cuius
881 3822 1043 3876 anctoritate
1064 3819 1114 3875 fiat
1136 3822 1168 3875 et
1191 3822 1309 3875 celera.

702 3919 786 3984 Item
815 3919 990 4005 Augustini
1018 3920 1052 3982 iu
1080 3917 1163 3982 libro
1194 3918 1289 3981 tertio
1319 3917 1481 3984 eiusdem:
1511 3923 1585 3992 Qni⁹
1613 3945 1679 3980 vcro
1707 3935 1754 3980 aut
1781 3936 1911 3996 operatur
1938 3935 1987 3982 aut
2013 3937 2160 3983 veneratur
2181 3930 2246 3983 utile

596 4035 703 4106 signum
726 4036 853 4091 [livinitus
875 4036 1035 4100 institutum,
1065 4036 1141 4089 cuius
1170 4035 1226 4087 uim
1248 4033 1530 4104 significationemque
1552 4034 1690 4105 intelligit,
1711 4051 1765 4087 uon
1787 4034 1839 4087 boe
1862 4040 2018 4103 veneratur,
2044 4037 2119 4105 quod
2140 4036 2247 4090 videtur

597 4149 626 4196 et
647 4143 753 4210 transit,
775 4144 823 4196 sed
844 4143 914 4197 illud
936 4143 1036 4213 potius,
1065 4161 1121 4212 quo
1150 4141 1218 4195 talia
1248 4149 1347 4194 cuncta
1373 4141 1519 4195 referenda
1540 4148 1610 4194 sunt.
1656 4141 1734 4194 Talis
1755 4147 1849 4194 autem
1871 4141 1953 4194 homo
1975 4141 2105 4211 spiritalis
2127 4150 2156 4196 ct
2177 4142 2247 4196 liber

596 4255 638 4306 est
660 4249 743 4303 etiam
764 4257 888 4319 tempore
910 4250 1057 4319 servitutis,
1078 4267 1135 4319 quo
1157 4247 1314 4301 camalibus
1335 4248 1432 4301 animis
1453 4249 1573 4302 nondum
1595 4254 1707 4317 oportet
1726 4247 1805 4320 signa
1826 4247 1877 4301 illa
1897 4248 2026 4316 revelari,
2048 4265 2162 4318 (puerum
2183 4249 2247 4319 iugo
2266 4260 2295 4300 aa

596 4356 742 4409 edomandi
765 4366 834 4409 sunt.
878 4356 964 4410 Tales
986 4364 1077 4409 autom
1100 4355 1238 4425 spiritales
1261 4362 1339 4408 erant
1360 4354 1533 4424 patriarchae
1556 4371 1589 4408 ac
1611 4355 1763 4424 prophetae
1785 4372 1936 4426 omnesque
1958 4355 1986 4409 in
2007 4355 2111 4425 populo
2134 4355 2247 4421 Israhel,

595 4480 647 4532 per
669 4480 739 4532 quos
759 4462 839 4516 nobis
861 4461 978 4532 Spiritum
1000 4469 1109 4515 sauctus
1131 4461 1191 4531 ipsa
1213 4462 1406 4530 scripturarum
1423 4470 1451 4514 ct
1473 4461 1575 4515 auxilia
1597 4469 1625 4515 et
1646 4462 1745 4515 solatia
1767 4462 1930 4516 ministravit
1953 4464 1985 4517 et
2009 4462 2127 4516 cetera.

702 4559 784 4624 Item
815 4559 919 4622 sancti
941 4557 1115 4622 Athanasii
1145 4559 1179 4621 in
1210 4580 1359 4622 sermone
1390 4569 1504 4644 quarto
1535 4557 1709 4623 adversum
1732 4558 1906 4623 Arrianus:
1942 4569 2144 4623 Arriomsniure
2156 4563 2191 4636 ¹⁰,
2216 4576 2248 4622 ut

595 4677 697 4730 dictum
720 4683 771 4742 cst,
792 4676 945 4729 iudicantes
967 4676 1052 4728 scmel
1074 4681 1289 4746 transgressores
1311 4673 1378 4728 fieri.

702 4957 718 5004 6
737 4954 872 5006 Salustius
891 4956 922 5005 P.
996 4955 1030 5004 28
1050 4956 1147 5004 ceteris
1170 4953 1198 5003 P.

704 5217 733 5302 1)
756 5224 937 5301 Augustinus,
961 5224 1009 5281 De
1031 5224 1161 5284 doctriua
1186 5221 1351 5282 Christiana
1375 5224 1411 5280 H
1429 5228 1486 5283 c.1
1509 5217 1582 5302 §1;
1607 5223 1681 5300 opp.
1698 5225 1755 5296 ΙΙΙ,
1773 5229 1800 5296 1,
1818 5230 1864 5286 19.
1936 5219 1967 5303 2)
1991 5226 2066 5284 loia
2090 5219 2168 5303 §2;
2191 5228 2209 5284 l.
2227 5229 2246 5282 l.

597 5321 627 5408 3)
651 5331 725 5388 [bid.
749 5327 826 5406 §3;
849 5333 867 5387 l.
892 5332 911 5387 l.
1011 5324 1041 5407 4)
1065 5330 1140 5388 Ibid.
1166 5331 1203 5388 ΙΙ
1221 5351 1244 5387 c.
1263 5334 1283 5390 7
1304 5324 1381 5406 §Q
1405 5332 1423 5386 l.
1441 5333 1460 5387 l.
1477 5331 1533 5401 ΙΙΙ,
1552 5335 1579 5402 1,
1596 5335 1647 5391 22.
1749 5325 1780 5409 5)
1803 5332 1881 5389 Ibid.
1905 5334 1942 5390 ΙΙ
1960 5353 1983 5390 c.
2000 5336 2040 5393 19
2060 5327 2160 5408 §295
2184 5336 2202 5390 l.
2227 5335 2246 5391 1.

593 5437 651 5508 111,
668 5441 697 5510 1,
714 5441 761 5497 31.
832 5429 863 5516 6)
887 5437 965 5494 leid.
989 5456 1012 5494 o.
1029 5441 1071 5496 20
1093 5433 1190 5512 §30;
1214 5439 1234 5493 l.
1258 5439 1276 5494 l.
1347 5429 1378 5514 1)
1401 5437 1477 5494 Ibid.
1502 5438 1538 5494 II
1557 5458 1579 5494 c.
1597 5442 1639 5498 25
1661 5434 1757 5514 3⁸³3&
1781 5441 1799 5496 l.
1824 5441 1842 5495 l.
1867 5439 1925 5510 ΙΙΙ,
1942 5443 1970 5510 1,
1988 5443 2037 5500 37.
2114 5431 2145 5518 8)
2170 5440 2246 5498 [bid.

593 5541 690 5618 §39;
714 5545 732 5601 1.
756 5546 775 5601 l.
860 5536 891 5621 9)
915 5544 990 5601 leid
1015 5543 1069 5600 ΙΙΙ
1086 5548 1146 5604 c.9
1168 5539 1264 5620 §135
1289 5545 1307 5600 l.
1332 5546 1350 5600 l.
1376 5543 1432 5615 ΙΙΙ,
1457 5549 1484 5615 1,
1508 5549 1559 5605 48.
1658 5537 1709 5622 10)
1733 5545 1918 5616 Athanasius,
1943 5544 2044 5603 Oratio
2067 5549 2087 5605 3
2109 5548 2249 5604 adversm

594 5650 738 5708 Amioaos
767 5671 790 5708 c.
816 5655 848 5720 1,·
886 5650 959 5727 opp.
984 5652 1027 5707 ed.
1054 5649 1230 5709 Gimtiuiuui
1254 5651 1277 5721 Ι,
1303 5655 1329 5721 1,
1354 5654 1425 5710 435.
1474 5649 1523 5723 Os.
1550 5671 1610 5708 cum
1640 5653 1691 5709 boc
1721 5653 1780 5709 loco
1810 5660 1836 5708 et
1863 5652 2039 5728 subsequenti
2069 5650 2154 5710 Coae.
2179 5652 2247 5710 Nic.
2267 5673 2300 5713 so

593 5766 649 5816 act.
673 5757 739 5827 IV,
765 5757 865 5815 Μαιιεὶ
887 5758 973 5827 XIII,
999 5761 1047 5817 69.
