4884 6717
733 507 784 564 50.
821 507 1038 564 cercurum
1061 505 1288 562 Paulsffiusu
1312 505 1349 561 Α.
1370 504 1444 561 829.
1850 494 1914 558 663

223 751 226 758 .
265 704 399 776 expulsus
423 711 479 770 est,
503 722 565 758 eum
589 706 739 759 demonum
762 706 925 777 septenario
948 705 1002 760 sibi
1026 721 1142 759 numero
1165 703 1263 757 addito
1286 703 1320 757 ad
1341 720 1372 756 se
1388 702 1482 756 redire
1499 701 1568 756 fucit
1583 702 1787 772 pristinamque
1804 704 1914 758 domum

265 813 293 865 in
317 829 347 866 se
372 812 577 883 quodammodo
601 812 744 866 vindicare
768 813 845 878 sinit,
869 812 948 890 fiunt
969 810 1012 866 illi
1033 809 1184 866 nos-issima
1210 807 1312 884 peiora
1337 807 1492 883 prioribus.
1547 808 1633 863 Patet
1663 809 1803 880 protecto,
1833 810 1857 864 si
1887 811 1916 864 iu
1934 802 2092 905 fflffli

266 918 373 972 eisdem
396 918 531 988 nequitiis
555 918 640 972 vitain
664 917 780 986 finierit,
803 920 916 988 gravim
939 917 1017 972 illum
1040 936 1125 988 quam
1149 936 1207 984 eos,
1233 917 1281 988 qni
1305 917 1372 971 lieet
1396 915 1482 970 tidem
1506 913 1611 969 Christi
1634 933 1689 970 non
1713 924 1916 987 perceperunt,

265 1024 345 1079 bonis
368 1032 465 1079 tamen
487 1025 622 1096 operibus
643 1042 758 1096 operam
782 1026 933 1093 dederunt,
957 1027 1142 1097 puniendum.
1189 1024 1311 1079 Proinde
1335 1041 1454 1078 neeesse
1478 1030 1533 1088 est,
1558 1029 1590 1077 ut
1613 1024 1807 1094 uuusquisque
1830 1023 1916 1078 tidem

234 1130 381 1198 eChristi,
406 1149 489 1202 quam
512 1133 653 1204 percepit,
678 1133 759 1187 bouis
782 1134 915 1204 operibus
939 1139 1067 1188 exornet.
1114 1132 1152 1186 Et
1175 1132 1249 1186 sieut
1271 1130 1340 1184 nulli
1365 1131 1401 1185 de
1424 1130 1616 1185 misericordia
1638 1130 1694 1184 Dei
1718 1130 1916 1201 disputandum

266 1245 321 1305 est,
345 1240 387 1292 its
409 1256 492 1295 nemo
514 1247 579 1310 pest
606 1240 678 1294 hane
702 1240 786 1295 vitam
816 1241 948 1294 iudicium
972 1239 1039 1305 Dei,
1070 1240 1144 1310 quod
1175 1238 1227 1292 nisi
1259 1238 1361 1291 iustum
1392 1255 1456 1291 esse
1486 1254 1541 1292 nou
1571 1244 1675 1308 petest,
1711 1237 1764 1291 sibi
1795 1237 1915 1308 aliisque

266 1344 459 1401 favorabiliter
482 1346 634 1401 molliendo
657 1353 800 1417 temperet
824 1355 853 1401 et
877 1354 995 1418 propter
1017 1345 1069 1400 boe
1093 1346 1121 1399 in
1145 1345 1197 1399 hae
1221 1345 1280 1399 vita
1302 1344 1383 1398 bonis
1407 1344 1540 1415 operibus
1558 1345 1673 1398 deditus
1689 1361 1752 1398 esse
1767 1343 1914 1415 neglegat.

267 1451 450 1524 Quapropter
472 1454 678 1524 procurandum
703 1460 757 1518 est,
781 1461 823 1520 ut,
848 1455 913 1507 dum
937 1454 966 1507 in
988 1453 1040 1507 buc
1065 1453 1123 1506 vita
1146 1452 1259 1518 vivitur,
1283 1452 1363 1506 bonis
1386 1451 1520 1522 operibus
1535 1451 1691 1505 insistatur.
1730 1439 1914 1505 Admonet¹

267 1549 388 1635 quippe
412 1548 574 1614 Dominus
597 1551 631 1613 in
655 1550 843 1635 evaugelio:
871 1551 1006 1638 Vipilate
1029 1565 1176 1630 sternte,
1199 1553 1277 1635 qaia
1301 1551 1426 1614 arescitis
1450 1549 1533 1614 diem
1556 1573 1653 1634 nepus
1676 1549 1797 1629 borani,
1820 1549 1914 1612 item:
1934 1565 2092 1618 minuas.

222 1656 346 1725 milies
363 1656 499 1720 Domini
518 1659 600 1722 siem
614 1660 681 1744 fur
704 1661 738 1722 in
761 1673 846 1722 nocte
870 1661 915 1723 ita
939 1660 1048 1738 ueniet,
1071 1658 1165 1720 item:
1192 1657 1368 1735 Ansbulate,
1393 1657 1465 1718 ilum
1484 1656 1581 1719 tricem
1598 1656 1727 1735 habero,
1744 1682 1781 1720 ne
1796 1658 1915 1721 tenebre
1934 1673 2092 1770 {33⁸⁸ssss-

269 1787 322 1826 ros
353 1764 614 1849 rereprehendant,
646 1776 679 1828 et
708 1763 889 1850 apostolus:
921 1764 1004 1828 Ecce
1029 1789 1111 1828 nisam
1135 1778 1255 1849 tempas
1278 1763 1478 1848 acceptabile,
1502 1787 1569 1826 eote
1593 1787 1674 1825 nisnc
1697 1763 1766 1827 dics
1792 1764 1915 1828 saisitis.
1935 1756 2071 1831 scor-'ut

268 1867 329 1931 His
353 1867 557 1933 documentis
587 1869 811 1956 perdocemur,
843 1869 931 1956 quod
960 1868 1086 1933 indulto
1115 1879 1262 1955 tempora
1291 1869 1511 1954 paenitentiae
1542 1869 1576 1931 in
1606 1891 1726 1933 vanum
1757 1892 1823 1932 nnn
1853 1871 1916 1933 sint

268 1973 462 2040 deducenda
485 1988 518 2040 et
541 1976 629 2063 quod
652 1976 733 2041 tides
757 1976 878 2041 Christi
902 1975 996 2040 bonis
1020 1999 1149 2062 semper
1172 1979 1213 2039 sit
1237 1974 1390 2062 operibns
1414 1974 1614 2041 exornanda.

375 2125 449 2196 (65).
486 2127 649 2200 capxl.
686 2125 897 2192 Qu0d²ad
923 2128 1914 2199 ecclesiumorandigratiufrequentereon·

224 2252 250 2292 re
268 2235 411 2289 veniri
447 2236 618 2291 debeat.
677 2235 751 2298 Quia
780 2236 914 2290 inoderno
944 2243 1072 2307 tempore
1103 2234 1255 2290 Christiani
1285 2235 1382 2307 populi
1413 2236 1526 2292 devotio
1556 2255 1575 2289 a
1604 2235 1755 2290 devotione
1790 2235 1916 2306 plebium

267 2339 404 2406 fidelium,
428 2360 501 2413 quse
525 2343 578 2396 sub
601 2342 734 2413 apostolis
759 2343 863 2409 extitit,
887 2342 972 2414 longe
995 2343 1031 2396 sit
1054 2343 1153 2413 impar,
1174 2334 1207 2396 iu
1232 2331 1526 2418 praecedentibus⁸
1542 2333 1606 2396 ium
1630 2343 1915 2396 commemoratum

269 2448 327 2502 est.
375 2448 476 2503 Procul
499 2467 602 2520 nempe
627 2451 800 2520 quorundam
824 2449 1044 2504 Christianorum
1068 2450 1182 2504 devotio
1206 2449 1278 2503 sient
1305 2457 1334 2502 et
1359 2449 1387 2503 in
1410 2448 1551 2503 nonnullis
1577 2449 1650 2515 aliis,
1681 2448 1721 2503 its
1752 2455 1782 2504 et
1812 2449 1840 2503 in
1871 2467 1915 2517 eo,

269 2555 344 2625 quod
367 2555 403 2610 ad
427 2554 575 2610 eeclesiam
599 2557 696 2627 tepide
720 2557 902 2622 conveniunt,
926 2557 962 2611 ab
992 2556 1066 2610 illius
1095 2557 1189 2628 plebis
1220 2556 1351 2628 religiosa
1381 2557 1531 2610 dovotione
1563 2556 1660 2610 distat.
1707 2556 1813 2611 Verum
1842 2556 1916 2611 sieut

268 2669 334 2715 sunt
357 2662 498 2733 plerique,
524 2664 570 2734 qui
593 2664 640 2734 pio
664 2663 851 2734 religiosoque
876 2664 969 2718 studio
1000 2664 1097 2719 orandi
1127 2664 1219 2733 gratia
1250 2663 1398 2719 eeclesiam
1428 2663 1573 2733 sepissime
1604 2663 1799 2732 frequentant,
1830 2663 1870 2716 its
1899 2679 1916 2718 e

223 2786 250 2826 so
269 2770 407 2823 contrario
433 2771 557 2824 existunt
580 2770 705 2840 quidum,
729 2770 788 2840 qui,
812 2769 879 2823 lieet
904 2789 919 2825 e
944 2771 1034 2825 ricino
1058 2770 1182 2825 babeant
1206 2768 1360 2835 basilicam,
1385 2770 1413 2823 id
1437 2777 1532 2824 tamen
1555 2787 1681 2841 perraro,
1712 2770 1787 2840 quod
1819 2788 1915 2824 emen·

269 2876 382 2931 datione
407 2876 522 2948 dignum
547 2883 601 2944 est,
625 2877 744 2932 faciunt.
792 2877 831 2931 Ut
855 2894 923 2947 ergo
946 2878 1053 2948 templa
1076 2877 1177 2931 divinis
1201 2876 1325 2931 cultibus
1348 2878 1509 2948 mancipata
1530 2876 1699 2948 frequenter
1721 2877 1792 2931 adiri
1819 2877 1915 2948 ibique

268 2984 361 3038 Deum
386 2992 549 3039 constanter
574 2991 604 3038 et
628 2985 731 3039 devote
756 2991 886 3055 oporteat
911 2985 1043 3048 invocari,
1068 2984 1162 3037 divine
1180 2985 1318 3055 scripture
1335 2985 1495 3038 testimonia
1510 2986 1610 3039 subter
1626 2984 1747 3039 collecta
1762 2990 1915 3038 testantur.

269 3090 389 3162 Legitur
412 3092 509 3161 itaque
533 3093 561 3144 in
588 3090 661 3145 libro
684 3091 933 3162 Paralipomenon:
965 3090 1110 3165 Apparuit
1133 3089 1272 3146 Ilorninus
1296 3090 1442 3146 Salornoni
1470 3098 1549 3146 nocte
1578 3099 1604 3144 ct
1632 3089 1689 3146 ait:
1718 3090 1822 3146 Audio
1850 3109 1917 3145 ora·
1935 3104 2095 3156 acuantur.

269 3198 367 3255 tiorsem
392 3206 466 3254 biam
491 3205 517 3252 et
539 3197 609 3273 slepi
630 3199 717 3252 Iocum
742 3197 822 3252 istum
845 3196 913 3252 initii
935 3196 963 3252 in
988 3197 1096 3252 desiisse
1119 3196 1256 3273 sacrficii
1278 3206 1307 3252 et
1330 3196 1445 3266 'cetera3
1471 3204 1501 3252 et
1517 3197 1601 3268 paulo
1617 3204 1696 3269 post:
1716 3195 1797 3254 Oculi
1810 3215 1918 3272 quoqne
1935 3213 1964 3254 us.
1977 3213 2079 3263 ursis.

223 3318 250 3357 ao
270 3304 323 3358 ossi
345 3312 427 3361 crunt
449 3302 552 3379 aperti,
577 3312 603 3359 et
625 3323 711 3359 aures
734 3322 811 3359 aisne
834 3312 923 3358 erecte
945 3304 987 3359 ad
1007 3304 1161 3360 orationem
1186 3304 1253 3374 cius,
1278 3303 1327 3379 pai
1348 3304 1376 3360 in
1401 3306 1459 3360 loco
1482 3305 1534 3360 isto
1556 3304 1690 3360 oras-erit.
1738 3303 1822 3378 Elcpi
1844 3303 1916 3360 enim

270 3418 295 3466 et
316 3410 493 3488 sarsctificani
515 3411 602 3466 lomim
626 3410 717 3482 istum,
741 3417 771 3465 ut
791 3410 827 3465 sit
849 3429 947 3467 nornen
971 3429 1058 3466 memn
1082 3410 1120 3466 ibi
1144 3411 1172 3466 in
1199 3410 1407 3485 eruptionum,
1439 3419 1466 3466 et
1488 3419 1681 3485 pemriarseant
1708 3410 1781 3466 oculi
1810 3410 1864 3466 niei
1892 3419 1919 3466 et

269 3537 318 3574 ror
341 3537 429 3573 nienm
455 3516 493 3573 iti
521 3517 626 3574 curretis
656 3516 759 3573 diebus.
814 3518 852 3572 Et
882 3519 910 3571 in
941 3517 1089 3588 evangelio
1120 3519 1233 3573 Lucae:
1272 3516 1311 3573 Et
1332 3518 1447 3587 sactum
1478 3526 1526 3587 est,
1558 3518 1621 3573 darn
1652 3515 1824 3573 benediceret
1852 3516 1916 3586 illis,
1936 3515 2033 3610 ῑέῗξῖἒν

270 3623 382 3681 recessit
403 3623 439 3680 ab
462 3624 501 3680 eis
524 3631 549 3679 ct
565 3623 719 3696 serebatur
742 3623 770 3680 in
794 3625 909 3680 caelans·
951 3623 991 3679 Et
1013 3623 1068 3699 ipsi
1089 3625 1244 3680 adnantes
1268 3624 1390 3700 inpressi
1410 3632 1475 3680 snat
1496 3624 1525 3680 in
1541 3621 1720 3680 IIiersualem
1737 3642 1796 3679 curn
1810 3623 1917 3699 paridis

269 3751 371 3806 inspiro
395 3741 420 3786 et
442 3739 526 3787 eram
546 3749 657 3805 senprer
679 3731 708 3786 in
732 3731 831 3805 templo
854 3730 1003 3786 laurbsntes
1026 3739 1052 3786 et
1073 3730 1263 3787 bmicdicentcs
1287 3730 1388 3787 Deuin.
1442 3732 1478 3786 Et
1510 3733 1539 3785 in
1569 3731 1679 3786 actibus
1709 3732 1914 3802 apostolorum:

225 3849 251 3888 so
271 3836 368 3894 Erant
390 3846 490 3906 autern,
515 3838 623 3910 inquid,
643 3844 859 3912 perseverantes
882 3836 910 3892 in
935 3837 1064 3894 ‹listrina
1088 3838 1276 3911 appetitorum
1302 3845 1328 3892 et
1350 3837 1596 3894 continunicatione
1611 3836 1770 3908 fractionis
1787 3837 1877 3912 panis
1893 3847 1919 3894 et
1936 3853 2055 3904 sn.s,u.

269 3943 449 4014 ‹sasionitzo,
475 3953 505 4000 et
520 3945 605 4016 paulo
623 3951 703 4016 post:
731 3942 861 4006 eridte
883 3963 991 4018 quoqne
1008 3944 1202 4018 perdurantes
1225 3943 1396 4001 ursanimiter
1419 3943 1448 4000 in
1472 3946 1571 4019 ternpto
1595 3952 1628 4014 es,
1646 3944 1823 4020 sranpentes
1840 3944 1918 4000 circa
1935 3960 2079 4010 innuat.

270 4051 363 4107 (Ionios
375 4070 490 4125 parient,
514 4049 659 4106 metuebant
677 4048 762 4106 diurn
787 4069 846 4104 cisso
871 4050 1040 4106 exaltaturus
1063 4059 1089 4106 et
1110 4050 1287 4126 simplicitate
1303 4051 1405 4118 cordis
1423 4052 1624 4107 conlaudantes
1640 4049 1730 4106 Imoo
1747 4060 1772 4106 et
1788 4049 1918 4107 habentes

266 4157 391 4231 pretium
415 4158 457 4213 ad
483 4163 589 4214 munao
616 4156 742 4232 plebem·
773 4158 840 4211 item
872 4157 926 4211 ibi:
962 4156 1063 4212 Petrus
1093 4166 1119 4213 et
1142 4157 1284 4214 titanios
1314 4158 1502 4214 memidmuot
1531 4158 1559 4212 in
1590 4159 1717 4232 ternplum
1748 4158 1790 4214 cut
1817 4158 1917 4214 baem
1935 4174 2017 4224 tn.s,1.

267 4262 404 4318 inanescis·
427 4283 539 4320 nonem.
581 4265 719 4336 Origenes
743 4282 856 4335 quoque
880 4266 907 4318 in
931 4265 1032 4319 omelia
1055 4266 1091 4318 de
1112 4265 1259 4320 Rebecca:
1286 4261 1427 4332 Vereor⁴,
1452 4266 1552 4335 inquit,
1576 4284 1612 4318 ne
1629 4266 1689 4319 sitis
1705 4266 1786 4319 rnntri
1804 4272 1915 4319 vestrae

224 4381 249 4421 se
270 4370 408 4425 eeclesiae
432 4371 525 4426 adhue
548 4373 576 4426 in
600 4372 715 4426 tristitia
742 4378 772 4425 et
802 4372 920 4440 gemitu,
952 4388 1015 4425 cum
1045 4389 1099 4426 non
1130 4372 1286 4426 convenitis
1315 4373 1351 4426 sd
1382 4372 1554 4426 audiendum
1578 4372 1632 4426 Ilei
1663 4373 1779 4426 verbum
1811 4379 1839 4425 et
1872 4372 1916 4425 vix

269 4477 351 4530 testis
375 4478 475 4532 diebus
499 4479 535 4533 ad
559 4478 708 4534 ecclesiam
731 4478 885 4550 proceditis
909 4485 939 4532 et
962 4477 1014 4532 hoe
1038 4495 1094 4532 uon
1123 4485 1181 4531 tum
1208 4479 1350 4532 desiderio
1373 4479 1453 4533 verbi
1484 4496 1566 4549 quam
1596 4478 1690 4532 studio
1719 4478 1916 4532 sollemnitatis

269 4591 299 4638 et
322 4583 436 4655 publice
460 4585 664 4655 quodammodo
687 4585 855 4639 remissionis
878 4585 1009 4639 obtentu.
1049 4583 1124 4647 Quid
1149 4585 1235 4656 igitur
1258 4603 1311 4656 ego
1334 4585 1445 4652 faciam,
1462 4586 1506 4639 eni
1523 4585 1696 4656 dispensatio
1712 4584 1791 4638 verbi
1807 4584 1917 4638 credits

269 4691 335 4745 est?
382 4685 461 4746 llbi⁵
483 4690 530 4744 vel
553 4692 666 4762 quando
690 4698 814 4746 vestrum
838 4698 948 4763 tempus
971 4691 1134 4745 inveniam?
1180 4690 1331 4745 Plurimum
1357 4711 1391 4745 er
1415 4692 1476 4758 boe,
1503 4692 1583 4746 immo
1610 4709 1685 4762 pene
1715 4698 1806 4745 totum
1835 4708 1914 4744 mun·

374 4935 408 4985 x.
437 4931 682 5002 ttproenrsndum]
703 4936 849 4986 curandum
869 4935 901 4987 P.
976 4937 1007 4986 12
1026 4937 1193 5000 penitentiae
1214 4935 1239 4984 V.

222 5031 250 5069 eo
374 5024 422 5073 XI.
454 5027 485 5074 lt
506 5025 571 5090 Cap.
591 5019 650 5089 XL]
674 5025 766 5075 desunt
786 5025 811 5085 l',
830 5025 879 5074 XI.
899 5024 930 5074 Ρ.
1020 5026 1134 5089 gretiam
1155 5024 1182 5075 V.
1275 5026 1306 5076 lt
1333 5020 1440 5089 nempe}
1466 5041 1582 5089 nemque
1602 5024 1632 5074 Ρ.
1723 5025 1757 5074 25
1782 5021 1821 5087 in]
1841 5025 1867 5075 tn
1888 5024 1915 5073 V.

268 5113 301 5164 27
320 5112 468 5177 ewangelio
488 5114 516 5164 V.
535 5114 566 5165 Ρ.
639 5117 671 5164 31
693 5115 799 5164 Cotidie
819 5112 850 5164 P.
924 5115 957 5164 36
976 5112 1185 5179 sollempnitatis
1205 5113 1235 5167 Ρ.

378 5331 407 5398 l)
432 5331 514 5387 Finis
537 5331 652 5406 capindi
675 5330 846 5387 Pamsimisis
873 5330 1037 5405 conpositis
1066 5340 1106 5387 est
1127 5331 1277 5388 secundum
1302 5329 1390 5387 lorias
1412 5330 1508 5386 Aurei.
1534 5331 1568 5387 sle
1591 5329 1759 5386 iristitntimre
1782 5330 1879 5388 liricali
1900 5332 1920 5388 Ι

269 5457 292 5492 c.
318 5441 357 5496 19
386 5438 414 5493 in
437 5437 509 5515 fine,
542 5446 667 5512 receptus
696 5447 736 5494 est
765 5437 793 5492 in
825 5436 943 5493 auidas
967 5436 1161 5493 institutionem
1190 5437 1298 5513 sepiam
1322 5458 1345 5493 c.
1366 5440 1406 5495 12
1428 5437 1456 5492 in
1473 5436 1545 5514 fine.
1661 5435 1691 5504 2)
1715 5436 1914 5512 Arpurncntum

269 5544 369 5619 capitu
399 5553 424 5599 ct
453 5544 504 5600 loc
533 5542 639 5619 mensis,
674 5545 841 5619 depronpsta
871 5563 907 5600 cs
936 5542 1009 5600 Iona
1039 5543 1148 5614 Δεινώ,
1184 5544 1230 5600 De
1264 5543 1433 5600 institutione
1461 5543 1559 5601 &sicali
1580 5543 1601 5599 Ι
1619 5563 1641 5598 c.
1665 5545 1710 5610 11,
1742 5544 1917 5600 bosamont

223 5670 251 5710 es
269 5651 298 5706 in
322 5650 442 5707 amdan
465 5649 660 5706 institutionem
685 5651 790 5726 repiarn
815 5669 838 5706 c.
857 5653 904 5708 ts.
990 5649 1020 5718 3)
1052 5651 1083 5706 V.
1108 5650 1189 5706 duim
1211 5650 1275 5706 libri
1298 5669 1321 5706 c.
1341 5653 1375 5718 7,·
1397 5669 1487 5724 supra
1506 5670 1539 5724 p.
1558 5653 1691 5725 ssosqq.
1762 5649 1793 5718 4)
1823 5649 1915 5706 Verba

269 5759 380 5814 Vereor
402 5777 438 5812 ne
457 5787 495 5797 -
514 5763 559 5812 est
582 5750 614 5831 (l.
635 5751 687 5830 38)
717 5757 847 5833 tepenter
876 5757 957 5832 apud
985 5755 1138 5833 Oripinrna
1168 5755 1296 5813 Humilia
1319 5759 1358 5815 10
1387 5756 1415 5812 in
1441 5754 1581 5814 Geneseos
1605 5777 1628 5810 c.
1649 5759 1689 5814 24
1715 5758 1749 5812 de
1772 5755 1915 5824 Rebeccn5

271 5863 345 5940 Opp.
370 5862 462 5933 I,36.
554 5861 585 5932 5)
609 5861 700 5919 Verba
723 5863 781 5919 Ubi
801 5893 836 5902 -
855 5863 943 5919 facies
967 5881 1032 5918 suas
1055 5857 1097 5938 (p.
1114 5867 1175 5922 aas
1199 5865 1217 5919 l.
1234 5859 1266 5937 5)
1290 5862 1469 5919 inveniuntur
1492 5861 1599 5918 ibidem.
