4884 6717
545 488 610 550 554
1030 494 1081 551 46.
1119 495 1337 554 CONCILIUM
1362 496 1562 553 ROMANUM
1585 497 1622 553 Α.
1643 496 1718 552 826.

653 682 713 746 ΧΙ.
748 682 801 746 De
831 682 897 747 fide
928 681 1070 747 tenenda
1100 695 1133 747 et
1163 682 1378 784 custodienda
1401 685 1434 747 in
1459 706 1552 748 sacro
1575 682 1771 771 baptismate
1795 684 1956 770 promissa
1980 694 2012 747 et
2036 682 2077 748 de
2101 682 2200 748 dilec-

546 790 633 854 tione
657 788 722 853 Dei
747 800 780 853 et
802 790 953 875 proximi.

653 912 730 978 XII.
767 913 819 977 De
844 915 992 978 castitate
1018 914 1265 1001 coniugatorum
1289 925 1321 979 et
1344 937 1363 978 a
1388 912 1580 979 concubinis
1603 913 1832 979 abstinendum
1855 914 1907 978 vel
1931 937 1952 978 a
1974 912 2201 979 meretricibus

545 1017 784 1084 abstinendum.

653 1216 714 1300 (1).
750 1215 882 1279 Fratres
914 1227 946 1279 ct
976 1215 1180 1302 coepiscopi,
1212 1216 1399 1281 sacerdotes
1423 1227 1456 1281 et
1480 1217 1588 1281 cuncti
1612 1215 1700 1280 cleri.
1748 1221 1908 1289 Quoniam¹
1930 1224 2080 1297 religiosus
2102 1233 2233 1281 sanctos

546 1330 654 1402 Spiritu
677 1340 870 1403 congregante
894 1341 1050 1387 conventus
1073 1332 1213 1398 hortatur,
1237 1340 1269 1387 ut
1294 1351 1489 1404 quaecumque
1514 1351 1565 1404 pro
1585 1332 1734 1404 disciplina
1758 1331 1936 1388 eclesiastica
1953 1333 2115 1388 necessaria
2133 1340 2200 1386 sunt

546 1457 612 1492 cura
637 1438 818 1510 diligentiore
844 1446 1007 1507 tractemus,
1033 1439 1055 1493 si
1078 1438 1186 1510 placet,
1210 1439 1324 1506 fratres,
1351 1458 1395 1506 ea,
1420 1458 1493 1510 quae
1512 1440 1549 1496 ad
1568 1439 1773 1495 ordinationum
1793 1446 1921 1495 tenorem
1944 1440 2099 1510 pertinent,
2122 1440 2201 1493 iuxta

546 1545 642 1600 divine
665 1545 738 1617 legis
761 1555 920 1617 praecepta
943 1554 973 1600 et
997 1546 1167 1601 Nicenorum
1191 1564 1329 1601 canonum
1352 1547 1505 1601 constituta
1534 1546 1575 1600 ita
1604 1547 1761 1601 iurante
1786 1547 1905 1601 Domino
1935 1547 1963 1600 in
1990 1563 2073 1601 omne
2097 1564 2199 1601 aevum

546 1671 679 1707 mansura
701 1653 863 1718 solidemus,
888 1661 920 1706 ut
943 1652 1012 1705 nulli
1036 1651 1079 1707 fas
1102 1653 1139 1706 sit
1162 1654 1222 1707 sine
1247 1660 1338 1707 status
1362 1654 1404 1707 sui
1428 1653 1555 1724 periculo
1574 1651 1620 1708 rel
1644 1653 1753 1707 divinas
1773 1653 1991 1707 constitutiones
2014 1652 2060 1707 vel
2084 1661 2199 1723 aposto·

546 1759 618 1814 licae
650 1760 726 1813 sedis
757 1760 876 1814 decreta
905 1766 1057 1825 temerare,
1090 1760 1156 1830 quia
1185 1777 1247 1824 uos,
1284 1760 1333 1830 qui
1361 1760 1498 1831 potissimi
1528 1760 1684 1814 sacerdotis
1714 1759 1940 1813 administramus
1969 1757 2073 1826 officia,
2101 1759 2198 1814 talium
2220 1780 2246 1817 ro

548 1867 802 1937 transgressionum
833 1865 918 1938 eulpa
946 1866 1099 1936 respiciet.
1130 1867 1153 1919 si
1184 1866 1212 1920 in
1243 1867 1334 1921 causis
1365 1867 1421 1922 Dei
1451 1866 1566 1922 desides
1596 1864 1731 1920 fuerimus
1761 1866 1885 1932 inventi,
1917 1866 1984 1937 quia
2013 1866 2198 1932 meminimus,

409 1961 439 2001 cl.
447 1960 528 2003 Enoch.

412 2015 521 2064 „3qu
548 1973 671 2045 qualiter
701 1973 886 2026 comminetur
915 1972 1050 2027 Dominus
1080 1971 1283 2044 neglegentiae
1318 1974 1506 2028 sacerdotum.
1553 1971 1698 2043 Siquidem
1730 1981 1854 2027 reatum
1883 1973 2028 2028 maiorem
2058 1973 2199 2044 delinquit

548 2079 595 2150 qui
619 2081 743 2150 potiore
767 2079 872 2134 bonore
896 2079 1060 2149 perfruitur,
1086 2087 1116 2135 et
1135 2080 1264 2150 graviora
1279 2079 1348 2134 facit
1363 2080 1432 2135 vitia
1446 2088 1629 2151 peccatorum
1644 2079 1800 2134 sublimitas
1816 2080 1998 2149 dignitatum.
2033 2079 2198 2134 Cavendum

548 2203 616 2256 crgo
647 2186 772 2256 inprimis
804 2193 864 2250 est,
896 2204 932 2239 ne
963 2186 999 2240 ad
1029 2203 1155 2240 sacros
1182 2187 1298 2257 gradm,
1330 2176 1417 2263 quod
1447 2188 1537 2258 gestis
1564 2187 1703 2258 prioribus
1732 2197 1798 2241 ante
1822 2188 2031 2258 perscriptum
2055 2178 2132 2252 cst*,
2163 2188 2199 2240 ul

546 2282 703 2368 quicquid
728 2293 840 2346 contra
863 2282 969 2368 legem
993 2294 1049 2346 aut
1072 2293 1258 2346 sanctorum
1282 2306 1443 2348 canonum
1470 2285 1618 2348 instituta
1640 2294 1696 2348 aut
1720 2283 1852 2348 decreta
1874 2294 2003 2369 patrum
2030 2285 2197 2348 inventum
2217 2310 2244 2349 rs

546 2389 653 2468 fucrit,
686 2388 727 2452 sle
759 2388 894 2473 singulis
926 2389 1086 2475 capitulis,
1118 2411 1175 2452 seu
1203 2388 1244 2454 de
1272 2389 1331 2472 his,
1362 2391 1418 2477 qui
1448 2401 1527 2454 inscii
1557 2404 1632 2454 sunt
1661 2401 1820 2454 litterarum
1852 2404 1884 2453 et
1914 2390 2134 2454 doctrinarum
2164 2391 2198 2454 iu

546 2496 700 2560 honorem
725 2497 849 2559 inventi
872 2518 1010 2575 necnon,
1035 2497 1091 2582 qui
1110 2507 1224 2560 contra
1240 2507 1360 2560 statuta
1378 2498 1501 2561 inventi
1519 2497 1648 2578 fuerint,
1673 2519 1757 2583 quae
1775 2508 1902 2561 vestrae
1920 2497 2065 2561 existunt
2080 2499 2197 2561 sancti-

546 2605 604 2667 tati
641 2601 797 2684 dicenda,
833 2603 885 2666 vel
920 2612 1016 2682 aliqua
1049 2615 1141 2688 parte
1172 2613 1360 2668 membrorum
1390 2615 1492 2668 damna
1529 2614 1667 2685 perpessi,
1704 2621 1735 2668 et
1772 2614 1820 2684 qui
1853 2632 1887 2669 er
1916 2614 2131 2684 poenitentibus
2162 2614 2199 2668 ad

545 2738 638 2775 sacros
669 2720 782 2775 ordines
812 2709 933 2796 adepti.
981 2717 1115 2789 Quisquis
1145 2720 1244 2774 talium
1275 2729 1455 2775 consecrator
1485 2721 1613 2775 extiterit
1650 2710 1838 2797 provideat3
1877 2738 1927 2774 nos
1958 2721 2031 2775 eninr
2061 2720 2089 2775 in
2120 2720 2198 2775 nullo

544 2828 673 2882 volumus
696 2827 881 2881 severitatem
904 2827 1018 2881 ultionis
1042 2843 1187 2892 exercere,
1219 2827 1271 2882 sed
1303 2827 1351 2899 qui
1382 2828 1409 2880 in
1440 2828 1530 2881 causis
1554 2828 1610 2882 Dei
1641 2828 1816 2882 contumacia
1838 2827 1883 2882 vel
1915 2827 2021 2882 delicto
2045 2827 2199 2899 deliquerit
2218 2843 2246 2881 eo

544 2943 594 2989 aut
618 2935 679 3005 ipse
704 2933 779 3004 quod
803 2950 953 3004 perperam
976 2933 1046 2987 iecit
1070 2933 1184 2988 abolcrc
1209 2934 1343 3001 uoluerit,
1379 2935 1407 2988 in
1438 2952 1469 2989 se
1500 2934 1635 3005 quicquid
1666 2935 1694 2987 in
1725 2935 1779 2988 alio
1810 2951 1865 2988 non
1896 2935 2033 2988 resecarit
2062 2935 2198 2990 inveniet.

546 3041 629 3105 Quod
652 3050 684 3095 ut
708 3040 845 3110 deinceps
869 3040 959 3110 possit
982 3041 1110 3094 tenacius
1133 3040 1278 3108 custodiri,
1310 3042 1332 3094 si
1356 3041 1461 3111 placet,
1494 3059 1590 3096 omnes
1621 3054 1737 3095 causus
1762 3053 1791 3095 et
1822 3041 2043 3112 subscriptiones
2072 3042 2199 3112 proprias

546 3149 731 3214 commodate,
756 3155 787 3201 ut
810 3146 940 3218 synodali
962 3147 1065 3200 iudicio
1089 3148 1184 3201 aditus
1208 3146 1359 3201 claudatur
1381 3148 1504 3202 inlicitis.

652 3281 711 3365 (2).
747 3280 1016 3366 Responsio
1048 3281 1405 3366 episcoporum:
1437 3281 1583 3346 Vers**·2
1616 3290 1807 3361 cognoscimus
1841 3291 1934 3361 gratia
1960 3291 2051 3345 sancti
2079 3289 2199 3362 Spiritus

545 3413 593 3450 cor
615 3397 791 3469 apostolatus
813 3398 901 3452 vestri
925 3414 1100 3464 succensum,
1125 3405 1156 3450 ut
1181 3405 1280 3452 tantae
1300 3397 1429 3452 miseriae
1449 3397 1594 3468 squalores
1613 3415 1630 3452 a
1649 3396 1776 3451 fidelium
1795 3398 1938 3451 mentibus
1957 3398 2145 3468 detergantur
2169 3405 2199 3453 et
2218 3410 2246 3450 as

654 3583 681 3660 *l
705 3597 737 3647 In
755 3598 857 3647 concilio
875 3597 989 3646 Romano
1006 3602 1058 3647 465
1077 3597 1275 3662 euprepitis:
1301 3593 1459 3664 quisquam,
1492 3593 1538 3662 qui
1562 3609 1676 3646 uxorem
1700 3610 1755 3646 uon
1779 3592 1915 3662 virginem
1939 3592 2029 3660 duxit,
2060 3592 2197 3664 adspiret.

707 3699 903 3770 Repellendus
927 3708 972 3754 est
996 3700 1080 3754 etiam
1105 3700 1236 3771 quisque,
1267 3700 1314 3771 qui
1342 3700 1370 3753 in
1394 3700 1536 3755 secundae
1561 3699 1653 3753 uxoris
1677 3699 1791 3769 nuptias
1815 3706 1913 3753 contra
1936 3699 2091 3769 apostolica
2113 3717 2197 3769 prae·

706 3815 792 3878 ccpta
816 3807 958 3862 conrcnit.
1000 3806 1083 3861 Inscii
1108 3823 1222 3877 quoque
1247 3806 1405 3861 litterarum
1429 3824 1540 3860 necnon
1565 3813 1593 3859 et
1618 3805 1714 3875 aliqua
1736 3807 1922 3860 membrorum
1945 3805 2047 3860 daurna
2069 3807 2198 3877 perpessi

706 3920 736 3968 et
759 3914 797 3979 bi,
828 3914 877 3984 qui
901 3931 935 3968 cx
958 3913 1173 3984 poenitentibus
1197 3920 1274 3980 sunt,
1304 3914 1341 3967 ad
1371 3931 1465 3967 sacros
1488 3913 1601 3967 ordines
1625 3913 1769 3983 adspirare
1800 3905 1856 3966 non
1882 3913 2018 3967 audeant.
2067 3912 2199 3983 Quisquis

704 4021 802 4076 talium
824 4028 1004 4075 consecrator
1028 4020 1170 4076 exstiterit
1192 4019 1300 4074 factum
1330 4038 1409 4073 suurn
1433 4020 1493 4090 ipse
1518 4021 1653 4074 dissolvet
1677 4029 1705 4074 et
1729 4021 1804 4090 quod
1829 4020 1964 4074 commisit
1987 4020 2085 4075 illicite
2109 4029 2158 4074 aut
2181 4038 2198 4073 a
2218 4033 2246 4071 so

704 4128 900 4183 decessoribus
924 4127 978 4181 suis
1002 4127 1112 4182 invenit
1135 4127 1305 4194 admissum,
1336 4128 1358 4180 si
1381 4127 1523 4197 proprium
1551 4126 1707 4197 periculum
1731 4127 1791 4180 vult
1815 4126 1920 4194 vitare,
1953 4127 2114 4196 damnabit,
2147 4145 2198 4181 nos

703 4235 777 4289 enim
799 4248 852 4298 ete,
871 4239 936 4288 deut
951 4256 1030 4303 srrpra
1049 4238 1065 4288 l.
1081 4241 1114 4286 19
1125 4255 1176 4303 sqq.

634 4369 676 4446 ”l
707 4382 784 4431 l'erba
800 4377 876 4431 Vere
897 4405 932 4413 —
953 4376 1114 4430 evellantur
1131 4380 1159 4429 in
1174 4379 1197 4428 G
1215 4379 1351 4430 Minodum
1369 4389 1489 4445 corrupte
1506 4380 1653 4445 deprompta
1672 4388 1732 4430 sunt
1749 4397 1778 4429 ee
1796 4380 1899 4429 concilio
1920 4380 2195 4438 Ronranoanni1'21.,

705 4480 746 4528 ubi
767 4479 826 4529 laec
844 4480 973 4543 leprrrrtnr:
997 4474 1074 4528 Vere
1099 4474 1291 4545 cognoscimus
1314 4475 1407 4543 gratia
1422 4472 1544 4544 Spiritus
1560 4474 1650 4529 sancti
1668 4493 1715 4528 cor
1730 4473 1904 4545 apostolatus
1921 4476 2006 4530 vestri
2031 4494 2195 4531 succensum

649 4706 665 4754 3
684 4701 866 4753 meletricibus
887 4701 919 4752 0.
2214 4715 2242 4754 ss

650 4811 672 4859 l.
703 4809 819 4859 lemnia:
840 4809 980 4874 Incipiunt
999 4806 1120 4874 capitula
1139 4807 1335 4858 admonitionis
1355 4807 1472 4872 Eugenii
1492 4823 1580 4873 papae
1600 4806 1716 4858 consilio
1736 4814 1763 4857 et
1781 4809 1981 4873 subscriptione
2004 4809 2195 4874 episcoporum

541 4901 615 4950 facta
635 4901 667 4957 G,
694 4899 736 4948 nbi
753 4899 827 4948 sacta
844 4898 918 4948 deest.
1010 4899 1025 4946 5
1052 4892 1101 4959 (1)]
1129 4914 1244 4947 nrrnoeros
1263 4896 1383 4946 Arcadicos
1406 4895 1550 4957 afflcdmua,
1575 4905 1604 4946 nt
1626 4897 1780 4947 reinittamns
1801 4898 1837 4948 ad
1854 4897 1961 4948 indicem
1978 4898 2090 4963 capiam
2106 4897 2196 4963 (supa-a

537 5008 566 5055 p.
580 4994 632 5040 553
652 4990 668 5038 l.
685 4993 716 5038 13
729 4985 805 5053 sqq.);
828 4987 871 5052 qui
888 4995 1027 5052 muurrtur
1045 4986 1117 5050 infra
1132 5005 1160 5051 p.
1173 4991 1226 5036 55⁶
1246 4987 1263 5036 l.
1277 4989 1310 5036 13
1322 5003 1372 5051 sqq.
1392 4985 1491 5035 nunreri
1509 4985 1627 5046 Bouiani,
1650 5003 1689 5036 eos
1706 4986 1808 5036 addidit
1825 4987 1905 5037 scriba
1922 4987 2012 5038 coelicis
2032 4989 2064 5048 G,
2083 4987 2194 5053 quirion

540 5079 618 5138 scirit,
637 5078 699 5143 qnid
716 5077 792 5128 veiint
810 5076 856 5126 sibi
873 5075 972 5125 nunren'
992 5075 1050 5124 1111
1069 5083 1092 5124 et
1112 5075 1146 5134 V;
1169 5092 1208 5124 eos
1227 5074 1426 5140 interpretandos
1444 5091 1493 5124 esse
1511 5084 1608 5139 quater
1620 5083 1643 5125 et
1656 5076 1801 5140 quinquies
1814 5093 1866 5125 non
1874 5077 2009 5140 persperit.
2069 5077 2085 5125 6
2103 5093 2195 5127 neces

541 5169 613 5217 saria
631 5168 697 5216 deest
717 5167 749 5215 (l.
823 5167 837 5216 l
865 5157 1077 5228 ordinationum]
1105 5165 1289 5214 hortationum
1310 5163 1341 5213 G.
1417 5166 1449 5214 10
1476 5164 1634 5214 sacerdotes
1655 5163 1686 5214 G.
1756 5168 1784 5214 ll
1807 5161 1985 5226 rneminimnsl
2008 5165 2079 5230 quod
2099 5167 2241 5216 timerem

542 5256 672 5306 debemus
690 5255 751 5305 add.
770 5272 836 5305 eoric.
857 5253 927 5303 Rom.
947 5258 1007 5302 4⁶5.
1083 5255 1115 5303 14
1139 5248 1184 5316 ad]
1205 5270 1221 5302 a
1235 5253 1267 5314 G,
1287 5253 1312 5302 irs
1332 5253 1434 5318 reliquis
1446 5251 1609 5319 (usqueadl.
1624 5251 1669 5314 23)
1681 5253 1753 5303 acrba
1765 5253 1855 5303 codicis
1864 5254 2194 5318 pauculos-incorrectionem,

539 5345 689 5394 remittentes
706 5345 741 5394 ed
759 5353 843 5393 notam
861 5343 977 5392 asterisco
994 5342 1148 5407 insignitam.
1214 5343 1247 5392 lt
1263 5343 1332 5392 insci
1347 5341 1378 5391 0.
1445 5344 1476 5392 lt
1503 5337 1643 5404 honorem]
1662 5343 1791 5391 bonorem
1813 5341 1845 5391 G.
1902 5345 1935 5392 ts
1961 5342 2059 5392 damna
2077 5343 2143 5393 deest
2162 5343 2193 5393 G.

542 5437 576 5483 20
601 5432 714 5484 ultionis
732 5434 799 5483 deest
818 5433 849 5482 0.
923 5435 953 5483 21
983 5426 1123 5495 resecarit]
1144 5432 1261 5481 resecari
1282 5431 1314 5480 G.
1387 5426 1518 5493 inveniet]
1539 5431 1591 5481 scil.
1610 5446 1734 5495 poenam.
1808 5434 1840 5482 23
1860 5426 1959 5494 aditus]
1981 5432 2089 5482 auditus
2108 5431 2140 5482 0.

649 5541 686 5589 ll.
716 5542 749 5589 25
769 5557 786 5589 a
803 5539 869 5589 deest
889 5539 920 5588 0.

652 5723 679 5786 l)
705 5721 755 5777 Er
771 5719 869 5777 Hilari
886 5740 987 5795 papae
1002 5715 1207 5794 (sol—soa)
1225 5718 1340 5776 coneilio
1355 5718 1486 5776 Romano
1502 5718 1574 5774 anni
1588 5721 1659 5776 465.
1685 5739 1724 5775 cc.
1741 5723 1842 5784 1—s,·
1868 5719 1967 5776 lierni
1984 5719 2048 5788 1⁷11,
2063 5723 2123 5778 960
2131 5739 2192 5796 sqq.
2211 5738 2241 5776 ss

542 5823 573 5904 ⁶2)
598 5828 737 5903 Repetunt
753 5827 875 5902 episcopi
890 5826 1096 5901 responsionem
1113 5826 1289 5899 synodalium
1306 5826 1378 5882 arrisi
1393 5828 1412 5884 7
1413 5829 1480 5892 ata
1507 5825 1607 5882 Marna·
1622 5825 1691 5894 XII,
1709 5830 1781 5885 263.
1817 5826 1847 5882 V.
1864 5846 1955 5901 supra
1965 5847 1998 5902 p.
2016 5831 2059 5886 28
2074 5846 2143 5883 ann.
2160 5830 2191 5886 2.

1829 6487 2414 6713 4
