4884 6717
686 542 738 598 56.
775 541 994 600 CONCILIUM
1017 542 1347 607 AQUISGRANENSE
1370 543 1408 599 Α.
1429 543 1504 599 836,
1858 533 1921 596 743

264 730 376 794 dotum
408 728 596 816 deprecatio
626 728 735 793 valeat
766 728 853 816 apud
884 728 1087 793 altissimum.
1135 731 1232 795 Patet
1262 732 1395 817 quippe,
1420 729 1509 816 quod
1532 729 1576 810 hi,
1607 750 1667 815 per
1690 749 1828 814 quoram
1851 749 1922 791 ora·

264 838 386 901 tionem
416 835 507 900 furor
529 835 663 899 Domini
692 835 817 922 placeri
848 845 881 900 et
910 859 930 898 a
960 835 1081 922 populo
1106 835 1204 922 plaga
1228 836 1293 900 Dei
1328 846 1434 923 potest
1464 836 1596 916 cessari,
1627 856 1834 920 nequequam
1858 835 1924 898 sint

264 940 472 1029 vituperandi
489 952 522 1005 et
541 939 742 1022 detrahendi,
767 939 826 1005 sed
849 942 956 1027 potius
980 955 1114 1027 propter
1138 965 1222 1023 eum,
1248 943 1341 1006 euius
1357 943 1572 1006 ministerium
1588 951 1716 1027 gerunt,
1742 939 1922 1004 honorandi

265 1060 298 1113 et
320 1046 510 1112 venerandi.
557 1046 641 1110 Item
664 1048 698 1110 in
722 1048 854 1111 eodem:
886 1048 1024 1112 Locutus
1056 1064 1099 1113 est
1123 1049 1280 1114 Dominus
1310 1050 1356 1113 ad
1378 1049 1508 1113 Aaron:
1541 1049 1668 1129 Omnia,
1699 1073 1779 1134 qnae
1806 1050 1921 1112 sancti·
1941 1064 2080 1116 summae.

233 1184 248 1225 s
257 1159 401 1243 ficantur
423 1181 443 1219 a
459 1156 548 1241 filiis
571 1154 706 1231 Israhel,
737 1156 798 1218 tibi
818 1155 946 1219 tradidi
966 1169 995 1219 et
1015 1157 1103 1242 filiis
1126 1159 1189 1221 mis
1207 1181 1271 1243 pro
1294 1158 1407 1244 officio
1430 1155 1624 1220 sacerdotali
1645 1156 1785 1240 lepitima
1808 1156 1922 1240 sempi-

265 1277 363 1328 terna.
403 1261 446 1324 Et
469 1260 570 1324 infra:
598 1259 709 1325 Omnis
733 1262 849 1325 oblatio
873 1276 901 1326 et
923 1265 1118 1348 sacrificium
1143 1277 1171 1327 et
1193 1263 1350 1349 quicquid
1365 1286 1430 1349 pro
1448 1276 1577 1349 peccato
1600 1276 1692 1348 atque
1715 1261 1828 1325 delicto
1852 1260 1922 1324 red·
1942 1278 2045 1328 u.1e‚o.

266 1369 354 1433 ditur
383 1368 466 1432 milei
493 1381 521 1431 et
549 1368 632 1432 cedit
662 1370 695 1431 in
725 1382 834 1431 sancta
864 1382 1056 1448 sanctorum,
1088 1383 1172 1432 tuum
1204 1371 1266 1433 erit
1294 1384 1323 1434 et
1344 1371 1493 1456 filiorum
1524 1383 1655 1433 tuorum.
1709 1365 1793 1430 Item
1820 1366 1921 1430 infra:

265 1475 435 1539 Primitiae
464 1489 576 1554 autern,
606 1499 686 1559 quas
717 1476 858 1538 eiecerint
886 1489 915 1538 et
937 1476 1104 1539 obtulerint
1127 1476 1203 1561 filii
1222 1475 1359 1555 Isralrel,
1392 1477 1453 1540 tibi
1481 1475 1559 1539 dedi
1580 1489 1608 1538 et
1622 1476 1711 1562 filiis
1733 1499 1771 1538 ac
1786 1474 1924 1561 filialem
1941 1492 2056 1543 ruram.

267 1584 330 1646 turs
361 1583 429 1645 iure
452 1594 616 1666 perpetuo.
670 1579 753 1643 Item
785 1578 886 1643 infra:
921 1579 1050 1644 Omnem
1080 1581 1252 1645 medullam
1285 1583 1350 1646 olei
1370 1597 1398 1646 et
1421 1585 1492 1646 cini
1512 1607 1550 1646 ao
1566 1583 1739 1669 frumenti,
1770 1580 1926 1666 quicquid
1942 1599 1972 1638 tb.
1982 1598 2057 1650 1⁸,12¹
2068 1598 2102 1640 1⁸.

223 1716 250 1757 ro
268 1689 404 1774 offerunt
418 1688 493 1774 filii
513 1687 640 1751 Israhel
661 1686 810 1765 Domino,
835 1688 896 1751 tibi
917 1687 995 1751 dedi
1000 1712 1011 1767 ,·
1043 1690 1208 1752 unr'aersae
1225 1690 1363 1775 frupum
1382 1691 1563 1775 primitiae,
1587 1713 1666 1773 quas
1687 1690 1791 1774 pipnit
1813 1688 1924 1750 lamus

268 1809 297 1858 et
312 1794 450 1858 Domino
467 1794 681 1880 deportantur,
705 1793 870 1857 cedentia
894 1818 968 1860 usrrs
992 1808 1068 1857 teras.
1105 1793 1188 1857 Item
1211 1794 1313 1858 infra:
1341 1795 1448 1875 Omne,
1473 1795 1558 1880 quod
1580 1819 1619 1858 ec
1642 1809 1708 1858 voto
1726 1793 1926 1857 reddiderint
1942 1811 2103 1863 iurarem.

260 1902 336 1989 filii
356 1901 491 1980 Isralrel,
515 1915 599 1964 tuum
624 1902 701 1980 erit,·
724 1900 881 1986 quicquid
895 1903 1040 1986 primum
1065 1916 1206 1987 erumpet
1228 1926 1243 1966 e
1267 1903 1361 1966 calva
1385 1915 1511 1965 cunctae
1530 1904 1648 1981 carnis,
1672 1925 1767 1986 quam
1791 1902 1926 1986 offerunt

269 2008 418 2087 Domino,
441 2010 508 2072 sire
531 2031 570 2071 eu
592 2007 771 2070 dominibus
794 2008 860 2070 siae
884 2007 923 2070 de
940 2009 1111 2092 pecoribus
1126 2009 1246 2094 fuerit,
1270 2012 1320 2072 tui
1334 2010 1416 2072 iaris
1433 2011 1501 2072 erit.
1538 2007 1620 2071 Item
1637 2030 1701 2072 non
1718 2017 1791 2093 post
1807 2005 1923 2070 multa:

272 2114 386 2178 Omnes
409 2116 577 2200 primitias
606 2116 794 2193 sanctuarii,
823 2138 903 2199 quas
933 2116 1068 2199 offerunt
1089 2116 1164 2200 filii
1191 2114 1318 2179 Isralrel
1347 2115 1496 2194 Domino,
1532 2116 1593 2178 tibi
1621 2114 1699 2179 dedi
1726 2129 1755 2178 et
1776 2115 1865 2200 filiis
1887 2137 1925 2177 ac
1943 2132 2059 2182 turen.

225 2249 251 2291 rs
261 2222 399 2308 flltubus
421 2223 493 2285 tuis.
540 2220 669 2284 Pactum
700 2220 781 2284 salis
811 2234 855 2283 est
882 2222 1104 2305 sempiternum
1136 2244 1241 2284 coram
1266 2221 1415 2302 Domino,
1446 2223 1507 2285 tibi
1534 2246 1572 2285 ac
1595 2222 1683 2307 filiis
1712 2223 1785 2285 mes.
1831 2219 1925 2283 Haec

269 2325 371 2390 verba
390 2326 523 2390 Domini
547 2337 661 2389 contra
684 2324 755 2389 illos
779 2337 891 2411 agunt,
916 2327 972 2411 qui
997 2348 1045 2406 ea,
1071 2348 1155 2412 quae
1179 2326 1322 2390 Domino
1346 2337 1403 2391 aut
1426 2327 1605 2391 offeruntur
1628 2337 1684 2390 aut
1708 2324 1817 2390 oblata
1840 2335 1923 2406 sunt,

269 2432 312 2497 ad
342 2431 527 2497 sacerdotes
558 2430 679 2496 Christi
710 2454 775 2496 non
806 2433 969 2518 pertinere
1000 2431 1210 2497 contendunt.
1251 2433 1374 2498 Verum
1406 2435 1433 2498 si
1464 2455 1504 2497 ea
1534 2431 1709 2518 diligenter
1740 2431 1925 2496 considera·

269 2540 386 2619 verint,
410 2561 445 2603 se
468 2561 532 2602 non
557 2537 764 2602 mediocriter
788 2560 908 2618 errare,
933 2539 1031 2602 immo
1056 2549 1170 2602 contra
1193 2538 1302 2604 Deum
1325 2562 1422 2624 egere
1446 2540 1642 2627 repperient.

376 2646 415 2709 In
445 2642 697 2732 precedentibus
728 2646 807 2708 satis
838 2643 1033 2731 abundeque
1065 2644 1188 2709 dietum
1218 2655 1267 2710 est
1297 2645 1338 2710 de
1371 2643 1509 2710 diversis
1544 2645 1713 2711 sacrificiis
1749 2656 1781 2709 et
1817 2644 1923 2709 diver-

224 2781 252 2820 so
271 2775 378 2816 sorum
403 2773 569 2816 munerum
595 2750 778 2838 speciebus,
803 2753 873 2815 sive
898 2750 938 2815 de
963 2751 1022 2832 his,
1048 2774 1132 2838 quae
1156 2751 1318 2817 Dominus
1342 2751 1405 2816 sibi
1429 2753 1545 2817 offerre
1569 2754 1672 2835 iussit,
1704 2753 1773 2816 eive
1798 2751 1839 2816 de
1863 2751 1924 2833 his,

270 2881 354 2945 quae
385 2857 523 2945 populus
553 2868 667 2944 sponte
698 2856 815 2922 obtulit
845 2858 888 2922 ad
918 2857 1164 2922 tabernaculum
1189 2858 1334 2938 Domini,
1368 2858 1456 2945 quod
1486 2870 1598 2946 typum
1630 2858 1766 2945 gerebat
1795 2858 1924 2923 futurae

270 2965 428 3030 ecclesiae
446 2963 576 3029 Christi.
611 2965 707 3029 Nunc
731 2977 849 3046 autem,
874 2966 951 3051 quia
975 2964 1106 3029 iubente
1125 2964 1269 3029 Domino
1293 2965 1431 3052 populus
1454 2965 1676 3031 Israhelitieus
1700 2976 1922 3051 contemptum

271 3072 337 3137 Dei
361 3074 393 3136 in
417 3070 614 3136 Madianitas
637 3070 723 3135 ultus
755 3084 814 3152 est,
845 3073 891 3136 ita
921 3084 957 3136 ut
979 3095 1020 3136 ne
1044 3095 1128 3136 unus
1151 3070 1284 3158 quidem
1308 3095 1350 3136 ex
1375 3072 1424 3136 his
1447 3074 1481 3137 in
1505 3071 1589 3137 bello
1614 3071 1812 3155 occubuerit,
1844 3069 1924 3158 quid
1941 3071 2093 3176 “Ugiffstb

270 3201 329 3266 pro
359 3180 538 3265 gratiarnm
568 3180 696 3243 actione
727 3201 849 3265 susque
879 3177 1070 3243 liberatione
1095 3178 1168 3243 Deo
1199 3201 1259 3266 pro
1290 3201 1325 3242 se
1355 3189 1521 3265 pugnante
1553 3191 1586 3243 et
1617 3180 1768 3244 vincente
1798 3201 1922 3265 suoque

225 3312 252 3356 ss
270 3285 432 3350 sacerdoti
455 3284 664 3349 donariorum
688 3284 731 3348 sd
755 3308 848 3349 suum
872 3299 1020 3350 sanetum
1045 3284 1239 3349 contulerint
1262 3283 1518 3367 tabernaculum,
1542 3285 1722 3351 videamus.

377 3409 539 3474 XXXVI.
580 3410 684 3489 Discit,
708 3410 822 3496 inquit,
847 3410 1005 3475 Dominus
1028 3411 1073 3474 acl
1096 3410 1245 3496 Moysen:
1277 3409 1389 3475 Tollite
1412 3435 1564 3474 summam
1589 3435 1705 3490 eorum,
1729 3435 1809 3496 quae
1832 3424 1924 3497 capta
1942 3409 2054 3504 Nffissb

269 3532 341 3582 srrnt
363 3519 402 3582 ab
426 3518 549 3581 lonrine
574 3541 669 3602 arsque
691 3517 737 3581 ad
751 3542 862 3603 pecus,
893 3532 924 3581 tu
948 3531 977 3582 et
999 3517 1137 3580 Eleaarr
1165 3517 1314 3581 sacerdos
1337 3531 1365 3581 et
1387 3541 1491 3582 omnes
1511 3519 1676 3604 principes
1706 3518 1811 3602 aul9i5
1841 3517 1924 3582 diei·

270 3625 385 3710 desqne
408 3649 448 3688 ea
469 3648 568 3709 aequo
586 3624 745 3710 praedam
772 3627 852 3687 irater
875 3648 936 3702 eos,
966 3626 1025 3709 qui
1041 3638 1264 3710 pupnaeerunt
1285 3639 1315 3688 et
1336 3627 1455 3710 epressi
1474 3638 1547 3688 sunt
1568 3624 1614 3688 ad
1635 3624 1760 3700 bellum,
1791 3638 1819 3686 et
1846 3626 1926 3688 inter

271 3755 389 3796 omnem
414 3732 570 3816 reliquam
595 3730 825 3794 multitudinem
858 3744 886 3793 et
915 3732 1082 3816 separabis
1107 3745 1233 3816 partem
1257 3730 1396 3794 Domino
1419 3731 1458 3794 ab
1482 3731 1543 3809 his,
1574 3732 1633 3816 qui
1657 3744 1877 3816 pugnauerunt
1898 3744 1927 3794 et

225 3868 253 3908 ω
262 3839 403 3926 juerant
426 3840 457 3902 ia
482 3838 572 3918 belle,
599 3862 690 3900 unam
716 3839 856 3901 animam
881 3837 919 3900 de
943 3839 1130 3922 qninyentis,
1154 3851 1215 3900 tam
1241 3861 1280 3901 ece
1302 3837 1481 3900 dominibus
1503 3861 1597 3922 quam
1614 3838 1765 3901 abertas
1780 3838 1926 3901 etasinis

271 3958 299 4008 et
321 3945 441 4022 orabas,
472 3957 500 4008 et
524 3944 617 4007 dabis
641 3969 676 4007 ea
701 3943 857 4007 Eleazaro
887 3943 1055 4022 sacerdoti,
1086 3945 1163 4028 quia
1191 3945 1359 4028 primitiae
1382 3943 1519 4008 Domini
1546 3958 1625 4007 sunt.
1680 3942 1777 4023 Quod
1807 3943 1853 4006 ita
1882 3940 1925 4006 ad

270 4050 392 4114 iussum
418 4048 550 4113 Domini
575 4048 707 4134 Moyses
737 4047 862 4128 fecerit,
893 4048 1064 4135 sequentia
1095 4046 1328 4112 demonstrant.
1374 4048 1463 4112 Eece
1490 4071 1577 4134 pars,
1609 4070 1692 4135 quae
1716 4048 1858 4113 Domino
1882 4048 1924 4113 ad

270 4177 347 4219 usus
371 4153 576 4220 sacerdotum
601 4154 641 4219 de
665 4154 725 4234 his,
750 4177 834 4241 quae
858 4167 955 4241 capta
978 4164 1062 4235 sunt,
1087 4152 1196 4218 oblata
1219 4165 1285 4234 est3
1310 4152 1479 4219 videamus
1502 4156 1611 4236 etiam,
1641 4154 1719 4241 quid
1742 4156 1775 4219 in
1799 4166 1925 4242 partem

270 4261 460 4326 Levitarum
485 4261 526 4326 de
551 4262 666 4326 eudem
689 4261 813 4348 praeda
836 4261 967 4326 iubente
983 4261 1126 4325 Domino
1144 4262 1289 4324 cesserit.
1327 4259 1481 4346 Sequitur
1499 4271 1624 4326 autem:
1650 4263 1699 4326 lle
1723 4263 1829 4327 media
1853 4288 1925 4328 cero
1943 4285 2105 4336 ianm-n.

226 4401 253 4441 ω
265 4383 371 4456 parte,
396 4394 477 4455 quae
500 4372 671 4456 contiperat
700 4371 842 4455 reliquae
874 4368 1082 4448 multitudini,
1114 4368 1151 4432 id
1179 4381 1224 4431 est
1250 4367 1289 4431 de
1312 4370 1416 4431 ocium
1441 4372 1584 4433 trecentis
1606 4371 1737 4455 triqima
1762 4383 1789 4432 et
1810 4385 1924 4455 septem

272 4477 402 4540 milibus
425 4479 603 4563 qur'npentis
626 4490 654 4539 et
677 4475 715 4539 de
739 4477 836 4539 bubus
866 4478 996 4560 tripinta
1025 4500 1082 4538 ser
1111 4475 1240 4538 milibus
1270 4488 1298 4539 et
1327 4474 1366 4539 de
1395 4477 1499 4539 asinis
1525 4477 1656 4562 tripinta
1679 4475 1810 4538 milibus
1832 4478 1924 4561 quin·

269 4585 371 4670 pentes
401 4597 429 4647 et
458 4583 496 4647 de
526 4583 704 4647 hominibus
734 4582 869 4646 sedecim
898 4582 1039 4660 milibus,
1074 4582 1146 4645 tulit
1173 4580 1298 4668 Moyses
1332 4583 1625 4667 quinquapeaimum
1656 4595 1752 4668 caput
1780 4597 1809 4647 et
1837 4582 1926 4648 dedit

271 4689 404 4768 Leritis,
429 4691 488 4775 qui
515 4691 709 4753 excubabant
738 4691 771 4752 in
800 4689 1000 4752 mbernacrrlo
1024 4687 1167 4768 Domini,
1197 4690 1280 4751 sicat
1299 4702 1487 4774 preceperat
1509 4689 1674 4753 Dominus.
1729 4688 1817 4753 Ecce
1848 4711 1924 4775 pars

271 4793 479 4875 Levitarum3
504 4793 673 4858 videamus
698 4794 795 4857 etiam
819 4806 944 4879 partem
969 4792 1113 4872 Domini,
1144 4816 1242 4879 quum
1273 4793 1411 4880 populus
1442 4792 1483 4857 ob
1508 4816 1599 4858 suam
1630 4794 1853 4859 liberationem
1882 4795 1923 4859 de

226 4934 254 4973 n
271 4901 405 4988 praeda,
430 4923 527 4986 quam
551 4911 714 4985 coeperat,
739 4900 770 4963 ei
793 4913 908 4985 sponte
933 4897 1058 4976 obtulit,
1083 4913 1116 4963 et
1139 4899 1389 4986 perpendamus,
1415 4900 1502 4987 quod
1525 4900 1686 4965 Dominus
1709 4902 1743 4965 in
1772 4899 1924 4966 taberna-

271 5007 344 5072 culo
379 5021 491 5071 sancto
527 5030 585 5071 suo
620 5005 807 5070 thesaurum
843 5006 912 5070 sive
948 5007 1109 5070 aerarium
1145 5045 1188 5053 —
1223 5017 1394 5092 utrumque
1430 5008 1516 5071 enim
1552 5006 1689 5093 legimus
1724 5048 1767 5057 -
1802 5007 1923 5074 habere

271 5113 420 5192 voluerit,
445 5125 478 5177 ct
501 5134 702 5200 opponamus
726 5113 783 5192 eie,
809 5113 863 5199 qui
888 5135 1002 5176 aurum
1027 5125 1059 5176 et
1089 5126 1260 5198 argentum
1289 5124 1322 5177 et
1352 5124 1479 5178 ceteras
1509 5115 1637 5200 species
1667 5116 1826 5201 pretiosas
1849 5115 1923 5182 Deo

270 5233 415 5285 sacratas
439 5221 471 5284 in
496 5220 656 5284 thesauris
680 5231 813 5283 sanctae
837 5219 901 5283 Dei
926 5218 1085 5283 ecclesiae
1110 5218 1379 5305 reprehendendo
1404 5232 1553 5284 asserunt
1575 5220 1696 5285 frustra
1717 5222 1836 5288 inesse.
1877 5223 1923 5287 Hi

377 5439 485 5488 XXXV.
506 5441 521 5489 2
541 5455 649 5488 cessare
669 5438 694 5487 B
705 5441 728 5487 2.
742 5442 767 5488 3.
788 5437 823 5487 Jl.
880 5432 951 5502 eet]
970 5455 1002 5488 uc
1024 5437 1084 5489 B3.
1103 5438 1139 5488 JI.
1202 5432 1275 5502 lin]
1295 5438 1329 5487 ad
1349 5438 1381 5488 L.
1401 5437 1460 5488 Β2.
1474 5441 1499 5488 3.
1518 5438 1557 5489 M.
1613 5441 1646 5490 10
1665 5441 1783 5491 Domino
1801 5439 1922 5491 deutris.

224 5538 252 5578 te
271 5529 413 5579 universes
432 5528 536 5592 frugum
558 5528 691 5593 primitias
709 5526 781 5577 codd.
867 5529 896 5576 ll
919 5521 1028 5589 cedent]
1049 5527 1148 5577 cadent
1166 5526 1198 5576 L.
1286 5529 1318 5577 12
1337 5525 1398 5577 tiliis
1417 5525 1450 5577 L.
1537 5529 1735 5594 liquores.
1819 5529 1851 5579 lb
1869 5529 1922 5579 tuis

269 5617 379 5668 deutB
390 5623 413 5666 1.
470 5610 513 5680 ec]
534 5625 560 5666 et
580 5616 616 5666 M.
674 5619 707 5666 to
726 5611 781 5681 qui]
802 5616 865 5682 quia
883 5615 943 5665 132.
1001 5617 1033 5665 18
1053 5617 1204 5681 reperirent
1224 5615 1260 5665 M.
1322 5617 1357 5667 20
1376 5617 1466 5666 offerri
1486 5615 1585 5668 323.
1605 5617 1642 5668 M.
1697 5620 1728 5669 21
1749 5617 1921 5669 futuraB2.

271 5709 304 5757 23
325 5701 409 5769 ultus]
429 5704 522 5755 vultus
541 5705 578 5755 M.
652 5709 685 5756 24
704 5713 861 5770 pungnante
881 5703 917 5754 Μ.
991 5707 1024 5754 25
1044 5704 1185 5755 donarium
1205 5704 1243 5754 M.

377 5812 499 5861 xxxvl.
528 5813 561 5861 21
582 5813 719 5877 principes
738 5811 804 5861 deest
823 5810 859 5860 Ji.
950 5805 1123 5875 dividesque]
1150 5827 1182 5861 ea
1206 5810 1267 5861 add.
1289 5813 1316 5862 C.
1408 5814 1439 5862 ³1
1467 5828 1526 5863 eam
1546 5813 1606 5863 Ba.
1697 5815 1731 5865 32
1752 5815 1844 5864 iusum
1863 5813 1921 5865 Be.

270 5904 304 5952 31
324 5896 454 5964 sedecim]
475 5900 539 5949 V1x
560 5901 596 5960 Jl,
615 5901 657 5950 nbi
675 5900 794 5950 sedecim
813 5899 1012 5964 ramuseriptum
1030 5908 1073 5949 est.
1146 5901 1179 5949 42
1199 5895 1249 5962 eis]
1271 5901 1294 5950 is
1313 5900 1373 5951 Ba.
1394 5901 1430 5951 M.
