4884 6717
526 524 590 587 740
943 529 995 586 56.
1031 529 1250 586 CONCILIUM
1274 528 1603 594 AQUISGRANENSE
1627 528 1664 584 A.
1686 527 1761 583 836.

348 741 506 792 aenaeae.
632 717 745 781 XXX.
785 718 854 804 Epo
885 721 967 783 eninr
997 743 1065 781 sura
1091 718 1237 782 dominus
1260 717 1348 782 Deus
1372 731 1478 782 aester.
1528 715 1687 781 Custodite
1710 717 1840 780 sabbata
1864 739 1932 778 rnea
1956 728 1984 778 et
2000 727 2114 799 pavete
2137 712 2182 776 ad

524 827 740 890 sanctuarium
767 851 876 906 rneurn,
901 849 954 911 epa
972 824 1138 890 Dominus.
1174 823 1236 887 His
1252 821 1362 887 verbis
1386 835 1497 909 aperte
1521 822 1769 900 demonstratur,
1795 820 1881 907 quod
1900 819 1943 883 ad
1959 820 2180 883 sanctuarium

525 930 660 995 Domini
683 931 789 1016 potius
813 932 855 993 sit
878 930 1065 1016 pavendum
1089 952 1187 1016 quam
1210 928 1290 993 illud
1314 929 1582 993 dehonorandum
1607 939 1639 993 et
1662 927 1902 1014 expoliandum.

633 1035 723 1117 Quid
756 1049 865 1101 autem
900 1034 1096 1123 paventibus
1130 1035 1173 1100 ad
1200 1037 1422 1100 sanctuarium
1449 1036 1584 1100 Domini
1620 1048 1652 1099 et
1686 1045 1842 1122 precepta
1876 1034 1946 1097 eius
1973 1030 2180 1097 servantibus

408 1151 506 1244 223}ae
525 1143 687 1207 Dominus
723 1144 897 1229 promittat,
933 1165 1073 1228 sequens
1109 1165 1215 1206 sermo
1252 1142 1462 1222 demonstrat,
1495 1142 1540 1206 ita
1570 1142 1737 1228 inquiens:
1774 1141 1816 1205 Si
1847 1144 1881 1206 in
1911 1143 2070 1227 preceptis
2104 1142 2213 1206 neus

525 1252 765 1315 ambulaveritis
788 1265 817 1314 et
839 1250 989 1314 neandata
1013 1275 1081 1313 enea
1106 1251 1319 1314 custodieritis
1343 1264 1371 1313 et
1386 1251 1537 1337 feceritis
1560 1273 1607 1328 ea,
1631 1249 1713 1312 dabo
1737 1251 1824 1313 vobis
1840 1250 1975 1336 pluuias
1991 1248 2181 1333 temporibus

525 1361 604 1437 snr's,
636 1371 664 1422 et
686 1371 770 1421 urea
791 1359 898 1442 piqnet
916 1381 1042 1444 permen
1066 1382 1157 1419 suurn
1183 1370 1212 1420 et
1235 1359 1343 1441 pontis
1373 1358 1502 1420 arbores
1531 1357 1740 1442 replebuntur.
1788 1354 2014 1443 Adpreberulet
2034 1355 2181 1418 messium

526 1469 641 1528 tritura
668 1464 858 1528 r·e'ndenriaru
882 1477 911 1528 et
933 1463 1094 1527 uindemio
1118 1465 1283 1549 occupabit
1304 1477 1484 1544 sementem
1507 1478 1536 1527 et
1549 1463 1713 1527 comedetis
1732 1476 1999 1549 panemeestrum
2016 1463 2049 1524 in
2064 1461 2181 1524 saturi·

527 1586 587 1635 tate
610 1586 639 1634 et
659 1573 775 1655 absque
792 1595 915 1656 pauore
938 1570 1122 1634 habitabitis
1147 1573 1180 1634 iu
1196 1584 1280 1634 terra
1299 1585 1407 1634 staura.
1444 1570 1537 1633 Dabo
1557 1593 1667 1655 pacem
1685 1571 1717 1632 in
1727 1570 1851 1655 finibus
1866 1571 1995 1649 oestrts3
2019 1567 2182 1631 derisistis

528 1692 555 1742 et
586 1703 646 1741 non
676 1681 738 1741 erit
771 1680 830 1762 qui
862 1692 1022 1742 eeterreat.
1077 1678 1237 1763 Auferens
1271 1678 1373 1740 nialus
1408 1678 1522 1740 bestias
1552 1690 1580 1740 et
1605 1676 1736 1763 pladins
1765 1700 1826 1739 non
1856 1677 2004 1739 transibit
2034 1676 2182 1750 terminos
2202 1701 2227 1738 to

530 1799 652 1849 uestros.
689 1784 929 1869 Persequernini
942 1786 1089 1847 inimicos
1115 1797 1229 1847 restas
1252 1798 1280 1847 et
1302 1797 1448 1847 eorrrrent
1469 1807 1575 1846 corant
1599 1784 1695 1846 uobis.
1731 1781 1959 1867 Persequentur
1982 1783 2120 1866 quinque
2144 1780 2182 1844 de

530 1894 639 1955 uestris
662 1905 781 1955 centena
804 1892 925 1955 alienos
949 1905 977 1955 et
998 1904 1116 1954 centuni
1141 1915 1180 1953 ea
1202 1892 1289 1954 uobis
1314 1890 1417 1954 decern
1441 1891 1553 1968 maiia,
1576 1890 1688 1953 eadent
1712 1892 1839 1953 inimici
1860 1891 1957 1952 uestri
1972 1890 2004 1951 in
2020 1901 2183 1973 conspeetu

530 2012 629 2061 cesae
650 1998 771 2083 plodio.
820 1997 1003 2082 Respieiarn
1031 2022 1082 2061 ros
1112 2011 1141 2060 et
1163 2021 1298 2060 crescere
1321 1999 1462 2084 seciani.
1510 1995 1821 2082 Multipticabirnini,
1851 2009 1880 2060 et
1894 1996 2034 2082 firmabo
2054 2008 2181 2080 pactum

529 2128 630 2168 nterim
655 2106 821 2182 uobiscum,
839 2118 867 2168 et
884 2103 1049 2168 comedetis
1065 2106 1274 2168 uetustissima
1293 2117 1424 2167 ceterum
1441 2117 1470 2167 et
1485 2117 1587 2167 cetera
1603 2106 1692 2166 noers
1707 2103 1995 2188 srqrrerrenientibus
2004 2103 2181 2187 proiciens.

528 2211 649 2274 Ponam
673 2211 907 2274 tabernaculum
931 2235 1031 2274 merem
1058 2212 1089 2273 iu
1115 2210 1217 2273 medio
1242 2212 1339 2274 uestri
1360 2224 1388 2273 et
1411 2234 1470 2273 nou
1494 2211 1609 2274 abiciet
1634 2235 1685 2272 eos
1708 2213 1817 2273 arriana
1835 2233 1913 2273 enea.
1950 2208 1994 2272 Et
2015 2208 2182 2272 ambulabo
2202 2232 2227 2270 rs

530 2321 610 2382 iuter
640 2342 693 2382 eos
723 2332 751 2381 et
780 2342 832 2381 ero
863 2332 960 2381 cester
984 2317 1081 2394 Dens,
1112 2341 1226 2402 rosque
1256 2318 1345 2380 eritis·
1369 2317 1512 2401 populus
1542 2341 1633 2380 meus.
1684 2315 1752 2403 Epo
1782 2316 1928 2380 dorriinus
1958 2314 2046 2379 Dens
2073 2329 2181 2393 vester,

528 2428 588 2511 qui
608 2426 708 2490 edrrri
737 2448 788 2487 ros
819 2423 964 2487 deterre
987 2425 1226 2510 Aeppptiornm,
1257 2447 1293 2488 ne
1316 2425 1477 2487 serviretis
1500 2425 1556 2502 eis,
1580 2426 1689 2508 etqui
1710 2424 1859 2510 confrepi
1879 2436 2003 2486 catenas
2026 2424 2182 2485 cervicum

531 2547 713 2610 oestrmunt,
739 2544 771 2593 nt
796 2530 979 2594 incederetis
1003 2533 1105 2594 erecti.

636 2672 764 2735 XXXI.
801 2670 889 2752 Quid
906 2682 1014 2735 autem
1038 2671 1080 2735 ad
1104 2672 1324 2734 sanctuarinm
1341 2670 1475 2734 Domini
1498 2692 1563 2734 non
1579 2669 1785 2757 paventibus,
1811 2669 1870 2734 sed
1886 2671 1993 2756 potius
2009 2668 2089 2732 illud
2106 2691 2181 2732 con-

528 2777 769 2866 tempnentibus
793 2791 825 2842 et
849 2777 1124 2842 dehonorantibus
1148 2788 1181 2841 et
1203 2800 1269 2841 non
1293 2776 1488 2842 facientibus
1509 2799 1593 2862 quae
1610 2775 1651 2840 ab
1669 2776 1723 2840 illo
1740 2777 1914 2840 constituta
1931 2788 2005 2840 saint
2020 2775 2182 2839 Dominus
2201 2799 2227 2838 so

411 2913 508 2960 mass,
528 2886 752 2964 comminetur,
776 2886 947 2970 sequentia
968 2884 1187 2964 manifestant,
1219 2906 1302 2969 quae
1328 2884 1372 2947 ita
1396 2905 1430 2947 se
1454 2882 1593 2947 habent:
1628 2883 1752 2962 Qiroctsr'
1781 2908 1839 2948 non
1864 2883 2034 2947 arrdr'eritis
2057 2906 2105 2946 me
2128 2907 2183 2946 aec

417 2967 502 3008 Μ’
520 2995 671 3082 feceritis
695 2996 799 3056 ‹irrinia
820 3007 969 3078 precepta
993 3018 1072 3071 rnea,
1102 2996 1134 3056 si
1154 2993 1339 3078 spreveritis
1364 2992 1444 3076 tepea
1468 3017 1553 3056 meas
1576 3005 1605 3055 et
1629 2991 1751 3054 iudicia
1770 3015 1840 3054 enea
1862 2992 2119 3075 contempseritis,
2152 3003 2184 3053 nt

528 3125 588 3165 non
605 3101 747 3188 faciatis
770 3125 817 3177 eu,
841 3124 921 3184 quae
944 3125 965 3162 a
988 3123 1035 3162 nte
1059 3103 1222 3162 constituta
1246 3112 1327 3176 seint,
1361 3112 1392 3162 ut
1414 3098 1459 3161 ad
1484 3100 1608 3162 irritum
1629 3098 1816 3183 perducatis
1832 3111 1963 3183 pactum
1987 3121 2098 3175 ereum,
2129 3119 2182 3182 eqo

528 3231 649 3293 qaoque
672 3208 747 3271 baec
765 3208 895 3292 faciam
922 3206 1017 3269 uobis.
1069 3205 1207 3269 Visitabo
1231 3229 1352 3290 queque
1376 3229 1429 3268 eos
1453 3205 1598 3268 uelociter
1621 3207 1656 3268 in
1680 3218 1808 3291 epestate
1832 3217 1860 3268 et
1882 3203 2008 3282 ardere,
2032 3206 2092 3288 qui
2111 3227 2182 3267 eon-

521 3317 617 3401 ficiat
646 3315 751 3377 oeulos¹
784 3328 898 3376 uestros
929 3326 958 3377 et
985 3326 1146 3375 consumat
1174 3315 1301 3375 animas
1333 3325 1457 3375 restrae.
1513 3311 1650 3374 Frustra
1684 3313 1793 3374 seretis
1825 3324 1998 3388 sementem,
2033 3334 2112 3395 quae
2142 3310 2182 3372 ab
2200 3333 2228 3372 aa

528 3421 666 3484 hostibus
690 3419 901 3484 decorabitur.
948 3418 1069 3482 Ponam
1093 3420 1219 3506 faeiem
1244 3442 1344 3481 meane
1368 3431 1477 3481 contra
1502 3441 1565 3497 eos,
1599 3419 1750 3481 corruetis
1781 3441 1886 3480 corato
1910 3418 2048 3480 hostibus
2072 3419 2183 3480 vestris

529 3542 557 3590 et
577 3528 781 3590 subicienu'ni
802 3527 861 3605 bes,
892 3528 951 3611 qui
976 3525 1109 3588 aderaut
1133 3549 1194 3603 cos,
1218 3526 1360 3611 sapietis
1390 3527 1512 3588 aeneiae
1538 3538 1740 3610 persequente
1771 3535 1803 3586 et
1827 3533 1946 3602 cetera,
1978 3544 2061 3608 quae
2084 3521 2182 3587 latius

529 3631 621 3696 stilus
645 3631 758 3717 legalis
782 3633 981 3717 exsequitur.
1017 3630 1163 3694 Evidens
1179 3652 1320 3715 namque
1338 3642 1397 3709 est,
1422 3629 1510 3715 quod
1533 3629 1586 3693 ille
1610 3628 1749 3715 populus
1773 3628 1913 3693 carnalis
1936 3651 1995 3714 pro
2019 3651 2069 3708 ee,
2094 3628 2182 3714 quod

529 3738 635 3824 Iegem
650 3739 716 3803 Dei
732 3760 795 3801 non
813 3737 988 3803 custodivit
1005 3749 1037 3799 et
1059 3737 1141 3821 legis
1163 3748 1339 3817 auctorem,
1364 3735 1531 3800 dominum
1547 3735 1701 3799 videlicet
1717 3746 1862 3799 nostrum
1878 3735 1987 3799 Iesum
2005 3734 2180 3816 Christum,

530 3844 592 3909 sibi
615 3867 635 3908 a
658 3843 853 3930 patriarchis
884 3856 916 3908 et
938 3843 1104 3930 prophetis
1137 3843 1342 3929 promissum,
1374 3864 1438 3905 non
1470 3841 1573 3907 solum
1603 3865 1669 3906 non
1699 3844 1832 3929 recepit,
1864 3843 2063 3927 quinimmo
2091 3842 2182 3925 cruci
2200 3866 2227 3904 so

529 3951 666 4032 addixit,
691 3951 782 4028 haec,
811 3974 894 4037 quae
919 3973 939 4014 a
961 3951 1103 4014 Domino
1128 3949 1190 4013 sibi
1215 3951 1410 4014 comminata
1434 3961 1518 4028 sunt,
1543 3972 1718 4035 perpessus
1743 3950 1794 4013 sit.
1840 3949 1934 4013 Licet
1965 3950 2051 4012 enim
2075 3948 2181 4012 eidem

529 4058 648 4145 populo
673 4057 817 4122 earnalia
846 4069 878 4121 et
901 4069 1041 4135 terrena,
1071 4058 1098 4120 si
1123 4079 1171 4136 ea,
1197 4079 1282 4142 quae
1306 4079 1326 4119 a
1349 4055 1490 4120 Domino
1515 4057 1690 4120 constituta
1713 4069 1796 4137 sunt,
1822 4053 2078 4134 observaverint,
2108 4077 2181 4142 pro-

531 4166 697 4229 mittantur
713 4177 754 4242 et,
781 4165 807 4227 si
824 4187 864 4227 ea
880 4163 1056 4228 observare
1074 4164 1338 4249 contempserint,
1355 4163 1476 4226 auferri
1493 4164 1738 4243 comminentur,
1763 4172 1798 4225 tu
1814 4171 1932 4242 tamen,
1950 4183 1968 4224 0
1986 4160 2181 4243 Christiane,

530 4273 594 4334 iam
618 4294 678 4357 per
698 4269 818 4335 Christi
841 4272 979 4355 gratiam
1004 4269 1158 4355 spiritalis
1184 4269 1330 4348 effectus,
1357 4269 1409 4332 eui
1433 4292 1498 4332 non
1521 4280 1652 4333 terrena
1676 4279 1708 4332 et
1732 4267 1868 4349 caduca,
1893 4267 1950 4331 sed
1975 4267 2128 4332 caelestia
2151 4280 2183 4331 et

530 4389 687 4464 perpetuo
711 4400 863 4441 mansura
886 4378 1125 4462 promittuntur,
1150 4376 1213 4439 nisi
1237 4374 1279 4439 ad
1296 4377 1516 4440 sanctuarium
1532 4376 1597 4438 Dei
1614 4375 1752 4462 pavidus
1768 4375 1869 4438 fueris
1886 4373 2030 4461 illudque
2047 4397 2182 4438 venera·
2202 4398 2228 4439 sa

530 4485 609 4548 tioni
641 4495 673 4548 et
703 4483 816 4547 honori
847 4482 999 4546 habueris
1030 4494 1063 4547 et
1094 4505 1153 4546 sua
1177 4482 1305 4545 auferre
1337 4504 1401 4545 non
1425 4482 1583 4562 omiseris,
1615 4483 1773 4568 quinea,
1805 4504 1889 4567 quae
1916 4480 2020 4544 isdem
2044 4480 2182 4567 populus

530 4590 670 4656 carnalis
704 4589 925 4675 temporaliter
958 4612 1133 4675 perpessus
1169 4602 1234 4670 est,
1271 4611 1407 4675 corpore
1442 4587 1679 4674 temporaliter,
1715 4589 1825 4652 anima
1858 4610 1937 4651 vero
1972 4588 2005 4651 in
2041 4588 2183 4651 aeternis

530 4695 728 4763 eruciatibus
752 4695 962 4760 aeternaliter
985 4709 1016 4759 te
1040 4719 1211 4782 passurum
1235 4694 1419 4759 nullomodo
1445 4692 1583 4759 dubites.

638 4838 784 4902 XXXII.
824 4839 906 4902 Iem
930 4840 963 4902 in
988 4838 1119 4902 eodem:
1146 4840 1248 4902 Homo
1271 4841 1305 4902 si
1325 4840 1443 4902 eorerit
1467 4837 1592 4901 demunt
1615 4862 1703 4901 suain
1729 4852 1757 4901 et
1774 4838 2020 4924 sanctificarerit
2034 4837 2183 4918 Domino,

531 4947 744 5012 corur'derabit
761 4971 827 5010 eane
844 4947 1002 5026 sacerdes,
1028 4961 1128 5009 utrum
1153 4949 1235 5010 baua
1258 4971 1299 5010 an
1324 4946 1410 5009 triola
1433 4948 1493 5026 sit,·
1516 4960 1544 5009 et
1568 4948 1655 5010 iuxta
1672 4947 1825 5031 pretium,
1853 4945 1940 5031 qued
1962 4946 2000 5008 ab
2025 4969 2058 5008 eo
2075 4947 2185 5032 fuerit
2201 4968 2229 5006 so

637 5218 721 5267 XXX.
750 5219 819 5268 seit
836 5217 902 5266 deest
921 5216 952 5267 L.
1033 5216 1158 5281 pavendo
1180 5213 1214 5265 Μ.
1298 5217 1430 5279 bseques
1449 5214 1508 5265 Be.
1591 5211 1640 5279 ita]
1661 5217 1754 5281 itaque
1774 5216 1833 5266 B3.
1853 5213 1890 5265 M.
1970 5216 1986 5264 8
2007 5215 2183 5266 commodetis

529 5308 569 5357 hic
593 5317 616 5357 et
640 5307 712 5372 infra
737 5306 795 5357 152.
893 5308 925 5356 12
949 5300 1140 5370 in-giadio]
1167 5305 1261 5369 gladio
1288 5306 1316 5354 in
1343 5311 1491 5370 conspectu
1516 5312 1608 5355 vestre
1635 5304 1671 5354 rt.
1765 5308 1797 5354 14
1824 5313 1851 5355 et
1878 5298 1980 5368 vetera]
2006 5315 2099 5355 vetera
2123 5303 2149 5354 B
2158 5307 2183 5354 3.

532 5399 562 5447 tt
583 5397 760 5462 Egyptiorum
780 5395 811 5446 L.
831 5396 891 5444 B³.).
969 5398 1001 5445 18
1022 5403 1141 5446 vestrum
1162 5394 1187 5444 B
1197 5399 1220 5443 2.

637 5503 734 5553 XXXI.
766 5505 796 5552 19
816 5511 907 5552 eutem
924 5502 989 5551 deest
1009 5500 1040 5551 L.
1096 5501 1214 5550 addecet
1236 5502 1262 5552 U.
1318 5500 1570 5551 22meadeestbl.
1627 5500 1921 5551 23amectenrntbi.
1978 5500 2182 5551 etfaciam.

529 5609 639 5657 qnoque
658 5588 718 5655 vos]
746 5609 794 5641 vos
815 5607 924 5657 quoquc
946 5591 1004 5650 131,
1030 5606 1140 5656 quoque
1166 5590 1233 5639 deest
1251 5585 1288 5638 II.
1374 5591 1407 5639 25
1434 5595 1577 5639 consumet
1598 5589 1624 5640 C.
1716 5591 1750 5640 ‘28
1774 5590 1919 5653 exequitur
1937 5589 1973 5639 II.
2065 5591 2099 5640 29
2119 5584 2182 5654 Dei]
2200 5596 2229 5635 tt

530 5682 640 5731 Domini
667 5681 727 5732 Be.
741 5685 764 5730 3.
789 5680 825 5730 il.
918 5682 952 5730 30
979 5696 1032 5729 non
1059 5674 1174 5744 recepit]
1203 5679 1307 5743 recepit
1333 5676 1363 5727 L.
1455 5680 1489 5728 35
1515 5685 1648 5743 perpetua
1676 5679 1703 5728 C.
1795 5680 1828 5728 36
1854 5674 1971 5741 auferre]
2000 5679 2096 5729 offerre
2122 5678 2181 5729 Bt.

530 5772 594 5834 quin
614 5771 641 5820 in
661 5769 693 5818 h!
707 5771 822 5820 deletum.
897 5763 991 5830 isdem]
1010 5769 1115 5818 hisdem
1135 5767 1194 5820 Bt.
1269 5769 1302 5816 38
1322 5773 1348 5816 te
1369 5761 1521 5832 passurum]
1540 5766 1577 5816 ita
1595 5767 1666 5817 codd.
1681 5785 1746 5833 pre:
1766 5783 1895 5833 passurus
1913 5769 1958 5818 sis.

636 5877 752 5927 xxxa.
782 5879 815 5926 se
835 5870 941 5938 auem]
963 5874 1023 5924 1000
1042 5874 1102 5923 aaa.
1122 5874 1181 5923 aa.
1256 5876 1289 5924 ro
1309 5867 1354 5936 aa]
1374 5874 1427 5923 aas
1447 5872 1506 5924 se.
