<?xml version="1.0" encoding="UTF-8"?>
<!DOCTYPE html PUBLIC "-//W3C//DTD XHTML 1.0 Transitional//EN"
    "http://www.w3.org/TR/xhtml1/DTD/xhtml1-transitional.dtd">
<html xmlns="http://www.w3.org/1999/xhtml" xml:lang="en" lang="en">
 <head>
  <title>
</title>
<meta http-equiv="Content-Type" content="text/html;charset=utf-8" />
  <meta name='ocr-system' content='tesseract 3.04.00' />
  <meta name='ocr-capabilities' content='ocr_page ocr_carea ocr_par ocr_line ocrx_word'/>
</head>
<body>
  <div class='ocr_page' id='page_1' title='image "./monumentagerman02gescgoog/monumentagerman02gescgoog_0043.png"; bbox 0 0 4884 6717; ppageno 0'>
   <div class='ocr_carea' id='block_1_1' title="bbox 674 536 1858 602">
    <p class='ocr_par' dir='ltr' id='par_1_1' title="bbox 674 536 1858 602">
     <span class='ocr_line' id='line_1_1' title="bbox 674 536 1858 602; baseline -0.001 -2"><span class='ocrx_word' id='word_1_1' title='bbox 674 544 727 600; x_wconf 72' lang='lat'>44.</span> <span class='ocrx_word' id='word_1_2' title='bbox 763 542 981 602; x_wconf 86' lang='lat' dir='ltr'>CONCILIUM</span> <span class='ocrx_word' id='word_1_3' title='bbox 1004 543 1232 600; x_wconf 80' lang='lat' dir='ltr'>PARISIENSE</span> <span class='ocrx_word' id='word_1_4' title='bbox 1256 545 1293 600; x_wconf 78' lang='lat' dir='ltr'>A.</span> <span class='ocrx_word' id='word_1_5' title='bbox 1314 543 1389 600; x_wconf 79' lang='lat'>825.</span> <span class='ocrx_word' id='word_1_6' title='bbox 1797 536 1858 600; x_wconf 76' lang='grc'><strong>491</strong></span> 
     </span>
    </p>
   </div>
   <div class='ocr_carea' id='block_1_2' title="bbox 204 739 1861 918">
    <p class='ocr_par' dir='ltr' id='par_1_2' title="bbox 204 739 1861 918">
     <span class='ocr_line' id='line_1_2' title="bbox 204 739 1861 813; baseline -0.001 -17"><span class='ocrx_word' id='word_1_7' title='bbox 204 739 307 797; x_wconf 82' lang='lat' dir='ltr'>Colere</span> <span class='ocrx_word' id='word_1_8' title='bbox 331 758 400 797; x_wconf 80' lang='lat' dir='ltr'>vero</span> <span class='ocrx_word' id='word_1_9' title='bbox 423 746 469 795; x_wconf 90' lang='lat' dir='ltr'>est</span> <span class='ocrx_word' id='word_1_10' title='bbox 492 745 553 795; x_wconf 89' lang='lat' dir='ltr'>toto</span> <span class='ocrx_word' id='word_1_11' title='bbox 575 740 619 794; x_wconf 79' lang='lat' dir='ltr'>vis</span> <span class='ocrx_word' id='word_1_12' title='bbox 641 739 749 795; x_wconf 77' lang='lat' dir='ltr'>affectu</span> <span class='ocrx_word' id='word_1_13' title='bbox 773 747 804 796; x_wconf 87' lang='lat' dir='ltr'>et</span> <span class='ocrx_word' id='word_1_14' title='bbox 826 740 921 796; x_wconf 83' lang='lat' dir='ltr'>studio</span> <span class='ocrx_word' id='word_1_15' title='bbox 944 742 1117 813; x_wconf 86' lang='lat' dir='ltr'>mancipare.</span> <span class='ocrx_word' id='word_1_16' title='bbox 1152 740 1314 811; x_wconf 89' lang='lat' dir='ltr'>Utrumque</span> <span class='ocrx_word' id='word_1_17' title='bbox 1339 758 1407 813; x_wconf 91' lang='lat' dir='ltr'>ergo</span> <span class='ocrx_word' id='word_1_18' title='bbox 1430 748 1543 796; x_wconf 80' lang='lat' dir='ltr'>resecat</span> <span class='ocrx_word' id='word_1_19' title='bbox 1566 757 1659 796; x_wconf 88' lang='lat' dir='ltr'>sermo</span> <span class='ocrx_word' id='word_1_20' title='bbox 1682 740 1804 808; x_wconf 83' lang='lat' dir='ltr'>divinus,</span> <span class='ocrx_word' id='word_1_21' title='bbox 1827 748 1861 794; x_wconf 91' lang='lat' dir='ltr'>ut</span> 
     </span>
     <span class='ocr_line' id='line_1_3' title="bbox 204 846 904 918; baseline -0.001 -17"><span class='ocrx_word' id='word_1_22' title='bbox 204 864 299 918; x_wconf 86' lang='lat' dir='ltr'>neque</span> <span class='ocrx_word' id='word_1_23' title='bbox 323 847 430 904; x_wconf 79' lang='lat' dir='ltr'>affectu</span> <span class='ocrx_word' id='word_1_24' title='bbox 453 846 529 902; x_wconf 90' lang='lat' dir='ltr'>colas</span> <span class='ocrx_word' id='word_1_25' title='bbox 552 863 647 917; x_wconf 86' lang='lat' dir='ltr'>neque</span> <span class='ocrx_word' id='word_1_26' title='bbox 671 847 768 918; x_wconf 85' lang='lat' dir='ltr'>specie</span> <span class='ocrx_word' id='word_1_27' title='bbox 792 848 904 902; x_wconf 87' lang='lat' dir='ltr'>adores.</span> 
     </span>
    </p>
   </div>
   <div class='ocr_carea' id='block_1_3' title="bbox 173 961 2010 1579">
    <p class='ocr_par' dir='ltr' id='par_1_3' title="bbox 173 961 2010 1579">
     <span class='ocr_line' id='line_1_4' title="bbox 313 961 2010 1053; baseline 0.001 -28"><span class='ocrx_word' id='word_1_28' title='bbox 313 961 425 1025; x_wconf 87' lang='lat' dir='ltr'>XXII.</span> <span class='ocrx_word' id='word_1_29' title='bbox 460 961 673 1026; x_wconf 90' lang='lat' dir='ltr'>Hieronimus</span> <span class='ocrx_word' id='word_1_30' title='bbox 702 962 737 1025; x_wconf 92' lang='lat' dir='ltr'>in</span> <span class='ocrx_word' id='word_1_31' title='bbox 768 962 973 1048; x_wconf 81' lang='lat' dir='ltr'>expositione</span> <span class='ocrx_word' id='word_1_32' title='bbox 1003 962 1176 1028; x_wconf 76' lang='lat' dir='ltr'><strong>Danihelis</strong></span> <span class='ocrx_word' id='word_1_33' title='bbox 1205 965 1402 1053; x_wconf 89' lang='lat' dir='ltr'>prophetae:</span> <span class='ocrx_word' id='word_1_34' title='bbox 1438 970 1562 1031; x_wconf 80' lang='lat' dir='ltr'>Nomm¹</span> <span class='ocrx_word' id='word_1_35' title='bbox 1593 973 1641 1030; x_wconf 79' lang='lat' dir='ltr'>titi</span> <span class='ocrx_word' id='word_1_36' title='bbox 1668 972 1713 1040; x_wconf 76' lang='lat' dir='ltr'>sit,</span> <span class='ocrx_word' id='word_1_37' title='bbox 1745 962 1860 1048; x_wconf 86' lang='lat' dir='ltr'>inquit,</span> <span class='ocrx_word' id='word_1_38' title='bbox 1880 982 2010 1034; x_wconf 59' lang='lat' dir='ltr'>amana</span> 
     </span>
     <span class='ocr_line' id='line_1_5' title="bbox 205 1077 1861 1154; baseline -0.001 -20"><span class='ocrx_word' id='word_1_39' title='bbox 205 1097 269 1147; x_wconf 74' lang='lat' dir='ltr'>rece,</span> <span class='ocrx_word' id='word_1_40' title='bbox 293 1077 361 1154; x_wconf 80' lang='lat' dir='ltr'>qaia</span> <span class='ocrx_word' id='word_1_41' title='bbox 384 1078 450 1134; x_wconf 85' lang='lat' dir='ltr'>deos</span> <span class='ocrx_word' id='word_1_42' title='bbox 472 1085 533 1134; x_wconf 80' lang='lat' dir='ltr'>tuos</span> <span class='ocrx_word' id='word_1_43' title='bbox 555 1096 613 1134; x_wconf 83' lang='lat' dir='ltr'>non</span> <span class='ocrx_word' id='word_1_44' title='bbox 637 1077 751 1134; x_wconf 73' lang='lat' dir='ltr'>cedmae</span> <span class='ocrx_word' id='word_1_45' title='bbox 773 1085 800 1134; x_wconf 88' lang='lat' dir='ltr'>et</span> <span class='ocrx_word' id='word_1_46' title='bbox 819 1085 942 1134; x_wconf 73' lang='lat' dir='ltr'>statatum</span> <span class='ocrx_word' id='word_1_47' title='bbox 965 1097 1090 1148; x_wconf 84' lang='lat' dir='ltr'>oeream,</span> <span class='ocrx_word' id='word_1_48' title='bbox 1114 1097 1199 1154; x_wconf 82' lang='lat' dir='ltr'>quom</span> <span class='ocrx_word' id='word_1_49' title='bbox 1216 1079 1339 1150; x_wconf 65' lang='lat' dir='ltr'>manti,</span> <span class='ocrx_word' id='word_1_50' title='bbox 1364 1100 1419 1137; x_wconf 83' lang='lat' dir='ltr'>non</span> <span class='ocrx_word' id='word_1_51' title='bbox 1443 1082 1607 1137; x_wconf 81' lang='lat' dir='ltr'>odoramus.</span> <span class='ocrx_word' id='word_1_52' title='bbox 1648 1080 1713 1135; x_wconf 84' lang='lat' dir='ltr'>Sive</span> <span class='ocrx_word' id='word_1_53' title='bbox 1737 1087 1861 1133; x_wconf 89' lang='lat' dir='ltr'>statuam</span> 
     </span>
     <span class='ocr_line' id='line_1_6' title="bbox 173 1184 1861 1259; baseline 0 -20"><span class='ocrx_word' id='word_1_54' title='bbox 173 1192 239 1241; x_wconf 71' lang='lat' dir='ltr'>tut</span> <span class='ocrx_word' id='word_1_55' title='bbox 262 1184 435 1240; x_wconf 84' lang='lat' dir='ltr'>Simmachus</span> <span class='ocrx_word' id='word_1_56' title='bbox 459 1184 518 1240; x_wconf 75' lang='lat' dir='ltr'>siue</span> <span class='ocrx_word' id='word_1_57' title='bbox 542 1185 694 1258; x_wconf 91' lang='lat' dir='ltr'>imaginem</span> <span class='ocrx_word' id='word_1_58' title='bbox 724 1203 849 1251; x_wconf 87' lang='lat' dir='ltr'>auream,</span> <span class='ocrx_word' id='word_1_59' title='bbox 881 1193 914 1239; x_wconf 90' lang='lat' dir='ltr'>ut</span> <span class='ocrx_word' id='word_1_60' title='bbox 944 1186 1035 1241; x_wconf 89' lang='lat' dir='ltr'>ceteri</span> <span class='ocrx_word' id='word_1_61' title='bbox 1065 1191 1285 1256; x_wconf 88' lang='lat' dir='ltr'>transtulerunt,</span> <span class='ocrx_word' id='word_1_62' title='bbox 1315 1188 1486 1243; x_wconf 81' lang='lat' dir='ltr'>voluerimus</span> <span class='ocrx_word' id='word_1_63' title='bbox 1515 1187 1625 1259; x_wconf 86' lang='lat' dir='ltr'>legere,</span> <span class='ocrx_word' id='word_1_64' title='bbox 1656 1187 1782 1242; x_wconf 82' lang='lat' dir='ltr'>cultores</span> <span class='ocrx_word' id='word_1_65' title='bbox 1806 1185 1861 1239; x_wconf 89' lang='lat' dir='ltr'>Dei</span> 
     </span>
     <span class='ocr_line' id='line_1_7' title="bbox 206 1291 1862 1367; baseline -0.001 -19"><span class='ocrx_word' id='word_1_66' title='bbox 206 1309 268 1348; x_wconf 81' lang='lat' dir='ltr'>eam</span> <span class='ocrx_word' id='word_1_67' title='bbox 291 1293 409 1348; x_wconf 88' lang='lat' dir='ltr'>adorare</span> <span class='ocrx_word' id='word_1_68' title='bbox 431 1309 488 1362; x_wconf 85' lang='lat' dir='ltr'>non</span> <span class='ocrx_word' id='word_1_69' title='bbox 511 1292 630 1348; x_wconf 88' lang='lat' dir='ltr'>debent.</span> <span class='ocrx_word' id='word_1_70' title='bbox 666 1292 742 1364; x_wconf 85' lang='lat' dir='ltr'>Ergo</span> <span class='ocrx_word' id='word_1_71' title='bbox 764 1291 873 1347; x_wconf 84' lang='lat' dir='ltr'>iudices</span> <span class='ocrx_word' id='word_1_72' title='bbox 898 1298 928 1346; x_wconf 90' lang='lat' dir='ltr'>et</span> <span class='ocrx_word' id='word_1_73' title='bbox 951 1292 1094 1363; x_wconf 89' lang='lat' dir='ltr'>principes</span> <span class='ocrx_word' id='word_1_74' title='bbox 1117 1292 1236 1362; x_wconf 87' lang='lat' dir='ltr'>saeculi,</span> <span class='ocrx_word' id='word_1_75' title='bbox 1261 1295 1308 1365; x_wconf 88' lang='lat' dir='ltr'>qui</span> <span class='ocrx_word' id='word_1_76' title='bbox 1331 1295 1532 1367; x_wconf 85' lang='lat' dir='ltr'>imperatorum</span> <span class='ocrx_word' id='word_1_77' title='bbox 1555 1302 1664 1349; x_wconf 86' lang='lat' dir='ltr'>statuas</span> <span class='ocrx_word' id='word_1_78' title='bbox 1688 1294 1806 1349; x_wconf 87' lang='lat' dir='ltr'>adorant</span> <span class='ocrx_word' id='word_1_79' title='bbox 1831 1300 1862 1346; x_wconf 88' lang='lat' dir='ltr'>et</span> 
     </span>
     <span class='ocr_line' id='line_1_8' title="bbox 204 1397 1862 1472; baseline -0.001 -18"><span class='ocrx_word' id='word_1_80' title='bbox 204 1397 352 1472; x_wconf 83' lang='lat' dir='ltr'>imagines,</span> <span class='ocrx_word' id='word_1_81' title='bbox 377 1399 428 1455; x_wconf 89' lang='lat' dir='ltr'>hoc</span> <span class='ocrx_word' id='word_1_82' title='bbox 452 1416 483 1455; x_wconf 91' lang='lat' dir='ltr'>se</span> <span class='ocrx_word' id='word_1_83' title='bbox 507 1398 603 1454; x_wconf 82' lang='lat' dir='ltr'>lacere</span> <span class='ocrx_word' id='word_1_84' title='bbox 627 1399 802 1471; x_wconf 72' lang='lat' dir='ltr'>intelligant,</span> <span class='ocrx_word' id='word_1_85' title='bbox 827 1399 902 1471; x_wconf 89' lang='lat' dir='ltr'>quod</span> <span class='ocrx_word' id='word_1_86' title='bbox 926 1405 986 1454; x_wconf 89' lang='lat' dir='ltr'>tres</span> <span class='ocrx_word' id='word_1_87' title='bbox 1009 1400 1091 1471; x_wconf 89' lang='lat' dir='ltr'>pueri</span> <span class='ocrx_word' id='word_1_88' title='bbox 1115 1400 1211 1455; x_wconf 82' lang='lat' dir='ltr'>lacere</span> <span class='ocrx_word' id='word_1_89' title='bbox 1235 1400 1367 1457; x_wconf 88' lang='lat' dir='ltr'>nolentes</span> <span class='ocrx_word' id='word_1_90' title='bbox 1389 1401 1559 1472; x_wconf 86' lang='lat' dir='ltr'>placuerunt</span> <span class='ocrx_word' id='word_1_91' title='bbox 1576 1402 1656 1468; x_wconf 62' lang='lat' dir='ltr'>Dect</span> <span class='ocrx_word' id='word_1_92' title='bbox 1682 1408 1713 1455; x_wconf 93' lang='lat' dir='ltr'>et</span> <span class='ocrx_word' id='word_1_93' title='bbox 1735 1399 1862 1455; x_wconf 82' lang='lat' dir='ltr'>notanda</span> 
     </span>
     <span class='ocr_line' id='line_1_9' title="bbox 204 1506 1714 1579; baseline 0 -18"><span class='ocrx_word' id='word_1_94' title='bbox 204 1508 375 1579; x_wconf 75' lang='lat' dir='ltr'>proprietas,</span> <span class='ocrx_word' id='word_1_95' title='bbox 399 1507 468 1562; x_wconf 88' lang='lat' dir='ltr'>deos</span> <span class='ocrx_word' id='word_1_96' title='bbox 492 1506 555 1573; x_wconf 90' lang='lat' dir='ltr'>coli,</span> <span class='ocrx_word' id='word_1_97' title='bbox 580 1507 731 1579; x_wconf 89' lang='lat' dir='ltr'>imaginem</span> <span class='ocrx_word' id='word_1_98' title='bbox 755 1506 866 1560; x_wconf 90' lang='lat' dir='ltr'>adorari</span> <span class='ocrx_word' id='word_1_99' title='bbox 890 1506 999 1572; x_wconf 91' lang='lat' dir='ltr'>dicunt,</span> <span class='ocrx_word' id='word_1_100' title='bbox 1025 1507 1100 1577; x_wconf 87' lang='lat' dir='ltr'>quod</span> <span class='ocrx_word' id='word_1_101' title='bbox 1124 1513 1276 1579; x_wconf 86' lang='lat' dir='ltr'>utrumque</span> <span class='ocrx_word' id='word_1_102' title='bbox 1301 1508 1390 1562; x_wconf 84' lang='lat' dir='ltr'>servis</span> <span class='ocrx_word' id='word_1_103' title='bbox 1413 1507 1468 1562; x_wconf 90' lang='lat' dir='ltr'>Dei</span> <span class='ocrx_word' id='word_1_104' title='bbox 1492 1525 1547 1562; x_wconf 92' lang='lat' dir='ltr'>non</span> <span class='ocrx_word' id='word_1_105' title='bbox 1571 1509 1714 1563; x_wconf 86' lang='lat' dir='ltr'>convenit.</span> 
     </span>
    </p>
   </div>
   <div class='ocr_carea' id='block_1_4' title="bbox 160 1620 2017 2344">
    <p class='ocr_par' dir='ltr' id='par_1_4' title="bbox 160 1620 2017 2344">
     <span class='ocr_line' id='line_1_10' title="bbox 311 1620 1862 1709; baseline 0 -23"><span class='ocrx_word' id='word_1_106' title='bbox 311 1621 443 1686; x_wconf 87' lang='lat' dir='ltr'><strong>XXIII.</strong></span> <span class='ocrx_word' id='word_1_107' title='bbox 482 1620 574 1685; x_wconf 89' lang='lat' dir='ltr'>Idem</span> <span class='ocrx_word' id='word_1_108' title='bbox 599 1621 752 1706; x_wconf 87' lang='lat' dir='ltr'>Origenis</span> <span class='ocrx_word' id='word_1_109' title='bbox 776 1622 809 1683; x_wconf 92' lang='lat' dir='ltr'>in</span> <span class='ocrx_word' id='word_1_110' title='bbox 833 1620 952 1685; x_wconf 91' lang='lat' dir='ltr'>omelia</span> <span class='ocrx_word' id='word_1_111' title='bbox 967 1620 1025 1684; x_wconf 94' lang='lat' dir='ltr'>VI.</span> <span class='ocrx_word' id='word_1_112' title='bbox 1057 1621 1097 1685; x_wconf 89' lang='lat' dir='ltr'>de</span> <span class='ocrx_word' id='word_1_113' title='bbox 1122 1623 1261 1704; x_wconf 83' lang='lat' dir='ltr'>cantico,</span> <span class='ocrx_word' id='word_1_114' title='bbox 1293 1621 1382 1708; x_wconf 93' lang='lat' dir='ltr'>quod</span> <span class='ocrx_word' id='word_1_115' title='bbox 1405 1623 1550 1686; x_wconf 83' lang='lat' dir='ltr'>cantavit</span> <span class='ocrx_word' id='word_1_116' title='bbox 1573 1622 1721 1709; x_wconf 86' lang='lat' dir='ltr'>Moyses:</span> <span class='ocrx_word' id='word_1_117' title='bbox 1756 1628 1862 1686; x_wconf 72' lang='lat' dir='ltr'>Licet²</span> 
     </span>
     <span class='ocr_line' id='line_1_11' title="bbox 160 1734 2017 1811; baseline -0.002 -18"><span class='ocrx_word' id='word_1_118' title='bbox 160 1753 187 1793; x_wconf 86' lang='lat' dir='ltr'>to</span> <span class='ocrx_word' id='word_1_119' title='bbox 204 1742 348 1810; x_wconf 88' lang='lat' dir='ltr'>apostolus</span> <span class='ocrx_word' id='word_1_120' title='bbox 371 1738 511 1793; x_wconf 88' lang='lat' dir='ltr'>Iohannes</span> <span class='ocrx_word' id='word_1_121' title='bbox 535 1738 628 1792; x_wconf 88' lang='lat' dir='ltr'>dicat:</span> <span class='ocrx_word' id='word_1_122' title='bbox 656 1734 761 1806; x_wconf 75' lang='lat' dir='ltr'>Filiolt&#39;,</span> <span class='ocrx_word' id='word_1_123' title='bbox 785 1737 909 1793; x_wconf 70' lang='lat' dir='ltr'>nondam</span> <span class='ocrx_word' id='word_1_124' title='bbox 932 1735 1034 1793; x_wconf 74' lang='lat' dir='ltr'>acimm</span> <span class='ocrx_word' id='word_1_125' title='bbox 1056 1738 1134 1811; x_wconf 82' lang='lat' dir='ltr'>quod</span> <span class='ocrx_word' id='word_1_126' title='bbox 1147 1736 1249 1808; x_wconf 74' lang='lat' dir='ltr'>sanari</span> <span class='ocrx_word' id='word_1_127' title='bbox 1269 1757 1373 1794; x_wconf 71' lang='lat' dir='ltr'>ennam.</span> <span class='ocrx_word' id='word_1_128' title='bbox 1414 1736 1466 1794; x_wconf 81' lang='lat' dir='ltr'>Sin</span> <span class='ocrx_word' id='word_1_129' title='bbox 1490 1746 1582 1794; x_wconf 83' lang='lat' dir='ltr'>autem</span> <span class='ocrx_word' id='word_1_130' title='bbox 1606 1739 1757 1794; x_wconf 74' lang='lat' dir='ltr'>revelatam</span> <span class='ocrx_word' id='word_1_131' title='bbox 1781 1736 1859 1793; x_wconf 82' lang='lat' dir='ltr'>nodis</span> <span class='ocrx_word' id='word_1_132' title='bbox 1882 1747 2017 1795; x_wconf 70' lang='lat' dir='ltr'>alonae.</span> 
     </span>
     <span class='ocr_line' id='line_1_12' title="bbox 198 1841 1861 1916; baseline -0.002 -15"><span class='ocrx_word' id='word_1_133' title='bbox 198 1843 296 1916; x_wconf 83' lang='lat' dir='ltr'>suerit</span> <span class='ocrx_word' id='word_1_134' title='bbox 317 1845 352 1901; x_wconf 87' lang='lat' dir='ltr'>de</span> <span class='ocrx_word' id='word_1_135' title='bbox 375 1843 447 1915; x_wconf 90' lang='lat' dir='ltr'>Deo,</span> <span class='ocrx_word' id='word_1_136' title='bbox 478 1844 588 1900; x_wconf 87' lang='lat' dir='ltr'>scilicet</span> <span class='ocrx_word' id='word_1_137' title='bbox 611 1844 720 1910; x_wconf 89' lang='lat' dir='ltr'>dicens,</span> <span class='ocrx_word' id='word_1_138' title='bbox 749 1842 852 1899; x_wconf 80' lang='lat' dir='ltr'>similes</span> <span class='ocrx_word' id='word_1_139' title='bbox 875 1841 917 1898; x_wconf 80' lang='lat' dir='ltr'>illi</span> <span class='ocrx_word' id='word_1_140' title='bbox 939 1842 1051 1899; x_wconf 63' lang='lat' dir='ltr'>moena.</span> <span class='ocrx_word' id='word_1_141' title='bbox 1098 1843 1258 1899; x_wconf 86' lang='lat' dir='ltr'>Similitudo</span> <span class='ocrx_word' id='word_1_142' title='bbox 1286 1851 1383 1901; x_wconf 86' lang='lat' dir='ltr'>tamen</span> <span class='ocrx_word' id='word_1_143' title='bbox 1406 1845 1477 1900; x_wconf 86' lang='lat' dir='ltr'>haec</span> <span class='ocrx_word' id='word_1_144' title='bbox 1500 1862 1556 1900; x_wconf 92' lang='lat' dir='ltr'>non</span> <span class='ocrx_word' id='word_1_145' title='bbox 1580 1846 1617 1900; x_wconf 85' lang='lat' dir='ltr'>ad</span> <span class='ocrx_word' id='word_1_146' title='bbox 1640 1853 1778 1912; x_wconf 86' lang='lat' dir='ltr'>naturam,</span> <span class='ocrx_word' id='word_1_147' title='bbox 1810 1844 1861 1898; x_wconf 87' lang='lat' dir='ltr'>sed</span> 
     </span>
     <span class='ocr_line' id='line_1_13' title="bbox 205 1950 1863 2024; baseline -0.001 -16"><span class='ocrx_word' id='word_1_148' title='bbox 205 1953 242 2008; x_wconf 84' lang='lat' dir='ltr'>ad</span> <span class='ocrx_word' id='word_1_149' title='bbox 264 1952 384 2024; x_wconf 87' lang='lat' dir='ltr'>gratiam</span> <span class='ocrx_word' id='word_1_150' title='bbox 407 1961 566 2008; x_wconf 83' lang='lat' dir='ltr'>revocatur.</span> <span class='ocrx_word' id='word_1_151' title='bbox 604 1950 694 2006; x_wconf 86' lang='lat' dir='ltr'>Verbi</span> <span class='ocrx_word' id='word_1_152' title='bbox 717 1968 814 2017; x_wconf 87' lang='lat' dir='ltr'>causa,</span> <span class='ocrx_word' id='word_1_153' title='bbox 845 1957 877 2004; x_wconf 88' lang='lat' dir='ltr'>ut</span> <span class='ocrx_word' id='word_1_154' title='bbox 907 1951 930 2004; x_wconf 92' lang='lat' dir='ltr'>si</span> <span class='ocrx_word' id='word_1_155' title='bbox 960 1951 1086 2005; x_wconf 89' lang='lat' dir='ltr'>dicamus</span> <span class='ocrx_word' id='word_1_156' title='bbox 1109 1952 1248 2023; x_wconf 85' lang='lat' dir='ltr'>picturam</span> <span class='ocrx_word' id='word_1_157' title='bbox 1279 1952 1396 2006; x_wconf 76' lang='lat' dir='ltr'>similem</span> <span class='ocrx_word' id='word_1_158' title='bbox 1421 1970 1484 2007; x_wconf 88' lang='lat' dir='ltr'>esse</span> <span class='ocrx_word' id='word_1_159' title='bbox 1510 1953 1581 2021; x_wconf 87' lang='lat' dir='ltr'>eius,</span> <span class='ocrx_word' id='word_1_160' title='bbox 1612 1953 1691 2006; x_wconf 89' lang='lat' dir='ltr'>cuius</span> <span class='ocrx_word' id='word_1_161' title='bbox 1719 1953 1811 2024; x_wconf 83' lang='lat' dir='ltr'>imago</span> <span class='ocrx_word' id='word_1_162' title='bbox 1834 1953 1863 2006; x_wconf 90' lang='lat' dir='ltr'>in</span> 
     </span>
     <span class='ocr_line' id='line_1_14' title="bbox 204 2058 1862 2132; baseline -0.001 -20"><span class='ocrx_word' id='word_1_163' title='bbox 204 2060 317 2132; x_wconf 86' lang='lat' dir='ltr'>pictura</span> <span class='ocrx_word' id='word_1_164' title='bbox 346 2059 460 2114; x_wconf 80' lang='lat' dir='ltr'>videtur</span> <span class='ocrx_word' id='word_1_165' title='bbox 490 2076 636 2130; x_wconf 82' lang='lat' dir='ltr'>expressa,</span> <span class='ocrx_word' id='word_1_166' title='bbox 668 2063 806 2129; x_wconf 89' lang='lat' dir='ltr'>quantum</span> <span class='ocrx_word' id='word_1_167' title='bbox 836 2058 873 2112; x_wconf 88' lang='lat' dir='ltr'>ad</span> <span class='ocrx_word' id='word_1_168' title='bbox 896 2058 1016 2130; x_wconf 87' lang='lat' dir='ltr'>gratiam</span> <span class='ocrx_word' id='word_1_169' title='bbox 1039 2059 1178 2129; x_wconf 80' lang='lat' dir='ltr'>pertinet,</span> <span class='ocrx_word' id='word_1_170' title='bbox 1209 2060 1286 2113; x_wconf 72' lang='lat' dir='ltr'>risus</span> <span class='ocrx_word' id='word_1_171' title='bbox 1309 2058 1405 2113; x_wconf 86' lang='lat' dir='ltr'>similis</span> <span class='ocrx_word' id='word_1_172' title='bbox 1428 2059 1542 2126; x_wconf 88' lang='lat' dir='ltr'>dicitur,</span> <span class='ocrx_word' id='word_1_173' title='bbox 1574 2065 1711 2130; x_wconf 85' lang='lat' dir='ltr'>quantum</span> <span class='ocrx_word' id='word_1_174' title='bbox 1734 2059 1770 2113; x_wconf 89' lang='lat' dir='ltr'>ad</span> <span class='ocrx_word' id='word_1_175' title='bbox 1795 2058 1862 2112; x_wconf 89' lang='lat' dir='ltr'>sub-</span> 
     </span>
     <span class='ocr_line' id='line_1_15' title="bbox 204 2164 1864 2237; baseline -0.001 -17"><span class='ocrx_word' id='word_1_176' title='bbox 204 2166 339 2221; x_wconf 90' lang='lat' dir='ltr'>stantiam</span> <span class='ocrx_word' id='word_1_177' title='bbox 361 2164 447 2237; x_wconf 88' lang='lat' dir='ltr'>longe</span> <span class='ocrx_word' id='word_1_178' title='bbox 471 2165 620 2220; x_wconf 89' lang='lat' dir='ltr'>dissimilis.</span> <span class='ocrx_word' id='word_1_179' title='bbox 656 2165 710 2220; x_wconf 90' lang='lat' dir='ltr'>Illa</span> <span class='ocrx_word' id='word_1_180' title='bbox 733 2165 807 2220; x_wconf 89' lang='lat' dir='ltr'>enim</span> <span class='ocrx_word' id='word_1_181' title='bbox 830 2165 943 2236; x_wconf 85' lang='lat' dir='ltr'>specics</span> <span class='ocrx_word' id='word_1_182' title='bbox 966 2166 1057 2220; x_wconf 86' lang='lat' dir='ltr'>carnis</span> <span class='ocrx_word' id='word_1_183' title='bbox 1082 2172 1126 2220; x_wconf 88' lang='lat' dir='ltr'>est</span> <span class='ocrx_word' id='word_1_184' title='bbox 1151 2172 1180 2220; x_wconf 90' lang='lat' dir='ltr'>ct</span> <span class='ocrx_word' id='word_1_185' title='bbox 1204 2166 1328 2237; x_wconf 86' lang='lat' dir='ltr'>corporis</span> <span class='ocrx_word' id='word_1_186' title='bbox 1351 2166 1417 2232; x_wconf 81' lang='lat' dir='ltr'>viri,</span> <span class='ocrx_word' id='word_1_187' title='bbox 1442 2166 1498 2220; x_wconf 90' lang='lat' dir='ltr'>ista</span> <span class='ocrx_word' id='word_1_188' title='bbox 1513 2164 1636 2221; x_wconf 89' lang='lat' dir='ltr'>colorum</span> <span class='ocrx_word' id='word_1_189' title='bbox 1659 2165 1740 2219; x_wconf 80' lang='lat' dir='ltr'>fucus</span> <span class='ocrx_word' id='word_1_190' title='bbox 1765 2173 1809 2220; x_wconf 91' lang='lat' dir='ltr'>cst</span> <span class='ocrx_word' id='word_1_191' title='bbox 1833 2172 1864 2219; x_wconf 91' lang='lat' dir='ltr'>et</span> 
     </span>
     <span class='ocr_line' id='line_1_16' title="bbox 160 2272 908 2344; baseline -0.001 -17"><span class='ocrx_word' id='word_1_192' title='bbox 160 2288 187 2327; x_wconf 81' lang='lat' dir='ltr'>ra</span> <span class='ocrx_word' id='word_1_193' title='bbox 206 2290 272 2328; x_wconf 85' lang='lat' dir='ltr'>cera</span> <span class='ocrx_word' id='word_1_194' title='bbox 294 2272 401 2328; x_wconf 85' lang='lat' dir='ltr'>tabulis</span> <span class='ocrx_word' id='word_1_195' title='bbox 424 2290 509 2328; x_wconf 87' lang='lat' dir='ltr'>sensu</span> <span class='ocrx_word' id='word_1_196' title='bbox 533 2272 695 2328; x_wconf 85' lang='lat' dir='ltr'>carentibus</span> <span class='ocrx_word' id='word_1_197' title='bbox 718 2273 908 2344; x_wconf 83' lang='lat' dir='ltr'>superposita.</span> 
     </span>
    </p>
   </div>
   <div class='ocr_carea' id='block_1_5' title="bbox 160 2385 1865 2896">
    <p class='ocr_par' dir='ltr' id='par_1_5' title="bbox 204 2385 1865 2789">
     <span class='ocr_line' id='line_1_17' title="bbox 312 2385 1864 2472; baseline -0.002 -21"><span class='ocrx_word' id='word_1_198' title='bbox 312 2387 460 2451; x_wconf 89' lang='lat' dir='ltr'><strong>XXIIII.</strong></span> <span class='ocrx_word' id='word_1_199' title='bbox 503 2386 620 2451; x_wconf 79' lang='lat' dir='ltr'>Isidori</span> <span class='ocrx_word' id='word_1_200' title='bbox 656 2409 698 2451; x_wconf 85' lang='lat' dir='ltr'>ex</span> <span class='ocrx_word' id='word_1_201' title='bbox 732 2385 816 2450; x_wconf 91' lang='lat' dir='ltr'>libro</span> <span class='ocrx_word' id='word_1_202' title='bbox 851 2386 1169 2472; x_wconf 87' lang='lat' dir='ltr'>aethImologiarum:</span> <span class='ocrx_word' id='word_1_203' title='bbox 1205 2391 1345 2451; x_wconf 81' lang='lat' dir='ltr'>Pictom⁸</span> <span class='ocrx_word' id='word_1_204' title='bbox 1374 2403 1471 2452; x_wconf 86' lang='lat' dir='ltr'>autem</span> <span class='ocrx_word' id='word_1_205' title='bbox 1501 2404 1545 2450; x_wconf 86' lang='lat' dir='ltr'>est</span> <span class='ocrx_word' id='word_1_206' title='bbox 1581 2397 1673 2468; x_wconf 78' lang='lat' dir='ltr'>imago</span> <span class='ocrx_word' id='word_1_207' title='bbox 1704 2397 1864 2467; x_wconf 78' lang='lat' dir='ltr'>exprimens</span> 
     </span>
     <span class='ocr_line' id='line_1_18' title="bbox 205 2499 1864 2576; baseline -0.001 -18"><span class='ocrx_word' id='word_1_208' title='bbox 205 2505 331 2576; x_wconf 87' lang='lat' dir='ltr'>speciem</span> <span class='ocrx_word' id='word_1_209' title='bbox 354 2504 396 2559; x_wconf 88' lang='lat' dir='ltr'>rei</span> <span class='ocrx_word' id='word_1_210' title='bbox 419 2503 547 2571; x_wconf 73' lang='lat' dir='ltr'>adonius,</span> <span class='ocrx_word' id='word_1_211' title='bbox 577 2521 662 2575; x_wconf 88' lang='lat' dir='ltr'>quae,</span> <span class='ocrx_word' id='word_1_212' title='bbox 695 2504 762 2558; x_wconf 87' lang='lat' dir='ltr'>dum</span> <span class='ocrx_word' id='word_1_213' title='bbox 783 2504 845 2559; x_wconf 76' lang='lat' dir='ltr'>visa</span> <span class='ocrx_word' id='word_1_214' title='bbox 867 2503 964 2570; x_wconf 79' lang='lat' dir='ltr'>fuerit,</span> <span class='ocrx_word' id='word_1_215' title='bbox 997 2504 1033 2557; x_wconf 88' lang='lat' dir='ltr'>ad</span> <span class='ocrx_word' id='word_1_216' title='bbox 1061 2504 1288 2558; x_wconf 71' lang='lat' dir='ltr'>recordationem</span> <span class='ocrx_word' id='word_1_217' title='bbox 1311 2499 1437 2558; x_wconf 82' lang='lat' dir='ltr'>monte&#39;m</span> <span class='ocrx_word' id='word_1_218' title='bbox 1460 2503 1582 2558; x_wconf 80' lang='lat' dir='ltr'>reducit.</span> <span class='ocrx_word' id='word_1_219' title='bbox 1630 2502 1745 2557; x_wconf 78' lang='lat' dir='ltr'>Pictura</span> <span class='ocrx_word' id='word_1_220' title='bbox 1768 2511 1864 2557; x_wconf 87' lang='lat' dir='ltr'>autem</span> 
     </span>
     <span class='ocr_line' id='line_1_19' title="bbox 206 2608 1864 2682; baseline -0.001 -17"><span class='ocrx_word' id='word_1_221' title='bbox 206 2611 284 2666; x_wconf 88' lang='lat' dir='ltr'>dicta</span> <span class='ocrx_word' id='word_1_222' title='bbox 307 2611 387 2682; x_wconf 88' lang='lat' dir='ltr'>quasi</span> <span class='ocrx_word' id='word_1_223' title='bbox 411 2609 521 2664; x_wconf 78' lang='lat' dir='ltr'>lictma.</span> <span class='ocrx_word' id='word_1_224' title='bbox 569 2610 622 2664; x_wconf 87' lang='lat' dir='ltr'>Est</span> <span class='ocrx_word' id='word_1_225' title='bbox 646 2610 719 2664; x_wconf 90' lang='lat' dir='ltr'>enim</span> <span class='ocrx_word' id='word_1_226' title='bbox 742 2609 835 2682; x_wconf 80' lang='lat' dir='ltr'>imago</span> <span class='ocrx_word' id='word_1_227' title='bbox 858 2608 936 2676; x_wconf 87' lang='lat' dir='ltr'>ficta,</span> <span class='ocrx_word' id='word_1_228' title='bbox 960 2627 1016 2664; x_wconf 92' lang='lat' dir='ltr'>non</span> <span class='ocrx_word' id='word_1_229' title='bbox 1039 2611 1156 2678; x_wconf 79' lang='lat' dir='ltr'>veritas,</span> <span class='ocrx_word' id='word_1_230' title='bbox 1186 2610 1250 2665; x_wconf 92' lang='lat' dir='ltr'>hinc</span> <span class='ocrx_word' id='word_1_231' title='bbox 1275 2617 1305 2664; x_wconf 88' lang='lat' dir='ltr'>et</span> <span class='ocrx_word' id='word_1_232' title='bbox 1329 2610 1435 2678; x_wconf 81' lang='lat' dir='ltr'>fucata,</span> <span class='ocrx_word' id='word_1_233' title='bbox 1464 2610 1493 2665; x_wconf 92' lang='lat' dir='ltr'>id</span> <span class='ocrx_word' id='word_1_234' title='bbox 1517 2619 1562 2665; x_wconf 89' lang='lat' dir='ltr'>cst</span> <span class='ocrx_word' id='word_1_235' title='bbox 1587 2610 1708 2680; x_wconf 86' lang='lat' dir='ltr'>quodam</span> <span class='ocrx_word' id='word_1_236' title='bbox 1732 2609 1797 2664; x_wconf 81' lang='lat' dir='ltr'>fuco</span> <span class='ocrx_word' id='word_1_237' title='bbox 1821 2610 1864 2663; x_wconf 91' lang='lat' dir='ltr'>in-</span> 
     </span>
     <span class='ocr_line' id='line_1_20' title="bbox 204 2715 1865 2789; baseline -0.002 -18"><span class='ocrx_word' id='word_1_238' title='bbox 204 2716 268 2784; x_wconf 85' lang='lat' dir='ltr'>lita,</span> <span class='ocrx_word' id='word_1_239' title='bbox 298 2716 368 2771; x_wconf 87' lang='lat' dir='ltr'>nihil</span> <span class='ocrx_word' id='word_1_240' title='bbox 396 2716 465 2772; x_wconf 89' lang='lat' dir='ltr'>fidei</span> <span class='ocrx_word' id='word_1_241' title='bbox 496 2724 527 2772; x_wconf 89' lang='lat' dir='ltr'>et</span> <span class='ocrx_word' id='word_1_242' title='bbox 549 2716 680 2772; x_wconf 84' lang='lat' dir='ltr'>veritatis</span> <span class='ocrx_word' id='word_1_243' title='bbox 702 2716 850 2772; x_wconf 86' lang='lat' dir='ltr'>habentia.</span> <span class='ocrx_word' id='word_1_244' title='bbox 897 2715 982 2772; x_wconf 87' lang='lat' dir='ltr'>Unde</span> <span class='ocrx_word' id='word_1_245' title='bbox 1015 2724 1043 2771; x_wconf 90' lang='lat' dir='ltr'>et</span> <span class='ocrx_word' id='word_1_246' title='bbox 1068 2725 1134 2771; x_wconf 90' lang='lat' dir='ltr'>sunt</span> <span class='ocrx_word' id='word_1_247' title='bbox 1158 2717 1298 2787; x_wconf 85' lang='lat' dir='ltr'>quaedam</span> <span class='ocrx_word' id='word_1_248' title='bbox 1321 2717 1462 2789; x_wconf 79' lang='lat' dir='ltr'>picturae,</span> <span class='ocrx_word' id='word_1_249' title='bbox 1494 2734 1567 2788; x_wconf 89' lang='lat' dir='ltr'>quae</span> <span class='ocrx_word' id='word_1_250' title='bbox 1594 2732 1712 2788; x_wconf 90' lang='lat' dir='ltr'>corpora</span> <span class='ocrx_word' id='word_1_251' title='bbox 1735 2716 1865 2772; x_wconf 82' lang='lat' dir='ltr'>veritatis</span> 
     </span>
    </p>

    <p class='ocr_par' dir='ltr' id='par_1_6' title="bbox 160 2822 1658 2896">
     <span class='ocr_line' id='line_1_21' title="bbox 160 2822 1658 2896; baseline 0 -18"><span class='ocrx_word' id='word_1_252' title='bbox 160 2838 188 2878; x_wconf 83' lang='lat' dir='ltr'>ro</span> <span class='ocrx_word' id='word_1_253' title='bbox 205 2824 301 2879; x_wconf 89' lang='lat' dir='ltr'>studio</span> <span class='ocrx_word' id='word_1_254' title='bbox 325 2823 424 2879; x_wconf 90' lang='lat' dir='ltr'>coloris</span> <span class='ocrx_word' id='word_1_255' title='bbox 449 2824 592 2880; x_wconf 86' lang='lat' dir='ltr'>excedunt</span> <span class='ocrx_word' id='word_1_256' title='bbox 617 2832 647 2879; x_wconf 88' lang='lat' dir='ltr'>et</span> <span class='ocrx_word' id='word_1_257' title='bbox 670 2822 766 2891; x_wconf 83' lang='lat' dir='ltr'>fldem,</span> <span class='ocrx_word' id='word_1_258' title='bbox 791 2824 857 2878; x_wconf 88' lang='lat' dir='ltr'>dum</span> <span class='ocrx_word' id='word_1_259' title='bbox 881 2841 988 2895; x_wconf 85' lang='lat' dir='ltr'>augere</span> <span class='ocrx_word' id='word_1_260' title='bbox 1012 2824 1201 2891; x_wconf 88' lang='lat' dir='ltr'>contendunt,</span> <span class='ocrx_word' id='word_1_261' title='bbox 1225 2825 1262 2878; x_wconf 86' lang='lat' dir='ltr'>ud</span> <span class='ocrx_word' id='word_1_262' title='bbox 1285 2823 1463 2880; x_wconf 87' lang='lat' dir='ltr'>mendacium</span> <span class='ocrx_word' id='word_1_263' title='bbox 1486 2824 1658 2896; x_wconf 85' lang='lat' dir='ltr'>provehunt.</span> 
     </span>
    </p>
   </div>
   <div class='ocr_carea' id='block_1_6' title="bbox 175 2937 1863 3234">
    <p class='ocr_par' dir='ltr' id='par_1_7' title="bbox 175 2937 1863 3234">
     <span class='ocr_line' id='line_1_22' title="bbox 312 2937 1863 3025; baseline 0 -23"><span class='ocrx_word' id='word_1_264' title='bbox 312 2937 422 3003; x_wconf 83' lang='lat' dir='ltr'><strong>XXV.</strong></span> <span class='ocrx_word' id='word_1_265' title='bbox 458 2938 540 3002; x_wconf 80' lang='lat' dir='ltr'>Item</span> <span class='ocrx_word' id='word_1_266' title='bbox 565 2939 636 3025; x_wconf 81' lang='lat' dir='ltr'>ipse</span> <span class='ocrx_word' id='word_1_267' title='bbox 659 2948 733 3025; x_wconf 80' lang='lat' dir='ltr'>post</span> <span class='ocrx_word' id='word_1_268' title='bbox 755 2961 877 3025; x_wconf 79' lang='lat' dir='ltr'>pauca:</span> <span class='ocrx_word' id='word_1_269' title='bbox 901 2944 1068 3003; x_wconf 71' lang='lat' dir='ltr'>Picturam⁴</span> <span class='ocrx_word' id='word_1_270' title='bbox 1084 2955 1181 3003; x_wconf 88' lang='lat' dir='ltr'>autem</span> <span class='ocrx_word' id='word_1_271' title='bbox 1196 2948 1335 3020; x_wconf 80' lang='lat' dir='ltr'>Aegyptii</span> <span class='ocrx_word' id='word_1_272' title='bbox 1353 2949 1587 3021; x_wconf 83' lang='lat' dir='ltr'>excogitaverunt</span> <span class='ocrx_word' id='word_1_273' title='bbox 1602 2949 1721 3020; x_wconf 89' lang='lat' dir='ltr'>primum</span> <span class='ocrx_word' id='word_1_274' title='bbox 1737 2950 1863 3003; x_wconf 87' lang='lat' dir='ltr'>umbmm</span> 
     </span>
     <span class='ocr_line' id='line_1_23' title="bbox 205 3054 1862 3127; baseline -0.001 -16"><span class='ocrx_word' id='word_1_275' title='bbox 205 3055 324 3111; x_wconf 89' lang='lat' dir='ltr'>hominis</span> <span class='ocrx_word' id='word_1_276' title='bbox 346 3055 429 3110; x_wconf 86' lang='lat' dir='ltr'>lineis</span> <span class='ocrx_word' id='word_1_277' title='bbox 453 3056 689 3124; x_wconf 70' lang='lat' dir='ltr'>circumductam,</span> <span class='ocrx_word' id='word_1_278' title='bbox 714 3056 811 3126; x_wconf 87' lang='lat' dir='ltr'>itaque</span> <span class='ocrx_word' id='word_1_279' title='bbox 836 3055 916 3110; x_wconf 90' lang='lat' dir='ltr'>initio</span> <span class='ocrx_word' id='word_1_280' title='bbox 939 3054 1015 3121; x_wconf 90' lang='lat' dir='ltr'>talis,</span> <span class='ocrx_word' id='word_1_281' title='bbox 1039 3056 1166 3111; x_wconf 85' lang='lat' dir='ltr'>secunda</span> <span class='ocrx_word' id='word_1_282' title='bbox 1187 3055 1306 3126; x_wconf 89' lang='lat' dir='ltr'>singulis</span> <span class='ocrx_word' id='word_1_283' title='bbox 1330 3055 1481 3123; x_wconf 87' lang='lat' dir='ltr'>coloribus,</span> <span class='ocrx_word' id='word_1_284' title='bbox 1503 3064 1606 3127; x_wconf 88' lang='lat' dir='ltr'>postea</span> <span class='ocrx_word' id='word_1_285' title='bbox 1629 3055 1748 3112; x_wconf 87' lang='lat' dir='ltr'>diversis</span> <span class='ocrx_word' id='word_1_286' title='bbox 1764 3055 1862 3127; x_wconf 86' lang='lat' dir='ltr'>sicque</span> 
     </span>
     <span class='ocr_line' id='line_1_24' title="bbox 175 3161 1862 3234; baseline -0.001 -17"><span class='ocrx_word' id='word_1_287' title='bbox 175 3219 179 3228; x_wconf 66' lang='grc'>,</span> <span class='ocrx_word' id='word_1_288' title='bbox 205 3162 342 3234; x_wconf 87' lang='lat' dir='ltr'>paulatim</span> <span class='ocrx_word' id='word_1_289' title='bbox 365 3179 429 3218; x_wconf 84' lang='lat' dir='ltr'>sese</span> <span class='ocrx_word' id='word_1_290' title='bbox 453 3179 498 3216; x_wconf 90' lang='lat' dir='ltr'>ars</span> <span class='ocrx_word' id='word_1_291' title='bbox 521 3162 584 3233; x_wconf 86' lang='lat' dir='ltr'>ipsa</span> <span class='ocrx_word' id='word_1_292' title='bbox 606 3161 746 3218; x_wconf 75' lang='lat' dir='ltr'>distendit</span> <span class='ocrx_word' id='word_1_293' title='bbox 770 3171 800 3218; x_wconf 87' lang='lat' dir='ltr'>et</span> <span class='ocrx_word' id='word_1_294' title='bbox 823 3162 933 3218; x_wconf 82' lang='lat' dir='ltr'>invenit</span> <span class='ocrx_word' id='word_1_295' title='bbox 955 3161 1052 3217; x_wconf 88' lang='lat' dir='ltr'>lumen</span> <span class='ocrx_word' id='word_1_296' title='bbox 1075 3169 1163 3233; x_wconf 85' lang='lat' dir='ltr'>atque</span> <span class='ocrx_word' id='word_1_297' title='bbox 1187 3162 1310 3228; x_wconf 86' lang='lat' dir='ltr'>umbras,</span> <span class='ocrx_word' id='word_1_298' title='bbox 1334 3162 1512 3218; x_wconf 81' lang='lat' dir='ltr'>differentias</span> <span class='ocrx_word' id='word_1_299' title='bbox 1535 3162 1658 3218; x_wconf 88' lang='lat' dir='ltr'>colomm</span> <span class='ocrx_word' id='word_1_300' title='bbox 1686 3163 1719 3218; x_wconf 84' lang='lat' dir='ltr'>ot</span> <span class='ocrx_word' id='word_1_301' title='bbox 1742 3165 1862 3217; x_wconf 82' lang='lat' dir='ltr'>cetera.</span> 
     </span>
    </p>
   </div>
   <div class='ocr_carea' id='block_1_7' title="bbox 160 3275 2034 4105">
    <p class='ocr_par' dir='ltr' id='par_1_8' title="bbox 313 3275 2034 3365">
     <span class='ocr_line' id='line_1_25' title="bbox 313 3275 2034 3365; baseline 0 -24"><span class='ocrx_word' id='word_1_302' title='bbox 313 3275 440 3341; x_wconf 89' lang='lat' dir='ltr'><strong>XXVI.</strong></span> <span class='ocrx_word' id='word_1_303' title='bbox 479 3276 563 3342; x_wconf 83' lang='lat' dir='ltr'>Item</span> <span class='ocrx_word' id='word_1_304' title='bbox 585 3275 797 3341; x_wconf 89' lang='lat' dir='ltr'>Hieronimus</span> <span class='ocrx_word' id='word_1_305' title='bbox 827 3276 860 3342; x_wconf 87' lang='lat' dir='ltr'>in</span> <span class='ocrx_word' id='word_1_306' title='bbox 891 3277 1096 3364; x_wconf 81' lang='lat' dir='ltr'>expositione</span> <span class='ocrx_word' id='word_1_307' title='bbox 1126 3276 1334 3342; x_wconf 83' lang='lat' dir='ltr'>Ezechihelis</span> <span class='ocrx_word' id='word_1_308' title='bbox 1364 3277 1560 3365; x_wconf 85' lang='lat' dir='ltr'>prophetae:</span> <span class='ocrx_word' id='word_1_309' title='bbox 1594 3282 1655 3343; x_wconf 75' lang='lat' dir='ltr'>Et⁵</span> <span class='ocrx_word' id='word_1_310' title='bbox 1684 3287 1863 3363; x_wconf 77' lang='lat' dir='ltr'>aepmapiata</span> <span class='ocrx_word' id='word_1_311' title='bbox 1882 3303 2034 3352; x_wconf 64' lang='lat' dir='ltr'>saeuam.</span> 
     </span>
    </p>

    <p class='ocr_par' dir='ltr' id='par_1_9' title="bbox 160 3391 1865 3472">
     <span class='ocr_line' id='line_1_26' title="bbox 160 3391 1865 3472; baseline -0.002 -21"><span class='ocrx_word' id='word_1_312' title='bbox 160 3411 188 3452; x_wconf 79' lang='lat' dir='ltr'>st</span> <span class='ocrx_word' id='word_1_313' title='bbox 206 3392 262 3449; x_wconf 83' lang='lat' dir='ltr'>oiri</span> <span class='ocrx_word' id='word_1_314' title='bbox 283 3394 318 3448; x_wconf 84' lang='lat' dir='ltr'>de</span> <span class='ocrx_word' id='word_1_315' title='bbox 339 3391 495 3449; x_wconf 65' lang='lat' dir='ltr'>senioribus</span> <span class='ocrx_word' id='word_1_316' title='bbox 518 3392 616 3449; x_wconf 69' lang='grc' dir='ltr'>ᾶονηιιε</span> <span class='ocrx_word' id='word_1_317' title='bbox 638 3391 752 3450; x_wconf 78' lang='lat' dir='ltr'>Israhel</span> <span class='ocrx_word' id='word_1_318' title='bbox 774 3400 799 3448; x_wconf 81' lang='lat' dir='ltr'>et</span> <span class='ocrx_word' id='word_1_319' title='bbox 821 3391 971 3450; x_wconf 70' lang='lat' dir='ltr'>lechom&#39;m</span> <span class='ocrx_word' id='word_1_320' title='bbox 986 3392 1068 3472; x_wconf 77' lang='lat' dir='ltr'>filius</span> <span class='ocrx_word' id='word_1_321' title='bbox 1092 3391 1214 3468; x_wconf 73' lang='lat' dir='ltr'>saphan</span> <span class='ocrx_word' id='word_1_322' title='bbox 1237 3392 1331 3450; x_wconf 73' lang='lat' dir='ltr'>stabat</span> <span class='ocrx_word' id='word_1_323' title='bbox 1353 3392 1382 3450; x_wconf 82' lang='lat' dir='ltr'>in</span> <span class='ocrx_word' id='word_1_324' title='bbox 1407 3393 1496 3450; x_wconf 85' lang='lat' dir='ltr'>medio</span> <span class='ocrx_word' id='word_1_325' title='bbox 1520 3413 1614 3450; x_wconf 83' lang='lat' dir='ltr'>eorum</span> <span class='ocrx_word' id='word_1_326' title='bbox 1642 3393 1774 3451; x_wconf 74' lang='lat' dir='ltr'>stantiam</span> <span class='ocrx_word' id='word_1_327' title='bbox 1798 3401 1865 3449; x_wconf 86' lang='lat' dir='ltr'>ante</span> 
     </span>
    </p>

    <p class='ocr_par' dir='ltr' id='par_1_10' title="bbox 201 3497 1864 3576">
     <span class='ocr_line' id='line_1_27' title="bbox 201 3497 1864 3576; baseline 0 -21"><span class='ocrx_word' id='word_1_328' title='bbox 201 3498 342 3575; x_wconf 71' lang='lat' dir='ltr'>pictonas,</span> <span class='ocrx_word' id='word_1_329' title='bbox 367 3507 394 3556; x_wconf 85' lang='lat' dir='ltr'>et</span> <span class='ocrx_word' id='word_1_330' title='bbox 414 3497 603 3574; x_wconf 59' lang='lat' dir='ltr'>undequaque</span> <span class='ocrx_word' id='word_1_331' title='bbox 626 3497 745 3556; x_wconf 74' lang='lat' dir='ltr'>habebut</span> <span class='ocrx_word' id='word_1_332' title='bbox 767 3498 917 3556; x_wconf 78' lang='lat' dir='ltr'>turibulum</span> <span class='ocrx_word' id='word_1_333' title='bbox 940 3498 969 3555; x_wconf 81' lang='lat' dir='ltr'>in</span> <span class='ocrx_word' id='word_1_334' title='bbox 993 3518 1080 3556; x_wconf 83' lang='lat' dir='ltr'>manu</span> <span class='ocrx_word' id='word_1_335' title='bbox 1106 3519 1169 3570; x_wconf 82' lang='lat' dir='ltr'>sua,</span> <span class='ocrx_word' id='word_1_336' title='bbox 1201 3508 1228 3556; x_wconf 88' lang='lat' dir='ltr'>et</span> <span class='ocrx_word' id='word_1_337' title='bbox 1256 3519 1349 3575; x_wconf 80' lang='lat' dir='ltr'>uapor</span> <span class='ocrx_word' id='word_1_338' title='bbox 1378 3499 1495 3557; x_wconf 77' lang='lat' dir='ltr'>nebulae</span> <span class='ocrx_word' id='word_1_339' title='bbox 1525 3501 1560 3558; x_wconf 86' lang='lat' dir='ltr'>de</span> <span class='ocrx_word' id='word_1_340' title='bbox 1586 3509 1648 3557; x_wconf 84' lang='lat' dir='ltr'>ture</span> <span class='ocrx_word' id='word_1_341' title='bbox 1671 3499 1864 3576; x_wconf 67' lang='lat' dir='ltr'>consurgebat.</span> 
     </span>
    </p>

    <p class='ocr_par' dir='ltr' id='par_1_11' title="bbox 207 3605 1865 3681">
     <span class='ocr_line' id='line_1_28' title="bbox 207 3605 1865 3681; baseline -0.001 -20"><span class='ocrx_word' id='word_1_342' title='bbox 207 3605 328 3671; x_wconf 85' lang='lat' dir='ltr'>Quando</span> <span class='ocrx_word' id='word_1_343' title='bbox 352 3606 421 3661; x_wconf 85' lang='lat' dir='ltr'>dicit</span> <span class='ocrx_word' id='word_1_344' title='bbox 444 3606 629 3678; x_wconf 77' lang='lat' dir='ltr'>septuaginta</span> <span class='ocrx_word' id='word_1_345' title='bbox 651 3606 725 3661; x_wconf 84' lang='lat' dir='ltr'>viros</span> <span class='ocrx_word' id='word_1_346' title='bbox 748 3606 836 3662; x_wconf 87' lang='lat' dir='ltr'>fuisse</span> <span class='ocrx_word' id='word_1_347' title='bbox 861 3608 897 3662; x_wconf 86' lang='lat' dir='ltr'>de</span> <span class='ocrx_word' id='word_1_348' title='bbox 922 3606 1080 3662; x_wconf 87' lang='lat' dir='ltr'>senioribus</span> <span class='ocrx_word' id='word_1_349' title='bbox 1104 3607 1203 3662; x_wconf 89' lang='lat' dir='ltr'>domus</span> <span class='ocrx_word' id='word_1_350' title='bbox 1218 3607 1340 3675; x_wconf 86' lang='lat' dir='ltr'>Israhel,</span> <span class='ocrx_word' id='word_1_351' title='bbox 1363 3609 1413 3681; x_wconf 88' lang='lat' dir='ltr'>qui</span> <span class='ocrx_word' id='word_1_352' title='bbox 1435 3614 1570 3665; x_wconf 84' lang='lat' dir='ltr'>tenerent</span> <span class='ocrx_word' id='word_1_353' title='bbox 1586 3608 1712 3663; x_wconf 90' lang='lat' dir='ltr'>turibula</span> <span class='ocrx_word' id='word_1_354' title='bbox 1725 3608 1865 3674; x_wconf 79' lang='lat' dir='ltr'>manibus,</span> 
     </span>
    </p>

    <p class='ocr_par' dir='ltr' id='par_1_12' title="bbox 206 3712 1866 3787">
     <span class='ocr_line' id='line_1_29' title="bbox 206 3712 1866 3787; baseline -0.001 -18"><span class='ocrx_word' id='word_1_355' title='bbox 206 3714 334 3769; x_wconf 86' lang='lat' dir='ltr'>ostendit</span> <span class='ocrx_word' id='word_1_356' title='bbox 363 3712 466 3767; x_wconf 89' lang='lat' dir='ltr'>multos</span> <span class='ocrx_word' id='word_1_357' title='bbox 498 3721 528 3767; x_wconf 88' lang='lat' dir='ltr'>et</span> <span class='ocrx_word' id='word_1_358' title='bbox 559 3712 628 3768; x_wconf 89' lang='lat' dir='ltr'>ulios</span> <span class='ocrx_word' id='word_1_359' title='bbox 658 3713 746 3770; x_wconf 88' lang='lat' dir='ltr'>fuisse</span> <span class='ocrx_word' id='word_1_360' title='bbox 776 3713 972 3786; x_wconf 85' lang='lat' dir='ltr'>presbyteros,</span> <span class='ocrx_word' id='word_1_361' title='bbox 1005 3714 1053 3785; x_wconf 90' lang='lat' dir='ltr'>qui</span> <span class='ocrx_word' id='word_1_362' title='bbox 1083 3713 1136 3769; x_wconf 89' lang='lat' dir='ltr'>hoc</span> <span class='ocrx_word' id='word_1_363' title='bbox 1166 3733 1222 3770; x_wconf 92' lang='lat' dir='ltr'>non</span> <span class='ocrx_word' id='word_1_364' title='bbox 1246 3715 1401 3783; x_wconf 83' lang='lat' dir='ltr'>faciebant,</span> <span class='ocrx_word' id='word_1_365' title='bbox 1431 3717 1483 3771; x_wconf 88' lang='lat' dir='ltr'>sed</span> <span class='ocrx_word' id='word_1_366' title='bbox 1513 3716 1631 3771; x_wconf 87' lang='lat' dir='ltr'>forsitan</span> <span class='ocrx_word' id='word_1_367' title='bbox 1655 3715 1780 3787; x_wconf 85' lang='lat' dir='ltr'>peccatis</span> <span class='ocrx_word' id='word_1_368' title='bbox 1804 3714 1866 3769; x_wconf 86' lang='lat' dir='ltr'>aliis</span> 
     </span>
    </p>

    <p class='ocr_par' dir='ltr' id='par_1_13' title="bbox 161 3818 1867 4000">
     <span class='ocr_line' id='line_1_30' title="bbox 207 3818 1866 3894; baseline 0.001 -19"><span class='ocrx_word' id='word_1_369' title='bbox 207 3820 392 3888; x_wconf 87' lang='lat' dir='ltr'>tenebantur,</span> <span class='ocrx_word' id='word_1_370' title='bbox 422 3837 567 3892; x_wconf 85' lang='lat' dir='ltr'>unumque</span> <span class='ocrx_word' id='word_1_371' title='bbox 598 3836 701 3875; x_wconf 90' lang='lat' dir='ltr'>nomen</span> <span class='ocrx_word' id='word_1_372' title='bbox 731 3819 892 3875; x_wconf 83' lang='lat' dir='ltr'>lechoniam</span> <span class='ocrx_word' id='word_1_373' title='bbox 923 3818 1010 3875; x_wconf 85' lang='lat' dir='ltr'>filium</span> <span class='ocrx_word' id='word_1_374' title='bbox 1035 3819 1150 3893; x_wconf 88' lang='lat' dir='ltr'>Saphan</span> <span class='ocrx_word' id='word_1_375' title='bbox 1176 3822 1293 3877; x_wconf 88' lang='lat' dir='ltr'>stetisse</span> <span class='ocrx_word' id='word_1_376' title='bbox 1317 3823 1345 3876; x_wconf 90' lang='lat' dir='ltr'>in</span> <span class='ocrx_word' id='word_1_377' title='bbox 1368 3823 1461 3878; x_wconf 90' lang='lat' dir='ltr'>medio</span> <span class='ocrx_word' id='word_1_378' title='bbox 1486 3839 1581 3878; x_wconf 91' lang='lat' dir='ltr'>eorum</span> <span class='ocrx_word' id='word_1_379' title='bbox 1605 3823 1685 3893; x_wconf 88' lang='lat' dir='ltr'>quasi</span> <span class='ocrx_word' id='word_1_380' title='bbox 1708 3822 1866 3894; x_wconf 87' lang='lat' dir='ltr'>principem</span> 
     </span>
     <span class='ocr_line' id='line_1_31' title="bbox 161 3925 1867 4000; baseline 0.002 -21"><span class='ocrx_word' id='word_1_381' title='bbox 161 3947 190 3986; x_wconf 74' lang='lat' dir='ltr'>so</span> <span class='ocrx_word' id='word_1_382' title='bbox 208 3926 326 3982; x_wconf 87' lang='lat' dir='ltr'>sceleris</span> <span class='ocrx_word' id='word_1_383' title='bbox 350 3944 445 3982; x_wconf 88' lang='lat' dir='ltr'>eorum</span> <span class='ocrx_word' id='word_1_384' title='bbox 469 3932 558 3997; x_wconf 88' lang='lat' dir='ltr'>atque</span> <span class='ocrx_word' id='word_1_385' title='bbox 582 3925 733 3998; x_wconf 86' lang='lat' dir='ltr'>sacrilegii,</span> <span class='ocrx_word' id='word_1_386' title='bbox 758 3926 807 3997; x_wconf 88' lang='lat' dir='ltr'>qui</span> <span class='ocrx_word' id='word_1_387' title='bbox 829 3927 932 3982; x_wconf 89' lang='lat' dir='ltr'>omissa</span> <span class='ocrx_word' id='word_1_388' title='bbox 954 3927 1092 3999; x_wconf 80' lang='lat' dir='ltr'>religIone</span> <span class='ocrx_word' id='word_1_389' title='bbox 1113 3927 1168 3982; x_wconf 90' lang='lat' dir='ltr'>Dei</span> <span class='ocrx_word' id='word_1_390' title='bbox 1192 3926 1327 3984; x_wconf 84' lang='lat' dir='ltr'>colebant</span> <span class='ocrx_word' id='word_1_391' title='bbox 1350 3928 1426 3984; x_wconf 86' lang='lat' dir='ltr'>idola</span> <span class='ocrx_word' id='word_1_392' title='bbox 1449 3937 1479 3984; x_wconf 94' lang='lat' dir='ltr'>et</span> <span class='ocrx_word' id='word_1_393' title='bbox 1503 3929 1530 3983; x_wconf 90' lang='lat' dir='ltr'>in</span> <span class='ocrx_word' id='word_1_394' title='bbox 1556 3928 1662 4000; x_wconf 91' lang='lat' dir='ltr'>templo</span> <span class='ocrx_word' id='word_1_395' title='bbox 1686 3947 1742 3984; x_wconf 92' lang='lat' dir='ltr'>non</span> <span class='ocrx_word' id='word_1_396' title='bbox 1765 3930 1867 3984; x_wconf 89' lang='lat' dir='ltr'>adora·</span> 
     </span>
    </p>

    <p class='ocr_par' dir='ltr' id='par_1_14' title="bbox 207 4032 1163 4105">
     <span class='ocr_line' id='line_1_32' title="bbox 207 4032 1163 4105; baseline 0 -17"><span class='ocrx_word' id='word_1_397' title='bbox 207 4034 278 4088; x_wconf 90' lang='lat' dir='ltr'>bant</span> <span class='ocrx_word' id='word_1_398' title='bbox 300 4034 404 4101; x_wconf 89' lang='lat' dir='ltr'>Deum,</span> <span class='ocrx_word' id='word_1_399' title='bbox 428 4034 508 4088; x_wconf 89' lang='lat' dir='ltr'>cuius</span> <span class='ocrx_word' id='word_1_400' title='bbox 532 4039 594 4088; x_wconf 90' lang='lat' dir='ltr'>erat</span> <span class='ocrx_word' id='word_1_401' title='bbox 617 4032 765 4104; x_wconf 87' lang='lat' dir='ltr'>templum,</span> <span class='ocrx_word' id='word_1_402' title='bbox 789 4034 841 4089; x_wconf 91' lang='lat' dir='ltr'>sed</span> <span class='ocrx_word' id='word_1_403' title='bbox 863 4033 988 4105; x_wconf 89' lang='lat' dir='ltr'>picturas</span> <span class='ocrx_word' id='word_1_404' title='bbox 1011 4033 1163 4104; x_wconf 84' lang='lat' dir='ltr'>parietum.</span> 
     </span>
    </p>
   </div>
   <div class='ocr_carea' id='block_1_8' title="bbox 166 4147 1872 4657">
    <p class='ocr_par' dir='ltr' id='par_1_15' title="bbox 210 4147 1871 4445">
     <span class='ocr_line' id='line_1_33' title="bbox 316 4147 1867 4237; baseline 0.001 -25"><span class='ocrx_word' id='word_1_405' title='bbox 316 4148 461 4213; x_wconf 90' lang='lat' dir='ltr'><strong>XXVII.</strong></span> <span class='ocrx_word' id='word_1_406' title='bbox 496 4148 682 4212; x_wconf 81' lang='lat' dir='ltr'>Firmianus</span> <span class='ocrx_word' id='word_1_407' title='bbox 698 4147 890 4213; x_wconf 89' lang='lat' dir='ltr'>Lactantius</span> <span class='ocrx_word' id='word_1_408' title='bbox 906 4149 939 4213; x_wconf 92' lang='lat' dir='ltr'>in</span> <span class='ocrx_word' id='word_1_409' title='bbox 958 4147 1042 4213; x_wconf 92' lang='lat' dir='ltr'>libro</span> <span class='ocrx_word' id='word_1_410' title='bbox 1065 4150 1171 4235; x_wconf 89' lang='lat' dir='ltr'>primo</span> <span class='ocrx_word' id='word_1_411' title='bbox 1188 4147 1229 4213; x_wconf 91' lang='lat' dir='ltr'>de</span> <span class='ocrx_word' id='word_1_412' title='bbox 1247 4148 1330 4213; x_wconf 80' lang='lat' dir='ltr'>falsa</span> <span class='ocrx_word' id='word_1_413' title='bbox 1344 4149 1502 4236; x_wconf 87' lang='lat' dir='ltr'>religione</span> <span class='ocrx_word' id='word_1_414' title='bbox 1519 4151 1606 4215; x_wconf 86' lang='lat' dir='ltr'>inter</span> <span class='ocrx_word' id='word_1_415' title='bbox 1621 4160 1730 4216; x_wconf 86' lang='lat' dir='ltr'>cetera</span> <span class='ocrx_word' id='word_1_416' title='bbox 1747 4151 1867 4237; x_wconf 88' lang='lat' dir='ltr'>inquit:</span> 
     </span>
     <span class='ocr_line' id='line_1_34' title="bbox 210 4259 1871 4337; baseline 0.001 -17"><span class='ocrx_word' id='word_1_417' title='bbox 210 4259 295 4333; x_wconf 68' lang='lat' dir='ltr'>llla‘,</span> <span class='ocrx_word' id='word_1_418' title='bbox 320 4283 393 4336; x_wconf 89' lang='lat' dir='ltr'>quae</span> <span class='ocrx_word' id='word_1_419' title='bbox 418 4274 484 4319; x_wconf 91' lang='lat' dir='ltr'>sunt</span> <span class='ocrx_word' id='word_1_420' title='bbox 508 4272 589 4320; x_wconf 83' lang='lat' dir='ltr'>extra</span> <span class='ocrx_word' id='word_1_421' title='bbox 611 4263 761 4332; x_wconf 89' lang='lat' dir='ltr'>hominem,</span> <span class='ocrx_word' id='word_1_422' title='bbox 792 4264 861 4336; x_wconf 85' lang='lat' dir='ltr'>quid</span> <span class='ocrx_word' id='word_1_423' title='bbox 884 4283 956 4336; x_wconf 88' lang='lat' dir='ltr'>opus</span> <span class='ocrx_word' id='word_1_424' title='bbox 981 4272 1024 4319; x_wconf 89' lang='lat' dir='ltr'>est</span> <span class='ocrx_word' id='word_1_425' title='bbox 1049 4282 1085 4320; x_wconf 87' lang='lat' dir='ltr'>ea</span> <span class='ocrx_word' id='word_1_426' title='bbox 1107 4265 1213 4332; x_wconf 87' lang='lat' dir='ltr'>colere,</span> <span class='ocrx_word' id='word_1_427' title='bbox 1245 4266 1348 4337; x_wconf 89' lang='lat' dir='ltr'>quibus</span> <span class='ocrx_word' id='word_1_428' title='bbox 1371 4267 1491 4322; x_wconf 79' lang='lat' dir='ltr'>careas?</span> <span class='ocrx_word' id='word_1_429' title='bbox 1530 4267 1628 4322; x_wconf 88' lang='lat' dir='ltr'>Virtus</span> <span class='ocrx_word' id='word_1_430' title='bbox 1653 4268 1726 4322; x_wconf 89' lang='lat' dir='ltr'>enim</span> <span class='ocrx_word' id='word_1_431' title='bbox 1750 4266 1871 4322; x_wconf 87' lang='lat' dir='ltr'>colenda</span> 
     </span>
     <span class='ocr_line' id='line_1_35' title="bbox 212 4370 1870 4445; baseline 0.001 -17"><span class='ocrx_word' id='word_1_432' title='bbox 212 4379 268 4439; x_wconf 86' lang='lat' dir='ltr'>ost,</span> <span class='ocrx_word' id='word_1_433' title='bbox 295 4389 352 4427; x_wconf 91' lang='lat' dir='ltr'>non</span> <span class='ocrx_word' id='word_1_434' title='bbox 375 4371 466 4443; x_wconf 87' lang='lat' dir='ltr'>imago</span> <span class='ocrx_word' id='word_1_435' title='bbox 490 4371 619 4439; x_wconf 76' lang='lat' dir='ltr'>virtutis,</span> <span class='ocrx_word' id='word_1_436' title='bbox 652 4378 682 4425; x_wconf 91' lang='lat' dir='ltr'>et</span> <span class='ocrx_word' id='word_1_437' title='bbox 712 4370 833 4427; x_wconf 88' lang='lat' dir='ltr'>colenda</span> <span class='ocrx_word' id='word_1_438' title='bbox 864 4379 909 4427; x_wconf 89' lang='lat' dir='ltr'>cst</span> <span class='ocrx_word' id='word_1_439' title='bbox 936 4389 993 4425; x_wconf 91' lang='lat' dir='ltr'>non</span> <span class='ocrx_word' id='word_1_440' title='bbox 1023 4371 1160 4427; x_wconf 88' lang='lat' dir='ltr'>sacrificio</span> <span class='ocrx_word' id='word_1_441' title='bbox 1188 4372 1283 4443; x_wconf 89' lang='lat' dir='ltr'>aliquo</span> <span class='ocrx_word' id='word_1_442' title='bbox 1306 4381 1356 4428; x_wconf 90' lang='lat' dir='ltr'>aut</span> <span class='ocrx_word' id='word_1_443' title='bbox 1379 4381 1443 4429; x_wconf 89' lang='lat' dir='ltr'>turc</span> <span class='ocrx_word' id='word_1_444' title='bbox 1468 4380 1518 4428; x_wconf 90' lang='lat' dir='ltr'>aut</span> <span class='ocrx_word' id='word_1_445' title='bbox 1541 4375 1706 4445; x_wconf 90' lang='lat' dir='ltr'>precatione</span> <span class='ocrx_word' id='word_1_446' title='bbox 1730 4372 1870 4432; x_wconf 86' lang='lat' dir='ltr'>sollemni.</span> 
     </span>
    </p>

    <p class='ocr_par' dir='ltr' id='par_1_16' title="bbox 166 4476 1872 4657">
     <span class='ocr_line' id='line_1_36' title="bbox 166 4476 1872 4550; baseline -0.003 -12"><span class='ocrx_word' id='word_1_447' title='bbox 166 4497 194 4538; x_wconf 78' lang='lat' dir='ltr'>ts</span> <span class='ocrx_word' id='word_1_448' title='bbox 212 4480 265 4535; x_wconf 89' lang='lat' dir='ltr'>sed</span> <span class='ocrx_word' id='word_1_449' title='bbox 288 4476 437 4533; x_wconf 82' lang='lat' dir='ltr'>voluntate</span> <span class='ocrx_word' id='word_1_450' title='bbox 460 4484 521 4534; x_wconf 90' lang='lat' dir='ltr'>sola</span> <span class='ocrx_word' id='word_1_451' title='bbox 543 4485 631 4550; x_wconf 89' lang='lat' dir='ltr'>atque</span> <span class='ocrx_word' id='word_1_452' title='bbox 655 4478 810 4549; x_wconf 88' lang='lat' dir='ltr'>proposito.</span> <span class='ocrx_word' id='word_1_453' title='bbox 852 4477 924 4547; x_wconf 80' lang='lat' dir='ltr'>Nam</span> <span class='ocrx_word' id='word_1_454' title='bbox 951 4476 1052 4550; x_wconf 88' lang='lat' dir='ltr'>religio</span> <span class='ocrx_word' id='word_1_455' title='bbox 1075 4496 1108 4533; x_wconf 86' lang='lat' dir='ltr'>ac</span> <span class='ocrx_word' id='word_1_456' title='bbox 1132 4478 1279 4534; x_wconf 81' lang='lat' dir='ltr'>veneratio</span> <span class='ocrx_word' id='word_1_457' title='bbox 1303 4477 1382 4534; x_wconf 90' lang='lat' dir='ltr'>nulla</span> <span class='ocrx_word' id='word_1_458' title='bbox 1405 4479 1461 4534; x_wconf 88' lang='lat' dir='ltr'>alia</span> <span class='ocrx_word' id='word_1_459' title='bbox 1483 4479 1536 4534; x_wconf 91' lang='lat' dir='ltr'>nisi</span> <span class='ocrx_word' id='word_1_460' title='bbox 1560 4480 1642 4534; x_wconf 87' lang='lat' dir='ltr'>nnius</span> <span class='ocrx_word' id='word_1_461' title='bbox 1667 4480 1722 4535; x_wconf 87' lang='lat' dir='ltr'>Dei</span> <span class='ocrx_word' id='word_1_462' title='bbox 1745 4480 1872 4534; x_wconf 84' lang='lat' dir='ltr'>tenenda</span> 
     </span>
     <span class='ocr_line' id='line_1_37' title="bbox 215 4582 1871 4657; baseline -0.001 -17"><span class='ocrx_word' id='word_1_463' title='bbox 215 4593 270 4640; x_wconf 91' lang='lat' dir='ltr'>est.</span> <span class='ocrx_word' id='word_1_464' title='bbox 315 4582 390 4647; x_wconf 85' lang='lat' dir='ltr'>Quid</span> <span class='ocrx_word' id='word_1_465' title='bbox 413 4585 501 4657; x_wconf 89' lang='lat' dir='ltr'>igitur</span> <span class='ocrx_word' id='word_1_466' title='bbox 522 4603 594 4656; x_wconf 89' lang='lat' dir='ltr'>opus</span> <span class='ocrx_word' id='word_1_467' title='bbox 618 4591 672 4652; x_wconf 89' lang='lat' dir='ltr'>est,</span> <span class='ocrx_word' id='word_1_468' title='bbox 696 4603 713 4639; x_wconf 96' lang='lat' dir='ltr'>o</span> <span class='ocrx_word' id='word_1_469' title='bbox 736 4585 779 4640; x_wconf 83' lang='lat' dir='ltr'>vir</span> <span class='ocrx_word' id='word_1_470' title='bbox 801 4585 1020 4656; x_wconf 85' lang='lat' dir='ltr'>sapientissime,</span> <span class='ocrx_word' id='word_1_471' title='bbox 1045 4591 1140 4640; x_wconf 86' lang='lat' dir='ltr'>tantos</span> <span class='ocrx_word' id='word_1_472' title='bbox 1163 4591 1293 4656; x_wconf 88' lang='lat' dir='ltr'>sumptus</span> <span class='ocrx_word' id='word_1_473' title='bbox 1316 4584 1363 4640; x_wconf 86' lang='lat' dir='ltr'>vel</span> <span class='ocrx_word' id='word_1_474' title='bbox 1386 4583 1528 4657; x_wconf 83' lang='lat' dir='ltr'>fingendis</span> <span class='ocrx_word' id='word_1_475' title='bbox 1552 4591 1597 4640; x_wconf 86' lang='lat' dir='ltr'>vel</span> <span class='ocrx_word' id='word_1_476' title='bbox 1622 4586 1749 4641; x_wconf 87' lang='lat' dir='ltr'>colendis</span> <span class='ocrx_word' id='word_1_477' title='bbox 1772 4586 1871 4654; x_wconf 81' lang='lat' dir='ltr'>imagi·</span> 
     </span>
    </p>
   </div>
   <div class='ocr_carea' id='block_1_9' title="bbox 319 4807 1172 5322">
    <p class='ocr_par' dir='ltr' id='par_1_17' title="bbox 323 4807 881 4877">
     <span class='ocr_line' id='line_1_38' title="bbox 323 4807 881 4877; baseline 0 -15"><span class='ocrx_word' id='word_1_478' title='bbox 323 4812 415 4866; x_wconf 81' lang='lat' dir='ltr'><strong>XXII.</strong></span> <span class='ocrx_word' id='word_1_479' title='bbox 444 4815 459 4863; x_wconf 86' lang='grc'><strong>3</strong></span> <span class='ocrx_word' id='word_1_480' title='bbox 479 4807 589 4877; x_wconf 86' lang='lat' dir='ltr'>Notum]</span> <span class='ocrx_word' id='word_1_481' title='bbox 609 4813 686 4863; x_wconf 85' lang='lat' dir='ltr'>Hiar.</span> <span class='ocrx_word' id='word_1_482' title='bbox 703 4811 733 4862; x_wconf 84' lang='lat' dir='ltr'>iu</span> <span class='ocrx_word' id='word_1_483' title='bbox 750 4829 829 4877; x_wconf 76' lang='lat' dir='ltr'>marg.</span> <span class='ocrx_word' id='word_1_484' title='bbox 850 4810 881 4862; x_wconf 87' lang='lat' dir='ltr'>P.</span> 
     </span>
    </p>

    <p class='ocr_par' dir='ltr' id='par_1_18' title="bbox 324 4895 873 4966">
     <span class='ocr_line' id='line_1_39' title="bbox 324 4895 873 4966; baseline 0 -16"><span class='ocrx_word' id='word_1_485' title='bbox 324 4900 431 4952; x_wconf 85' lang='lat' dir='ltr'><strong>XXIII.</strong></span> <span class='ocrx_word' id='word_1_486' title='bbox 460 4905 476 4951; x_wconf 77' lang='lat' dir='ltr'>a</span> <span class='ocrx_word' id='word_1_487' title='bbox 496 4895 583 4966; x_wconf 87' lang='lat' dir='ltr'>LIoet]</span> <span class='ocrx_word' id='word_1_488' title='bbox 603 4901 679 4966; x_wconf 87' lang='lat' dir='ltr'>Orig.</span> <span class='ocrx_word' id='word_1_489' title='bbox 697 4900 726 4950; x_wconf 80' lang='lat' dir='ltr'>in</span> <span class='ocrx_word' id='word_1_490' title='bbox 744 4918 822 4966; x_wconf 71' lang='lat' dir='ltr'>marg.</span> <span class='ocrx_word' id='word_1_491' title='bbox 843 4899 873 4951; x_wconf 86' lang='lat' dir='ltr'>P.</span> 
     </span>
    </p>

    <p class='ocr_par' dir='ltr' id='par_1_19' title="bbox 320 4983 1005 5055">
     <span class='ocr_line' id='line_1_40' title="bbox 320 4983 1005 5055; baseline 0.001 -16"><span class='ocrx_word' id='word_1_492' title='bbox 320 4989 443 5039; x_wconf 82' lang='lat' dir='ltr'><strong>XXIIII.</strong></span> <span class='ocrx_word' id='word_1_493' title='bbox 473 4992 506 5040; x_wconf 85' lang='grc'>16</span> <span class='ocrx_word' id='word_1_494' title='bbox 525 4985 646 5052; x_wconf 84' lang='lat' dir='ltr'>Pictura}</span> <span class='ocrx_word' id='word_1_495' title='bbox 667 4983 812 5052; x_wconf 75' lang='lat' dir='ltr'>lsid(o)r(i)</span> <span class='ocrx_word' id='word_1_496' title='bbox 828 4989 857 5040; x_wconf 84' lang='lat' dir='ltr'>in</span> <span class='ocrx_word' id='word_1_497' title='bbox 874 5006 954 5055; x_wconf 71' lang='lat' dir='ltr'>marg.</span> <span class='ocrx_word' id='word_1_498' title='bbox 974 4987 1005 5040; x_wconf 87' lang='lat' dir='ltr'>P.</span> 
     </span>
    </p>

    <p class='ocr_par' dir='ltr' id='par_1_20' title="bbox 320 5073 975 5143">
     <span class='ocr_line' id='line_1_41' title="bbox 320 5073 975 5143; baseline -0.003 -14"><span class='ocrx_word' id='word_1_499' title='bbox 320 5079 405 5129; x_wconf 82' lang='lat' dir='ltr'><strong>XXV.</strong></span> <span class='ocrx_word' id='word_1_500' title='bbox 434 5081 466 5129; x_wconf 77' lang='lat'>21</span> <span class='ocrx_word' id='word_1_501' title='bbox 488 5073 636 5143; x_wconf 82' lang='lat' dir='ltr'>Picturnm]</span> <span class='ocrx_word' id='word_1_502' title='bbox 656 5074 778 5142; x_wconf 86' lang='lat' dir='ltr'>Isid(ori)</span> <span class='ocrx_word' id='word_1_503' title='bbox 797 5077 826 5128; x_wconf 84' lang='lat' dir='ltr'>in</span> <span class='ocrx_word' id='word_1_504' title='bbox 843 5095 923 5143; x_wconf 72' lang='lat' dir='ltr'>marg.</span> <span class='ocrx_word' id='word_1_505' title='bbox 943 5077 975 5129; x_wconf 88' lang='lat' dir='ltr'>P.</span> 
     </span>
    </p>

    <p class='ocr_par' dir='ltr' id='par_1_21' title="bbox 319 5162 1172 5322">
     <span class='ocr_line' id='line_1_42' title="bbox 320 5162 1172 5234; baseline -0.001 -15"><span class='ocrx_word' id='word_1_506' title='bbox 320 5169 422 5219; x_wconf 81' lang='lat' dir='ltr'><strong>XXVI.</strong></span> <span class='ocrx_word' id='word_1_507' title='bbox 451 5171 485 5220; x_wconf 78' lang='grc'><strong>21</strong></span> <span class='ocrx_word' id='word_1_508' title='bbox 503 5162 549 5232; x_wconf 83' lang='lat' dir='ltr'>Et]</span> <span class='ocrx_word' id='word_1_509' title='bbox 569 5169 646 5218; x_wconf 87' lang='lat' dir='ltr'>Hier.</span> <span class='ocrx_word' id='word_1_510' title='bbox 664 5168 693 5219; x_wconf 82' lang='lat' dir='ltr'>in</span> <span class='ocrx_word' id='word_1_511' title='bbox 711 5185 789 5234; x_wconf 72' lang='lat' dir='ltr'>marg.</span> <span class='ocrx_word' id='word_1_512' title='bbox 810 5167 841 5218; x_wconf 88' lang='lat' dir='ltr'>P.</span> <span class='ocrx_word' id='word_1_513' title='bbox 915 5170 948 5219; x_wconf 79' lang='lat'>29</span> <span class='ocrx_word' id='word_1_514' title='bbox 968 5168 1121 5220; x_wconf 83' lang='lat' dir='ltr'>lathoniam</span> <span class='ocrx_word' id='word_1_515' title='bbox 1142 5168 1172 5218; x_wconf 90' lang='lat' dir='ltr'>P.</span> 
     </span>
     <span class='ocr_line' id='line_1_43' title="bbox 319 5252 1082 5322; baseline 0 -14"><span class='ocrx_word' id='word_1_516' title='bbox 319 5259 436 5310; x_wconf 83' lang='lat' dir='ltr'><strong>XXVII.</strong></span> <span class='ocrx_word' id='word_1_517' title='bbox 465 5259 499 5309; x_wconf 83' lang='grc'>36</span> <span class='ocrx_word' id='word_1_518' title='bbox 519 5252 581 5322; x_wconf 81' lang='lat' dir='ltr'>Illa]</span> <span class='ocrx_word' id='word_1_519' title='bbox 599 5258 730 5308; x_wconf 81' lang='lat' dir='ltr'>Firmiani</span> <span class='ocrx_word' id='word_1_520' title='bbox 749 5257 886 5308; x_wconf 69' lang='lat' dir='ltr'>hctantii</span> <span class='ocrx_word' id='word_1_521' title='bbox 905 5258 934 5307; x_wconf 81' lang='lat' dir='ltr'>t‘n</span> <span class='ocrx_word' id='word_1_522' title='bbox 951 5275 1031 5322; x_wconf 72' lang='lat' dir='ltr'>usurp.</span> <span class='ocrx_word' id='word_1_523' title='bbox 1050 5257 1082 5308; x_wconf 83' lang='grc' dir='ltr'>Ρ.</span> 
     </span>
    </p>
   </div>
   <div class='ocr_carea' id='block_1_10' title="bbox 165 5473 1880 5981">
    <p class='ocr_par' dir='ltr' id='par_1_22' title="bbox 323 5473 1880 5551">
     <span class='ocr_line' id='line_1_44' title="bbox 323 5473 1880 5551; baseline 0.001 -20"><span class='ocrx_word' id='word_1_524' title='bbox 323 5475 353 5545; x_wconf 90' lang='grc'><strong>1)</strong></span> <span class='ocrx_word' id='word_1_525' title='bbox 378 5476 578 5551; x_wconf 73' lang='lat' dir='ltr'>Hieronymus,</span> <span class='ocrx_word' id='word_1_526' title='bbox 604 5473 756 5534; x_wconf 81' lang='lat' dir='ltr'>Commeat.</span> <span class='ocrx_word' id='word_1_527' title='bbox 780 5474 811 5532; x_wconf 80' lang='lat' dir='ltr'>in</span> <span class='ocrx_word' id='word_1_528' title='bbox 834 5473 985 5532; x_wconf 77' lang='lat' dir='ltr'>Danielen</span> <span class='ocrx_word' id='word_1_529' title='bbox 1009 5494 1032 5531; x_wconf 86' lang='lat' dir='ltr'>c.</span> <span class='ocrx_word' id='word_1_530' title='bbox 1057 5477 1076 5534; x_wconf 89' lang='lat'><strong><em>3</em></strong></span> <span class='ocrx_word' id='word_1_531' title='bbox 1100 5477 1199 5543; x_wconf 79' lang='grc' dir='ltr'><strong>υ.18;</strong></span> <span class='ocrx_word' id='word_1_532' title='bbox 1231 5473 1305 5550; x_wconf 82' lang='lat' dir='ltr'>Opp.</span> <span class='ocrx_word' id='word_1_533' title='bbox 1329 5475 1447 5545; x_wconf 57' lang='lat'>12638.</span> <span class='ocrx_word' id='word_1_534' title='bbox 1489 5473 1538 5546; x_wconf 81' lang='lat' dir='ltr'>Cs.</span> <span class='ocrx_word' id='word_1_535' title='bbox 1565 5474 1645 5531; x_wconf 73' lang='lat' dir='ltr'>tior.</span> <span class='ocrx_word' id='word_1_536' title='bbox 1672 5474 1800 5534; x_wconf 78' lang='lat' dir='ltr'>Corolia.</span> <span class='ocrx_word' id='word_1_537' title='bbox 1827 5475 1880 5532; x_wconf 86' lang='lat'>111</span> 
     </span>
    </p>

    <p class='ocr_par' dir='ltr' id='par_1_23' title="bbox 216 5579 1875 5660">
     <span class='ocr_line' id='line_1_45' title="bbox 216 5579 1875 5660; baseline -0.001 -20"><span class='ocrx_word' id='word_1_538' title='bbox 216 5603 240 5640; x_wconf 87' lang='lat' dir='ltr'>e.</span> <span class='ocrx_word' id='word_1_539' title='bbox 258 5585 305 5643; x_wconf 85' lang='lat'>15.</span> <span class='ocrx_word' id='word_1_540' title='bbox 376 5582 407 5652; x_wconf 79' lang='lat'>2)</span> <span class='ocrx_word' id='word_1_541' title='bbox 433 5581 579 5660; x_wconf 70' lang='lat' dir='ltr'>Origenes,</span> <span class='ocrx_word' id='word_1_542' title='bbox 603 5582 639 5639; x_wconf 86' lang='lat' dir='ltr'>ln</span> <span class='ocrx_word' id='word_1_543' title='bbox 656 5581 756 5640; x_wconf 69' lang='lat' dir='ltr'>Exodi</span> <span class='ocrx_word' id='word_1_544' title='bbox 774 5601 797 5638; x_wconf 87' lang='lat' dir='ltr'>c.</span> <span class='ocrx_word' id='word_1_545' title='bbox 815 5584 862 5640; x_wconf 83' lang='grc'>15.</span> <span class='ocrx_word' id='word_1_546' title='bbox 887 5580 1054 5650; x_wconf 56' lang='lat' dir='ltr'>comitam</span> <span class='ocrx_word' id='word_1_547' title='bbox 1079 5579 1153 5657; x_wconf 83' lang='lat' dir='ltr'>Opp.</span> <span class='ocrx_word' id='word_1_548' title='bbox 1179 5582 1222 5638; x_wconf 87' lang='lat' dir='ltr'>ed.</span> <span class='ocrx_word' id='word_1_549' title='bbox 1243 5580 1379 5638; x_wconf 63' lang='lat' dir='ltr'>Bas-sileae</span> <span class='ocrx_word' id='word_1_550' title='bbox 1402 5583 1489 5651; x_wconf 84' lang='grc'><strong>1536,</strong></span> <span class='ocrx_word' id='word_1_551' title='bbox 1509 5583 1609 5656; x_wconf 67' lang='lat' dir='ltr'>pec.</span> <span class='ocrx_word' id='word_1_552' title='bbox 1682 5581 1712 5650; x_wconf 82' lang='lat'>3)</span> <span class='ocrx_word' id='word_1_553' title='bbox 1738 5581 1875 5652; x_wconf 79' lang='lat' dir='ltr'>Isidorus,</span> 
     </span>
    </p>

    <p class='ocr_par' dir='ltr' id='par_1_24' title="bbox 165 5679 1876 5767">
     <span class='ocr_line' id='line_1_46' title="bbox 165 5679 1876 5767; baseline -0.001 -20"><span class='ocrx_word' id='word_1_554' title='bbox 165 5707 195 5747; x_wconf 76' lang='lat' dir='ltr'>so</span> <span class='ocrx_word' id='word_1_555' title='bbox 215 5689 374 5767; x_wconf 78' lang='lat' dir='ltr'>Etyarolop.</span> <span class='ocrx_word' id='word_1_556' title='bbox 391 5689 472 5747; x_wconf 79' lang='lat' dir='ltr'>XIX</span> <span class='ocrx_word' id='word_1_557' title='bbox 489 5709 513 5746; x_wconf 86' lang='lat' dir='ltr'>c.</span> <span class='ocrx_word' id='word_1_558' title='bbox 531 5692 570 5749; x_wconf 90' lang='grc'>16</span> <span class='ocrx_word' id='word_1_559' title='bbox 590 5682 615 5767; x_wconf 81' lang='lat'><em>§</em></span> <span class='ocrx_word' id='word_1_560' title='bbox 630 5692 665 5759; x_wconf 88' lang='grc'>1,·</span> <span class='ocrx_word' id='word_1_561' title='bbox 697 5686 771 5765; x_wconf 81' lang='lat' dir='ltr'>Opp.</span> <span class='ocrx_word' id='word_1_562' title='bbox 789 5687 929 5759; x_wconf 56' lang='lat'>112436.</span> <span class='ocrx_word' id='word_1_563' title='bbox 1023 5687 1054 5756; x_wconf 77' lang='grc'><strong>1)</strong></span> <span class='ocrx_word' id='word_1_564' title='bbox 1078 5687 1186 5744; x_wconf 78' lang='lat' dir='ltr'>Ibidem</span> <span class='ocrx_word' id='word_1_565' title='bbox 1210 5679 1234 5765; x_wconf 78' lang='lat'>§</span> <span class='ocrx_word' id='word_1_566' title='bbox 1249 5691 1285 5755; x_wconf 85' lang='lat'>2,·</span> <span class='ocrx_word' id='word_1_567' title='bbox 1313 5689 1331 5742; x_wconf 86' lang='lat' dir='ltr'>l.</span> <span class='ocrx_word' id='word_1_568' title='bbox 1349 5687 1440 5757; x_wconf 75' lang='lat' dir='ltr'>ow,</span> <span class='ocrx_word' id='word_1_569' title='bbox 1457 5689 1527 5746; x_wconf 80' lang='grc'><strong>436.</strong></span> <span class='ocrx_word' id='word_1_570' title='bbox 1620 5687 1650 5752; x_wconf 82' lang='grc'>5)</span> <span class='ocrx_word' id='word_1_571' title='bbox 1675 5688 1876 5762; x_wconf 67' lang='lat' dir='ltr'>fflcronyrnui,</span> 
     </span>
    </p>

    <p class='ocr_par' dir='ltr' id='par_1_25' title="bbox 212 5793 1878 5981">
     <span class='ocr_line' id='line_1_47' title="bbox 216 5793 1878 5870; baseline 0.001 -16"><span class='ocrx_word' id='word_1_572' title='bbox 216 5793 367 5854; x_wconf 77' lang='lat' dir='ltr'>Commeat.</span> <span class='ocrx_word' id='word_1_573' title='bbox 398 5795 429 5852; x_wconf 82' lang='lat' dir='ltr'>iu</span> <span class='ocrx_word' id='word_1_574' title='bbox 454 5795 627 5853; x_wconf 74' lang='lat' dir='ltr'>Ezechielem</span> <span class='ocrx_word' id='word_1_575' title='bbox 651 5817 675 5853; x_wconf 87' lang='lat' dir='ltr'>c.</span> <span class='ocrx_word' id='word_1_576' title='bbox 699 5799 720 5855; x_wconf 87' lang='lat'><em>8</em></span> <span class='ocrx_word' id='word_1_577' title='bbox 749 5815 776 5853; x_wconf 82' lang='lat' dir='ltr'>o.</span> <span class='ocrx_word' id='word_1_578' title='bbox 801 5798 837 5855; x_wconf 89' lang='grc'>11</span> <span class='ocrx_word' id='word_1_579' title='bbox 845 5817 855 5865; x_wconf 92' lang='lat'>,·</span> <span class='ocrx_word' id='word_1_580' title='bbox 891 5793 967 5870; x_wconf 79' lang='lat' dir='ltr'>Opp</span> <span class='ocrx_word' id='word_1_581' title='bbox 992 5794 1023 5864; x_wconf 89' lang='lat' dir='ltr'>V,</span> <span class='ocrx_word' id='word_1_582' title='bbox 1047 5797 1141 5870; x_wconf 74' lang='lat' dir='ltr'>86sq.</span> <span class='ocrx_word' id='word_1_583' title='bbox 1235 5793 1266 5862; x_wconf 90' lang='grc'>6)</span> <span class='ocrx_word' id='word_1_584' title='bbox 1292 5793 1469 5863; x_wconf 65' lang='lat' dir='ltr'>bematius,</span> <span class='ocrx_word' id='word_1_585' title='bbox 1498 5793 1620 5852; x_wconf 69' lang='lat' dir='ltr'>lustau.</span> <span class='ocrx_word' id='word_1_586' title='bbox 1646 5794 1732 5852; x_wconf 81' lang='lat' dir='ltr'>divin.</span> <span class='ocrx_word' id='word_1_587' title='bbox 1756 5795 1779 5852; x_wconf 86' lang='lat' dir='ltr'>I</span> <span class='ocrx_word' id='word_1_588' title='bbox 1796 5815 1818 5852; x_wconf 87' lang='lat' dir='ltr'>c.</span> <span class='ocrx_word' id='word_1_589' title='bbox 1835 5799 1878 5857; x_wconf 82' lang='lat'>20</span> 
     </span>
     <span class='ocr_line' id='line_1_48' title="bbox 212 5895 884 5981; baseline -0.012 -16"><span class='ocrx_word' id='word_1_590' title='bbox 212 5895 409 5981; x_wconf 55' lang='lat' dir='ltr'>§.to-24,-</span> <span class='ocrx_word' id='word_1_591' title='bbox 440 5899 514 5978; x_wconf 81' lang='lat' dir='ltr'>Opp</span> <span class='ocrx_word' id='word_1_592' title='bbox 540 5902 584 5958; x_wconf 86' lang='lat' dir='ltr'>ed.</span> <span class='ocrx_word' id='word_1_593' title='bbox 608 5901 728 5960; x_wconf 82' lang='lat' dir='ltr'>Brundt</span> <span class='ocrx_word' id='word_1_594' title='bbox 750 5901 831 5972; x_wconf 78' lang='lat'>1,75</span> <span class='ocrx_word' id='word_1_595' title='bbox 841 5921 884 5978; x_wconf 82' lang='lat' dir='ltr'>sq.</span> 
     </span>
    </p>
   </div>
   <div class='ocr_carea' id='block_1_11' title="bbox 1613 6017 1664 6073">
    <p class='ocr_par' dir='ltr' id='par_1_26' title="bbox 1613 6017 1664 6073">
     <span class='ocr_line' id='line_1_49' title="bbox 1613 6017 1664 6073; baseline 0.02 -1"><span class='ocrx_word' id='word_1_596' title='bbox 1613 6017 1664 6073; x_wconf 68' lang='grc'>62*</span> 
     </span>
    </p>
   </div>
   <div class='ocr_carea' id='block_1_12' title="bbox 0 0 2448 6708">
    <p class='ocr_par' dir='ltr' id='par_1_27' title="bbox 0 0 2448 6708">
     <span class='ocr_line' id='line_1_50' title="bbox 0 0 2448 6708; baseline 0 0"><span class='ocrx_word' id='word_1_597' title='bbox 0 0 2448 6708; x_wconf 95' lang='lat' dir='ltr'> </span> 
     </span>
    </p>
   </div>
  </div>
 </body>
</html>
