4884 6717
713 533 765 590 50.
802 532 1020 589 CONCILIUM
1044 532 1271 589 PARISIENSE
1295 534 1332 590 A.
1353 533 1427 590 829.
1833 529 1897 592 607

243 745 309 787 non
332 721 584 803 dissimulanter,
610 720 667 785 sed
691 719 855 785 humiliter
877 721 1104 806 veraciterque
1121 730 1196 784 sunt
1212 720 1398 807 expetenda
1414 721 1570 807 suffragia
1585 721 1707 786 divina.
1742 723 1898 810 Legimus

244 829 365 915 quippe
389 828 567 893 Ninnivitis
591 827 704 892 divina
726 826 849 892 ultione
873 826 981 912 dignis
1005 825 1170 891 humiliter
1192 829 1227 891 in
1249 826 1457 893 tribulatione
1480 828 1523 892 ad
1546 829 1655 893 Deum
1683 829 1898 895 clamantibus
1916 819 2031 923 “5¹2¹ssst

244 934 400 999 divinitus
431 935 635 1000 subventum.
682 936 766 999 Nam
796 945 830 998 et
852 933 948 998 Ahab
980 944 1012 997 et
1035 934 1199 1015 Manases,
1230 957 1325 1020 reges
1355 934 1524 1016 idolatrae,
1555 937 1775 1022 paenitentiae
1806 939 1899 1002 satis·
1916 927 2039 1032 οιξῑξξξ·

243 1041 386 1107 factione
416 1041 547 1106 divinae
579 1040 755 1106 obviavere
788 1040 912 1105 ultioni.
965 1039 1124 1104 Meretrix
1158 1063 1254 1127 porro
1290 1040 1346 1106 illa
1380 1042 1582 1127 evangelica,
1617 1042 1724 1107 Maria
1756 1045 1897 1127 nomine,
1918 1035 2062 1138 '‘ffiffiflae'

213 1148 431 1236 sprofusione
461 1148 668 1214 lacrimarum
699 1170 811 1212 carere
842 1148 960 1212 meruit
990 1148 1181 1212 enormitate
1212 1147 1385 1212 multorum
1416 1150 1654 1234 peccaminum.
1700 1150 1762 1214 His
1794 1161 1826 1215 et
1848 1151 1898 1217 his
1917 1142 2026 1247 {52:¹34

244 1254 403 1320 similibus
427 1254 601 1320 salutiferis
625 1254 828 1320 documentis
853 1253 948 1318 datur
971 1253 1118 1339 intelligi,
1143 1254 1232 1340 quod
1247 1254 1350 1337 Deus,
1374 1252 1461 1319 bona
1477 1266 1595 1321 cuncta
1610 1255 1726 1321 iubens
1749 1257 1899 1345 malaque

244 1364 353 1427 omnia
375 1374 501 1444 vetans,
525 1363 714 1449 saepissime
745 1361 887 1426 humane
917 1361 1104 1447 fragilitatis
1135 1362 1280 1447 peccatis
1312 1361 1454 1426 offensus
1478 1374 1510 1426 et
1533 1362 1575 1426 ad
1599 1364 1803 1429 iracundiam
1826 1388 1899 1451 pro·

243 1481 389 1550 vocatus,
424 1492 484 1557 per
517 1470 738 1556 paenitentiae
773 1481 883 1533 tamen
918 1468 1052 1554 dignam
1087 1467 1342 1532 satisfactionem
1373 1467 1415 1532 ab
1446 1468 1597 1534 humanis
1629 1470 1790 1535 erratibus
1821 1494 1899 1537 suae

244 1577 427 1641 severitatis
451 1574 595 1641 debitam
619 1575 825 1663 suspenderit
847 1575 1037 1658 vindictam,
1069 1575 1152 1639 adeo
1183 1588 1219 1639 ut
1246 1597 1341 1661 quem
1366 1575 1468 1640 moles
1491 1577 1719 1662 peccaminum
1742 1600 1899 1663 provoca·

200 1710 225 1749 ro
244 1695 337 1747 verat
360 1683 402 1747 ad
426 1683 581 1748 ultionem
605 1693 736 1747 actuum
760 1670 935 1768 pravorum
961 1682 1119 1747 correctio
1147 1680 1278 1745 flexerit
1308 1681 1350 1746 ad
1380 1681 1717 1747 misericordissimam
1746 1686 1899 1771 propitia·

245 1791 374 1855 tionem.
412 1790 549 1877 Oportet
574 1812 662 1875 ergo,
686 1791 783 1853 immo
807 1811 942 1853 necesse
967 1799 1025 1869 cst,
1050 1801 1094 1869 ut,
1120 1790 1197 1875 quia
1212 1788 1353 1853 humane
1369 1788 1538 1875 fragilitati
1553 1800 1601 1853 tot
1615 1801 1770 1877 tantaque
1787 1791 1899 1857 salutis

245 1919 322 1961 suae
346 1896 571 1983 recuperande
596 1906 813 1982 prorogantur
836 1895 997 1982 exempla,
1028 1894 1158 1980 flagella
1189 1918 1249 1981 pro
1276 1897 1421 1981 pcccatis
1445 1896 1512 1959 suis
1535 1896 1691 1961 divinitus
1715 1898 1777 1962 sibi
1801 1898 1901 1964 inlata

245 2004 482 2090 aequanimiter
504 2002 589 2067 ferat
612 2015 803 2089 caveatque,
835 2025 876 2066 ne
907 2004 940 2066 in
972 2001 1022 2065 bis
1045 2014 1102 2066 aut
1125 2000 1167 2065 ad
1190 2003 1478 2067 murmurationem
1502 2003 1623 2067 autad
1647 2003 1900 2090 disperationem

245 2123 388 2196 proruat,
413 2109 472 2174 sed
495 2109 612 2174 devote
637 2110 867 2196 ferventerque
891 2110 924 2172 in
947 2107 1223 2190 tribulationibus,
1248 2131 1330 2195 quas
1347 2111 1462 2174 merito
1479 2132 1558 2174 suae
1574 2111 1744 2196 pravitatis
1767 2114 1899 2199 patitur,

200 2241 227 2282 rs
246 2215 399 2282 celestem
424 2239 519 2303 opem
543 2215 605 2281 sibi
629 2215 792 2280 humiliter
815 2214 990 2280 subvenire
1014 2214 1147 2301 flagitet
1185 2215 1283 2295 Quod
1299 2227 1408 2281 autem
1423 2217 1517 2281 Deus
1533 2217 1614 2281 nolit
1630 2229 1767 2282 mortem
1782 2242 1899 2306 pecca·

245 2325 339 2404 toris,
374 2323 433 2388 sed
466 2325 573 2410 potius
614 2335 650 2387 ut
683 2335 893 2387 convertatur
925 2335 957 2386 et
988 2323 1095 2404 vivat,
1130 2322 1331 2409 propheticis
1366 2324 1444 2387 satis
1480 2322 1677 2410 abundeque
1709 2326 1900 2392 instruimur
1918 2331 2038 2429 0ῐὶῧέθῦ-

246 2430 395 2496 oraculis.
1967 2419 1973 2439 ⁸
2008 2413 2014 2426 ’

352 2537 436 2602 Cum
459 2539 559 2623 igitur
576 2537 658 2602 haec
675 2539 720 2601 ita
736 2537 877 2601 fideliter
892 2560 927 2600 se
942 2535 1086 2601 habeant
1102 2548 1135 2600 et
1149 2535 1274 2623 liquido
1290 2545 1401 2622 pateat
1417 2535 1601 2618 ecclesiam,
1626 2562 1723 2625 quam
1741 2539 1899 2624 Christus,

246 2646 302 2731 qui
325 2667 397 2709 eam
422 2667 480 2709 suo
504 2646 645 2731 pretioso
670 2645 827 2730 sanguine
851 2643 991 2708 redemit
1013 2644 1145 2729 suisque
1170 2642 1359 2708 orthodoxis
1383 2642 1513 2707 famulis
1537 2643 1731 2711 Hludowico
1755 2659 1788 2712 et
1804 2647 1899 2713 Chlo-

201 2775 228 2814 ro
246 2752 360 2833 thari0,
385 2751 534 2837 gloriosis
557 2751 726 2836 Augustis,
750 2750 929 2836 regendam
953 2750 1172 2837 tuendamque
1197 2751 1399 2815 committere
1425 2750 1554 2815 occulta
1577 2774 1635 2815 sua
1659 2752 1899 2840 dispensatione

246 2858 357 2939 voluit,
393 2858 597 2922 diversorum
627 2857 814 2922 morborum
844 2856 1019 2943 generibus
1050 2856 1148 2938 affici,
1184 2856 1368 2921 multifariis
1400 2856 1549 2922 cladibus
1584 2861 1718 2941 conteri,
1754 2861 1900 2927 divinum

246 2977 359 3031 contra
382 2989 417 3029 se
441 2987 628 3029 mucronem
652 2965 788 3028 interius
813 2965 1021 3050 exteriusque
1046 2964 1168 3028 meritis
1200 2963 1407 3050 exigentibus
1431 2967 1574 3050 grassari
1599 2965 1788 3053 plagasque,
1820 2992 1900 3055 quas

246 3073 407 3138 Dominus
431 3073 497 3135 suis
521 3072 617 3135 iussis
649 3069 803 3135 oboedire
835 3069 1029 3150 nolentibus,
1061 3070 1119 3135 sed
1149 3072 1258 3157 potius
1288 3070 1331 3134 ad
1354 3070 1449 3152 mala,
1481 3094 1545 3158 que
1568 3074 1681 3154 vetuit,
1713 3073 1900 3140 labentibus

246 3180 471 3245 interminatus
495 3190 553 3258 est,
578 3178 780 3242 incessanter
804 3178 958 3265 experiri,
982 3177 1069 3241 idem
1092 3178 1166 3241 Deo
1191 3176 1279 3263 pleni
1302 3178 1468 3264 principes
1492 3178 1627 3243 caelitus
1651 3181 1800 3267 inspirati
1825 3206 1900 3248 con·

201 3318 228 3358 25
246 3287 329 3352 sulto
353 3286 396 3351 ad
420 3285 527 3349 Deum
553 3307 730 3369 congruam
754 3284 953 3371 dignamque
978 3285 1224 3348 conversionem
1249 3284 1477 3350 iudicaverunt
1500 3308 1572 3350 esse
1600 3287 1785 3352 faciendam
1809 3290 1901 3354 iuxta

247 3393 325 3459 illud
349 3394 435 3480 regis
458 3392 658 3472 Ninnivitae,
683 3414 747 3478 quo
771 3390 907 3476 legitur:
936 3393 1141 3456 (font-errario
1159 3396 1208 3456 eir
1224 3419 1243 3455 a
1261 3395 1314 3457 cio
1329 3419 1389 3456 aaut
1405 3395 1535 3459 mulcet
1556 3396 1595 3458 ab
1621 3397 1797 3481 iniquitate,
1821 3423 1901 3482 quoe
1920 3420 2053 3470 ron.s,aa.

247 3517 291 3566 est
315 3504 344 3566 iu
371 3503 515 3566 nioriibus
538 3525 654 3564 cortem.
693 3500 772 3577 Quis
794 3502 863 3578 scit,
886 3502 920 3564 ai
935 3513 1141 3578 coarertotur,
1166 3515 1194 3563 et
1215 3503 1355 3587 e'yrtoscot
1371 3500 1475 3564 Delta:
1498 3516 1527 3566 et
1549 3517 1722 3567 reuertatur
1744 3529 1765 3566 o
1780 3505 1901 3592 furore

249 3612 295 3673 ire
316 3635 403 3686 strue,
426 3624 455 3672 et
477 3633 538 3672 uon
555 3608 759 3693 peribimus?
805 3606 869 3670 Per
892 3604 983 3669 Iohel
1014 3627 1143 3692 quoque
1168 3605 1359 3692 prophetam
1383 3606 1545 3671 Dominus
1576 3610 1637 3672 ait:
1673 3609 1904 3676 Contrertimini
1920 3634 2077 3682 locarant.

247 3716 293 3780 od
314 3741 361 3779 ore
386 3718 419 3780 iu
443 3729 501 3778 toto
525 3714 619 3779 corde
645 3727 753 3792 resno,
786 3716 818 3776 in
842 3716 962 3778 ieiunio
986 3728 1014 3778 et
1028 3714 1108 3800 ,fletu
1132 3728 1160 3777 et
1175 3715 1311 3799 planetu
1335 3729 1363 3776 et
1384 3715 1519 3780 scindite
1542 3717 1639 3781 corda
1666 3732 1765 3782 cestra
1789 3732 1818 3783 et
1839 3744 1899 3782 oon

202 3853 229 3891 so
250 3825 425 3886 vestimento
446 3835 565 3900 vestrm·
588 3820 666 3884 item
690 3842 749 3905 per
765 3819 900 3883 lsaiam:
927 3819 1052 3898 Querite
1070 3820 1253 3899 llouiinum,
1278 3820 1352 3884 daim
1371 3823 1638 3908 iueeuiripotest5
1663 3826 1801 3889 iueocote
1821 3851 1900 3905 error,
1920 3847 2048 3898 ratast.

248 3929 321 3992 elatu
339 3953 443 4015 prope
467 3942 518 3991 est.
559 3928 770 4012 Derelinquot
794 3929 912 4012 impius
937 3929 1020 3990 eiam
1042 3951 1132 3990 serora
1157 3941 1185 3990 et
1207 3929 1260 3990 eui·
1282 3929 1412 4012 iniquus
1435 3930 1636 4016 cogitationes
1657 3955 1733 3994 attus
1756 3945 1785 3996 et
1798 3956 1899 3996 reret·-

247 4050 330 4100 tatnr
353 4035 398 4099 ad
421 4034 604 4114 Immineat,
635 4049 663 4098 et
692 4035 890 4098 macerabitur
913 4037 990 4112 eius,
1021 4048 1049 4096 et
1078 4033 1124 4096 od
1149 4033 1251 4096 Deum
1282 4047 1432 4112 nosurtm,
1464 4037 1613 4119 qrtoucbtu
1643 4037 1758 4101 uitellus
1785 4053 1829 4103 eat
1857 4040 1903 4104 od

249 4141 487 4228 ignoscendum
517 4141 594 4204 item
618 4162 677 4225 per
700 4139 918 4203 Hieremiam:
951 4140 1033 4204 Date
1057 4139 1183 4204 «domiuo
1208 4140 1277 4204 Deo
1308 4154 1407 4204 trmtro
1429 4143 1579 4227 glorium,
1612 4158 1777 4229 antequam
1802 4161 1901 4211 conte·
1920 4177 2078 4230 rmum,

247 4250 406 4314 crebrescat
427 4262 456 4312 et
477 4262 643 4333 autequam
668 4247 830 4333 offendant
845 4246 946 4333 pedes
970 4249 1067 4310 sesai
1087 4246 1133 4310 ad
1154 4261 1271 4310 visontes
1289 4248 1497 4332 caliginosos:
1520 4258 1552 4312 et
1567 4248 1729 4313 Dominus
1752 4251 1785 4314 in
1802 4274 1900 4316 cvan-
1921 4285 1970 4325 102
1978 4284 2011 4334 u,
2019 4284 2053 4325 aa.

201 4385 227 4424 ss
246 4353 350 4442 gelid:
374 4355 552 4434 Ambulote,
568 4353 683 4439 inquit,
709 4354 783 4418 ditm
801 4354 899 4416 luceru
916 4353 1045 4430 hebetas,
1063 4379 1099 4416 ue
1115 4354 1257 4416 tenebrae
1276 4378 1328 4416 cos
1344 4354 1612 4440 conprehendant5
1636 4356 1729 4420 item:
1756 4358 1901 4446 Vigilate,
1920 4389 2078 4438 marsuam.

247 4464 323 4549 quia
348 4463 474 4525 nescitis
491 4461 574 4524 diem
597 4485 695 4546 neque
711 4461 840 4538 horam
863 4470 896 4523 et
911 4458 1094 4545 apostolus:
1120 4459 1212 4538 Eece,
1237 4459 1352 4545 inquit,
1377 4485 1459 4524 num·
1475 4476 1594 4552 tempus
1609 4465 1811 4549 acceptabile,
1835 4491 1901 4530 ecee
1920 4497 2058 4548 mags,

247 4595 328 4634 aune
352 4568 421 4632 dies
442 4568 567 4646 salutas,
590 4605 634 4614 —
658 4577 818 4652 quatenus
842 4565 923 4630 haee
947 4577 980 4630 et
1003 4564 1229 4630 huiuscemodi
1252 4566 1422 4630 innumera
1446 4566 1591 4631 salubria
1614 4567 1809 4635 documenta
1833 4595 1901 4636 sec·

247 4675 357 4756 tando,
387 4695 493 4738 mores
518 4672 644 4737 scilicet
668 4685 700 4738 et
724 4684 815 4738 actus
840 4672 1034 4757 corrigendo
1059 4671 1257 4759 dignamque
1281 4696 1340 4759 pro
1364 4684 1411 4737 tot
1434 4672 1593 4739 scelernm
1618 4674 1767 4740 admissis
1791 4679 1901 4763 paeni·

247 4784 382 4846 tentiam
413 4780 551 4866 agendo,
582 4781 701 4862 Deum,
738 4804 835 4868 quern
865 4778 1035 4867 peccando
1066 4778 1238 4844 constabat
1268 4802 1339 4843 esse
1370 4780 1498 4862 iratum,
1534 4780 1597 4845 sibi
1627 4804 1751 4868 suoque
1781 4784 1901 4870 populo

202 4918 230 4957 «o
247 4898 449 4953 mererentur
471 4888 582 4952 faeere
605 4887 781 4975 placatum.
821 4887 944 4952 Verum
969 4888 1067 4951 totius
1091 4886 1251 4951 ecelesiae
1282 4886 1345 4951 sibi
1376 4889 1567 4952 commissae
1597 4887 1802 4974 generalitati
1827 4912 1902 4955 con·

248 4994 353 5060 sulere
384 4995 560 5080 gestientes
591 5005 765 5081 tantaeque
797 4994 1000 5058 necessitatis
1031 4994 1197 5079 negotium
1230 4994 1312 5058 iuste
1348 4992 1553 5058 discretionis
1588 4996 1709 5060 trutina
1743 5019 1902 5084 praepon-

248 5100 398 5166 derantes
422 5099 520 5188 idque
545 5101 596 5165 sui
620 5100 719 5165 officii
742 5124 807 5164 non
831 5123 903 5164 esse
927 5099 1092 5164 humiliter
1116 5099 1344 5182 diiudicantes,
1369 5100 1518 5165 consultu
1543 5100 1748 5167 sacerdotum
1773 5115 1805 5167 et
1821 5106 1902 5190 opti·

249 5221 371 5273 matum
395 5219 642 5294 ceterorumque
672 5207 818 5272 fidelium
849 5230 980 5272 suorum
1010 5206 1097 5271 idem
1128 5208 1293 5292 negotium
1323 5230 1421 5293 super
1452 5207 1612 5294 placando
1636 5208 1744 5273 furore
1769 5209 1903 5274 Domini

249 5314 298 5379 bis
322 5314 420 5400 digne
444 5325 641 5380 censuerunt
672 5337 743 5379 esse
775 5313 1052 5394 committendum,
1083 5337 1143 5400 per
1173 5336 1254 5400 quos
1284 5313 1431 5378 homines
1462 5314 1503 5378 de
1535 5314 1734 5379 infidelitatis
1758 5314 1902 5380 tenebris

204 5451 230 5490 ss
248 5420 428 5487 liberantur
451 5434 483 5486 et
505 5423 540 5486 in
564 5420 670 5486 lucem
701 5421 779 5486 fidei
808 5421 1048 5485 transferuntur
1078 5434 1110 5484 et
1141 5420 1181 5484 de
1211 5419 1286 5483 filiis
1317 5421 1384 5484 irae
1412 5419 1469 5483 filii
1500 5420 1683 5507 adoptionis
1707 5422 2081 5510 efficiuntur,01‚120m,⁸‚15,

356 5636 478 5706 ushan]
497 5642 578 5691 Haab
598 5641 625 5690 V.
699 5639 839 5690 ⁴lnltioue
859 5639 890 5690 P.
964 5641 996 5689 13
1016 5639 1044 5689 in
1063 5656 1113 5688 ras.
1131 5639 1180 5689 clei.
1205 5638 1232 5688 P.
1307 5641 1339 5690 19
1358 5633 1487 5704 pretioso]
1507 5641 1612 5705 praetio
1633 5639 1663 5690 P.
1731 5637 1900 5705 orthodoxis]

250 5732 371 5783 orthoxis
391 5731 422 5782 P.
484 5729 625 5782 Chlotario
645 5730 672 5779 Γ.
729 5732 762 5779 22
781 5725 910 5794 grassari}
931 5729 1048 5778 crassari
1068 5727 1098 5778 P.
1154 5729 1188 5778 23
1207 5728 1287 5778 iussit
1308 5727 1338 5777 P.
1397 5729 1431 5778 24
1450 5721 1535 5794 idem]
1553 5749 1585 5766 =
1606 5730 1697 5779 iidem.
1752 5729 1858 5781 coelitis
1873 5730 1904 5780 P.

250 5824 283 5872 32
302 5815 431 5884 nubum]
450 5827 567 5870 vestram
588 5819 614 5869 Γ.
687 5819 721 5868 38
740 5819 909 5883 paenitentia
928 5816 958 5867 P.
1014 5819 1048 5867 40
1067 5810 1250 5880 generalitati]
1277 5815 1441 5880 generaliter
1459 5815 1491 5867 P.
1564 5819 1595 5867 41
1616 5820 1902 5885 gestientes—prae·

249 5910 431 5975 ponderantes
450 5903 504 5970 etc]
525 5909 577 5959 scil.
596 5910 782 5975 imperatores.
855 5911 1019 5971 tantaequae
1039 5905 1065 5954 V.
1140 5909 1173 5956 43
1193 5901 1314 5971 Domini}
1332 5906 1385 5955 Dei
1405 5905 1436 5956 P.
