4884 6717
539 485 602 547 658
1007 489 1058 545 50.
1095 489 1314 546 CONCILIUM
1337 489 1565 547 PARISIENSE
1590 492 1626 548 A.
1649 489 1724 547 829.

537 706 593 742 uon
617 705 668 758 pro
693 705 737 754 eo,
769 688 844 759 quod
872 686 1050 758 praevalent,
1082 697 1247 759 operantur,
1279 705 1332 742 nec
1362 687 1416 743 boc
1446 695 1491 742 est
1520 697 1640 760 gratum,
1677 689 1752 760 quod
1784 687 1917 755 offerunt,
1951 706 2006 743 nec
2040 687 2109 742 illud
2146 695 2190 743 est

537 793 677 861 satiabile,
702 794 777 865 quod
800 802 956 849 reservant.
995 794 1075 847 Dixit
1098 801 1193 848 autern
1217 794 1354 849 Dominus
1378 796 1414 850 ad
1431 792 1512 862 Cain,
1537 814 1599 850 curn
1622 795 1738 850 offerret
1761 813 1894 850 munera:
1921 794 1954 851 Si
1976 802 2049 850 recte
2071 794 2189 865 offerus,

537 908 611 956 recte
634 908 725 956 auten
749 919 805 955 non
829 898 949 968 madae
968 899 1104 974 peccasti,
1128 899 1244 974 quiesce.
1292 899 1338 955 Sic
1361 909 1403 968 tu,
1429 899 1601 969 Christiane,
1634 920 1688 958 non
1712 909 1792 957 recte
1823 902 1934 968 dividis,
1967 902 2014 973 qui
2044 903 2081 957 de
2112 911 2189 957 tanto

537 1025 604 1062 auro
627 1015 675 1062 tuo
699 1008 831 1061 maiorem
855 1013 965 1077 partem
989 1025 1143 1062 mammone
1167 1025 1263 1062 servas
1287 1025 1371 1079 quam
1386 1008 1449 1063 Deo
1473 1009 1593 1079 largiris.
1639 1003 1695 1063 Ιιι1
1717 1009 1870 1080 primordio
1892 1008 1979 1080 igitur
2001 1016 2116 1063 sanctae
2133 1008 2189 1063 Dei

539 1113 676 1169 ecclesiae
701 1114 776 1168 circa
802 1114 951 1169 credentes
982 1115 1065 1167 ardor
1094 1113 1162 1170 fidei
1193 1115 1234 1168 ita
1256 1114 1381 1186 vigebat,
1412 1122 1443 1168 ut
1471 1123 1692 1186 perseverarent
1721 1115 1750 1169 in
1781 1115 1910 1169 doctrina
1938 1117 2128 1186 apostolorum
2159 1122 2221 1170 ets

517 1215 788 1275 'communicatione
812 1220 957 1274 tractionis
980 1221 1061 1291 panis
1085 1227 1115 1274 ct
1138 1222 1311 1276 orationibus
1335 1229 1365 1277 et
1388 1221 1529 1277 haberent
1552 1223 1645 1277 omnia
1675 1222 1831 1276 communia
1861 1230 1892 1276 et
1921 1229 2066 1276 sumerent
2097 1222 2189 1277 cibum

538 1346 601 1382 cum
625 1327 799 1382 exultatione
825 1335 854 1380 et
884 1327 1067 1399 simplicitate
1099 1327 1200 1395 cordis,
1232 1328 1435 1384 conlaudantes
1459 1328 1569 1396 Deum;
1601 1347 1676 1384 nunc
1706 1337 1803 1383 autem
1833 1329 1947 1383 devotio
1977 1327 2190 1383 christianitatis

538 1435 614 1505 apud
638 1434 788 1505 plerosque
812 1434 897 1505 longe
921 1434 1005 1489 aliter
1028 1452 1059 1488 se
1082 1434 1181 1502 habet,
1205 1436 1337 1506 quoniam
1364 1454 1381 1490 a
1410 1435 1578 1506 quibusdam
1609 1435 1754 1490 doctrinae
1785 1434 1975 1505 apostolorum
2005 1435 2191 1506 praeponitur

539 1559 615 1595 amor
638 1549 811 1596 terrenorum
834 1541 1021 1611 negotiorum,
1047 1543 1289 1597 communicationi
1311 1541 1456 1598 fractionis
1479 1545 1560 1614 panis
1583 1520 1733 1610 tenacitas,
1757 1542 1846 1613 frigor
1861 1542 1986 1597 caritatis
2004 1548 2034 1596 et
2050 1543 2190 1614 cupiditas

539 1648 706 1703 ambiendae
731 1648 772 1702 rei
796 1648 907 1703 alienae
931 1647 1025 1719 potius
1050 1666 1132 1718 quarn
1155 1649 1287 1720 propriae
1311 1648 1470 1719 largiende,
1501 1649 1675 1705 orationibus
1698 1649 1855 1704 delectatio
1885 1647 2015 1715 carnalis,
2045 1649 2190 1704 curiositas
2210 1664 2236 1701 rc

517 1761 641 1821 'rerum,
666 1754 826 1809 sollicitudo
849 1755 944 1808 mundi
969 1763 999 1809 et
1022 1755 1187 1809 multimoda
1209 1756 1313 1810 mentis
1336 1756 1365 1810 in
1389 1756 1502 1812 diversa
1524 1757 1648 1828 vagatio.
1696 1754 1777 1818 Quae
1801 1763 1896 1811 autem
1920 1754 1975 1809 illis
2003 1763 2084 1811 erant
2113 1774 2188 1812 eom-

538 1862 632 1915 munia
655 1879 728 1916 nunc
753 1861 920 1931 quibusdam
944 1853 986 1915 ita
1007 1868 1072 1915 sunt
1103 1863 1227 1933 propria,
1259 1869 1291 1915 ut
1320 1879 1434 1932 perraro
1464 1865 1493 1918 in
1523 1863 1641 1919 alterius
1671 1882 1705 1918 ex
1735 1862 1779 1917 his
1808 1863 1959 1933 quicquam
1989 1869 2190 1934 retorqueatur

539 1986 629 2022 usum.
676 1967 720 2022 1]Ιί
745 1968 894 2022 sumebant
917 1968 1010 2023 cibum
1040 1986 1103 2022 curn
1134 1968 1309 2023 exultatione
1342 1975 1372 2023 et
1401 1969 1581 2041 simplicitate
1612 1970 1715 2037 cordis,
1746 1968 1951 2025 conlaudantes
1973 1969 2084 2036 Deum,
2114 1988 2189 2025 nunc

539 2083 635 2129 autern
659 2076 704 2129 m‘r
727 2093 744 2128 a
767 2074 935 2145 quibusdam
959 2075 1076 2129 sumitur
1099 2075 1177 2129 cibus
1201 2076 1262 2130 sine
1286 2076 1474 2144 detractione,
1504 2078 1564 2132 sine
1593 2076 1781 2143 simulatione,
1812 2076 1872 2131 sinc
1902 2075 2097 2143 insultatione,
2128 2078 2188 2132 sine

539 2182 704 2237 histrionum
728 2181 879 2236 saltatione
904 2190 934 2237 et
957 2183 1081 2236 obscena
1103 2182 1244 2238 iocatione
1274 2191 1304 2238 et
1331 2183 1509 2255 turpiloquiis
1541 2189 1571 2239 et
1601 2183 1818 2238 scurrilitatibus
1842 2189 1871 2237 st
1903 2183 2007 2237 ceteris
2036 2183 2188 2239 innumeris
2208 2195 2234 2235 rs

540 2289 723 2354 vanitatibus,
748 2306 821 2359 quae
845 2290 966 2344 animum
990 2287 1178 2343 Christianum
1202 2308 1219 2342 a
1242 2289 1338 2360 vigore
1362 2291 1404 2344 sui
1428 2297 1519 2345 status
1544 2289 1700 2344 emolliunt.
1747 2289 1791 2343 lili
1816 2289 1844 2343 in
1874 2290 2055 2361 simplicitate
2086 2291 2187 2357 cordis,

540 2395 586 2450 isti
617 2402 712 2450 autem
744 2414 759 2450 e
790 2397 928 2450 contrario
958 2395 1077 2450 subdolo
1108 2402 1138 2450 et
1169 2396 1275 2466 duplici
1306 2397 1406 2464 animo,
1438 2415 1500 2451 cum
1530 2398 1671 2468 scriptura
1700 2397 1792 2451 dicat:
1825 2394 1931 2453 Scatitc
1953 2397 1988 2452 dc
2010 2395 2132 2452 Domino
2159 2396 2189 2452 ia

540 2500 661 2557 bonitate
690 2510 716 2557 et
743 2502 771 2557 in
802 2501 977 2576 simplicitate
1006 2501 1100 2558 cordis
1129 2502 1237 2577 querite
1267 2501 1352 2571 illurn,
1383 2502 1422 2557 illi
1458 2510 1602 2558 sumentes
1636 2503 1730 2558 cibum
1760 2502 1854 2557 Deum
1888 2504 2106 2570 conlaudabant,
2141 2505 2188 2558 isti

540 2610 713 2664 diversorum
736 2609 861 2663 ciborum
883 2627 990 2679 genera
1016 2609 1052 2663 ad
1083 2626 1162 2663 suum
1191 2609 1303 2664 libitum
1334 2611 1482 2682 exigentes
1512 2628 1580 2680 erga
1609 2609 1778 2664 lautissimos
1811 2609 1865 2663 sibi
1899 2610 1975 2665 cibos
2004 2617 2188 2681 praeparatos

540 2723 629 2770 artem
654 2715 824 2770 conlaudant
848 2733 1008 2786 coquomm.
1056 2713 1130 2769 list²
1154 2722 1183 2770 et
1206 2715 1283 2770 aliud
1307 2717 1335 2771 in
1359 2715 1519 2771 Christiana
1548 2715 1685 2788 religione
1715 2734 1819 2786 magna
1846 2717 2030 2773 admiratione
2062 2717 2235 2789 dignumne

541 2841 574 2876 eo
599 2823 673 2893 quod
696 2822 777 2894 leges
799 2822 949 2888 humanae,
974 2840 1047 2893 qnae
1071 2821 1239 2893 plerumque
1262 2840 1383 2894 peccare
1407 2822 1567 2878 volentibus
1591 2831 1727 2878 termrcm
1751 2824 1845 2893 potius
1868 2840 1952 2894 quarn
1975 2821 2081 2877 Christi
2103 2842 2188 2894 prae·

540 2936 626 3001 cepta
648 2930 802 2997 incuriunt,
827 2930 959 2984 maiorem
983 2929 1037 2982 rim
1062 2947 1145 2999 quam
1168 2929 1262 2984 divine
1286 2929 1392 2984 babere
1416 2929 1576 2994 videantur,
1605 2947 1667 2983 curn
1697 2929 1796 2999 utique
1828 2928 1894 2984 illae
1924 2930 1976 2984 sibi
2006 2939 2142 3001 parentes
2172 2950 2189 2984 a

540 3036 699 3107 temporali,
729 3036 782 3091 hae
814 3053 927 3106 quoque
958 3037 994 3090 ab
1025 3043 1145 3090 aeterna
1166 3037 1290 3091 liberent
1313 3054 1417 3107 poena.
1465 3034 1535 3090 Cum
1559 3037 1632 3090 enim
1656 3036 1804 3107 quispiam,
1832 3036 1928 3107 regiae
1958 3044 2008 3091 aut
2037 3037 2189 3108 imperialis

541 3144 687 3214 dignitatis
711 3142 819 3213 apicem
843 3151 946 3197 tenens
970 3143 1132 3212 ceterisque
1156 3142 1320 3198 mortalibus
1344 3143 1540 3215 temporaliter
1560 3144 1712 3213 imperans,
1737 3142 1851 3214 aliquod
1875 3143 2019 3198 aedictum
2048 3144 2189 3215 proponit,
2228 3115 2232 3124 ἢ

542 3251 616 3321 qnod
640 3268 657 3304 a
680 3250 732 3303 sibi
756 3249 876 3303 subditis
900 3256 930 3304 et
954 3250 1044 3304 audiri
1068 3249 1221 3320 diligenter
1244 3257 1275 3304 et
1298 3250 1409 3321 impleri
1436 3249 1562 3305 fideliter
1591 3251 1789 3322 sagaciterque
1820 3249 1900 3317 velit,
1933 3250 1995 3320 quis
2025 3268 2092 3322 rogo
2122 3251 2189 3305 sub·
2207 3264 2235 3303 rs

541 3358 662 3411 ditorum
687 3375 741 3410 non
765 3356 907 3411 inhianter
930 3356 958 3409 id
982 3357 1061 3410 audit
1085 3355 1217 3427 illiusque
1241 3357 1410 3411 iussionibus
1433 3357 1632 3429 obtemperare
1656 3357 1783 3428 satagit?
1829 3355 1899 3419 Quis
1926 3374 1993 3412 vero
2022 3357 2051 3411 in
2082 3364 2190 3412 tantam

541 3465 685 3520 audaciam
709 3481 891 3534 prorumpere
915 3464 1013 3529 audet,
1038 3464 1086 3534 qui
1110 3464 1138 3517 id
1161 3445 1214 3517 nisi
1238 3463 1275 3518 ad
1298 3464 1341 3518 sui
1364 3464 1513 3519 discrimen
1542 3471 1744 3535 contempnere
1767 3465 1952 3534 praesumat?
1989 3453 2086 3518 Unde
2111 3455 2189 3519 satis

542 3562 651 3625 mirari
683 3584 748 3623 non
777 3571 900 3646 potest:
933 3583 1016 3646 quur
1047 3560 1193 3624 homines
1225 3571 1314 3624 tanta
1344 3563 1502 3625 caecitate
1534 3559 1673 3647 perculsi
1705 3561 1857 3643 existimt,
1888 3570 1924 3624 ut
1955 3562 2110 3626 creatoris
2139 3563 2190 3625 aui

542 3669 647 3754 legem
671 3668 842 3732 lemnario
867 3690 947 3731 ausu
978 3677 1174 3754 postponant
1182 3673 1199 3730 ‘t
1252 3673 1410 3733 Ηοιηὶιιειε3
1440 3678 1565 3733 condunt
1595 3677 1675 3749 leges
1711 3685 1739 3732 et
1770 3696 1787 3731 a
1821 3677 1942 3732 subditis
1973 3678 2188 3745 custodiuntur,

543 3786 632 3851 Deus,
656 3790 768 3839 creator
789 3784 911 3838 omnium
934 3783 1118 3838 aeternaliter
1141 3785 1292 3856 imperans,
1316 3785 1365 3855 qui
1388 3792 1483 3839 nostro
1506 3791 1658 3856 augmento
1681 3802 1737 3838 non
1760 3784 1865 3838 crescit
1891 3801 1943 3839 nec
1974 3791 2070 3839 nostro
2100 3785 2188 3839 detri·
2208 3798 2235 3836 so

542 3899 637 3945 triento
661 3891 811 3956 decrescit,
836 3891 863 3944 in
887 3892 966 3945 cuius
990 3909 1072 3946 manu
1095 3891 1136 3945 ita
1159 3910 1253 3945 sumus
1276 3892 1348 3946 sicut
1371 3891 1461 3946 lutum
1484 3893 1512 3946 in
1536 3910 1619 3946 rnanu
1648 3890 1738 3963 figuli,
1769 3890 1850 3944 dedit
1877 3889 1972 3960 legem
2002 3892 2039 3946 ob
2068 3890 2188 3946 salutern

542 3981 693 4053 animarum
718 3999 922 4069 capescendam
947 4005 975 4052 et
998 3997 1089 4052 audiri
1113 3999 1323 4069 contempnitur
1346 4007 1386 4064 et,
1410 3999 1433 4053 si
1457 4017 1525 4054 aure
1549 3999 1640 4053 cordis
1663 3999 1786 4065 auditur,
1817 4015 1885 4051 anre
1915 3998 2007 4052 cordis
2037 4015 2092 4053 non
2122 4016 2188 4068 per·

543 4106 645 4177 cipitur
669 4114 708 4171 et,
733 4107 756 4160 si
780 4122 847 4159 aure
873 4105 963 4159 cordis
987 4105 1152 4176 percipitur,
1178 4123 1264 4175 opere
1289 4123 1344 4159 non
1368 4106 1551 4177 adimpletur.
1597 4105 1671 4168 Quid
1702 4112 1798 4159 autem
1829 4105 2014 4159 excusationis
2037 4103 2189 4158 Christiani

542 4214 661 4268 Domino
684 4212 796 4268 adferre
821 4219 965 4284 poterunt,
990 4213 1035 4282 qui
1059 4213 1217 4267 mundanae
1241 4211 1313 4283 legis
1337 4230 1483 4267 censuram
1506 4212 1542 4267 ob
1566 4209 1735 4265 mundialem
1759 4216 1882 4266 mactum
1905 4212 2062 4282 suscipiunt
2078 4221 2108 4266 et
2124 4212 2189 4282 iugo

405 4314 523 4417 dimi·
543 4319 656 4385 Christi,
681 4320 756 4390 quod
780 4338 866 4373 suave
891 4328 919 4374 et
942 4318 1006 4374 lene
1032 4327 1075 4372 est
1101 4325 1129 4372 et
1154 4319 1190 4373 ad
1214 4318 1299 4372 vitam
1324 4319 1402 4373 ducit
1425 4327 1581 4383 aeternam,
1613 4316 1685 4372 colla
1714 4318 1882 4373 submittere
1913 4321 2077 4372 rennuunt‘t
2130 4318 2188 4373 Do-
2207 4329 2235 4368 so

406 4429 630 4488 a›‚1r‚as.minus
659 4427 743 4480 dicit:
776 4425 871 4481 Venite
899 4426 941 4482 ud
969 4445 1011 4481 rue
1033 4425 1081 4500 qui
1110 4423 1246 4480 laboratis
1277 4432 1303 4480 et
1330 4424 1442 4481 mierati
1470 4423 1542 4492 eatis,
1576 4432 1602 4481 et
1624 4444 1673 4500 eqo
1703 4422 1828 4500 chiciara
1858 4443 1915 4493 vos,
1947 4432 1977 4478 et
1999 4425 2074 4480 idem
2104 4425 2186 4480 alibi:

365 4546 393 4585 a.
408 4545 522 4594 raram.
543 4532 649 4588 Discite
671 4551 690 4588 o
714 4551 765 4600 me,
789 4532 855 4607 qaia
879 4532 951 4588 initis
972 4552 1031 4587 aura
1056 4540 1082 4588 et
1111 4531 1220 4587 latriilis
1250 4532 1343 4600 corde,
1374 4540 1400 4587 et
1428 4530 1572 4587 innmiictis
1602 4530 1723 4606 requiem
1754 4529 1902 4586 (irritandae
1929 4530 2037 4587 vmtris.
2090 4531 2188 4607 iopam

543 4639 613 4696 enim
638 4658 725 4694 rucmn
748 4659 834 4696 aanor
864 4647 904 4694 cat
933 4647 958 4694 et
987 4659 1057 4694 tirius
1080 4658 1167 4694 trinita
1192 4640 1249 4694 teve
1272 4646 1319 4694 ost.
1367 4639 1404 4692 Et
1428 4639 1524 4693 venire
1549 4640 1584 4693 ad
1609 4638 1695 4694 talem
1719 4645 1887 4708 tantumque
1917 4646 2065 4694 vocantem
2095 4647 2124 4694 et
2152 4639 2188 4693 ab

543 4769 576 4802 eo
599 4747 786 4801 humilitatem
811 4753 840 4800 et
864 4747 1108 4806 mansuetudinem
1132 4747 1241 4800 discere
1267 4747 1384 4817 eiusque
1409 4746 1504 4816 iugum
1527 4746 1670 4817 suscipere
1694 4747 1860 4799 recusatur?
1913 4744 1975 4798 Hoc
2006 4745 2052 4815 qui
2082 4745 2187 4800 faciunt

542 4854 609 4924 quid
634 4854 710 4908 aliud
734 4853 851 4918 faciunt,
876 4853 929 4906 nisi
953 4873 970 4906 a
992 4852 1084 4906 salute
1108 4853 1222 4923 propria
1246 4851 1403 4907 deficiunt?
1450 4853 1532 4917 Quod
1556 4871 1639 4924 quarn
1661 4850 1820 4907 miserabile
1846 4859 1876 4906 et
1900 4851 2042 4906 exitiabile
2067 4852 2114 4918 sit,
2138 4869 2185 4906 er·
2205 4863 2234 4902 so

541 4961 638 5031 plicari
661 4979 717 5015 non
740 4967 847 5031 potest.
895 4954 1070 5030 Perspicue⁴
1093 4958 1157 5012 hinc
1181 4977 1250 5012 sane
1275 4959 1460 5013 animadverti
1483 4967 1589 5030 potest,
1614 4960 1689 5029 quod
1712 4958 1849 5030 professio
1866 4957 2025 5012 Christiana
2047 4959 2187 5013 modernis

650 5187 710 5236 Vll.
739 5187 1019 5236 ticommuuicatione
1032 5185 1160 5234 fractioni
1183 5178 1211 5234 Ρ.
1286 5187 1419 5235 tenacitas
1440 5178 1469 5231 Ρ.
1544 5188 1577 5236 10
1590 5186 1735 5236 ambiendo
1753 5186 1780 5234 t'.
1861 5180 2071 5250 alienaeJquam
2081 5185 2187 5236 adare

545 5278 573 5325 ll
596 5275 754 5326 multimoda
774 5270 880 5337 mentis]
900 5273 1047 5324 multitudo
1067 5274 1200 5323 dementis
1221 5267 1252 5322 P.
1319 5275 1350 5326 15
1370 5281 1462 5324 cetera
1481 5268 1511 5323 Ρ.
1585 5276 1615 5325 19
1635 5269 1767 5338 ciborum]
1787 5276 1876 5325 cibum
1896 5268 1927 5324 P.
1991 5277 2024 5326 24
2044 5276 2141 5325 ceteris
2161 5275 2187 5323 Γ.

542 5358 677 5429 proponit]
697 5366 839 5429 praeponit
857 5358 887 5412 P.
960 5365 994 5414 25
1014 5359 1141 5425 fideliter]
1161 5361 1279 5412 feliciter
1293 5356 1323 5412 Ρ.
1396 5364 1430 5412 30
1450 5371 1591 5414 aucmento
1612 5363 1638 5413 1⁷.
1712 5365 1745 5414 31
1766 5358 1892 5426 mactum]
1914 5364 1950 5414 ito
1968 5363 1996 5415 Γ.
2016 5363 2046 5424 P,
2066 5363 2188 5428 intelliqe:

543 5461 651 5503 ructum.
724 5455 757 5503 38
776 5448 875 5516 honus]
896 5469 964 5502 orius
984 5447 1014 5502 Ρ.
1089 5455 1119 5502 41
1145 5452 1206 5501 binc
1225 5452 1292 5501 <teca
1309 5453 1336 5502 l'.
2207 5465 2236 5504 so

652 5653 680 5721 1)
706 5652 856 5728 sequanas
880 5653 1046 5727 (leproorptu
1068 5660 1133 5709 sunt
1155 5673 1191 5709 ccc
1214 5651 1287 5708 imin
1303 5651 1409 5720 Aorsi,
1434 5650 1480 5706 De
1503 5649 1671 5708 instinctione
1693 5652 1791 5709 laicali
1812 5652 1832 5708 Ι
1851 5672 1873 5708 c.
1890 5657 1941 5712 20.
2019 5652 2050 5722 2)
2073 5651 2187 5709 Ibidem.

544 5762 574 5830 3)
599 5760 715 5817 Ibidon.
807 5760 838 5828 4)
862 5759 979 5816 Ibidem.
