4884 6717
539 493 603 555 548
1005 499 1056 554 44.
1094 499 1311 557 CONCILIUM
1334 499 1562 556 PARISIENSE
1585 501 1622 555 A.
1644 498 1718 556 825.

537 697 572 751 ad
596 696 699 764 villam,
723 716 797 769 quae
814 699 917 754 dieitur
933 696 1087 763 Anablata,
1111 697 1301 767 vidissemque
1325 697 1364 751 ibi
1386 698 1563 769 praeteriens
1587 698 1731 754 lucernam
1746 699 1896 754 ardentem
1913 705 1943 755 et
1959 700 2189 772 interrogassem,

536 803 583 873 qui
607 802 684 858 locus
708 813 795 872 esset,
820 806 1040 875 didicissemque
1065 822 1128 859 esse
1153 802 1302 858 ecclesiam
1327 810 1357 858 et
1380 804 1540 873 intrassem,
1565 813 1597 860 ut
1620 822 1739 872 orarem,
1763 806 1859 860 inveni
1883 806 1921 861 ibi
1945 808 2040 863 velum
2058 808 2189 879 pendens

536 910 564 963 in
588 909 695 964 foribus
718 913 846 967 eiusdem
871 911 1010 968 ecclesiae
1033 911 1153 966 tinctum
1176 915 1264 981 atque
1289 910 1444 982 depictum,
1474 911 1582 969 habens
1611 912 1763 983 imaginem
1792 913 1874 983 quasi
1898 911 2004 968 Christi
2027 912 2073 969 vel
2097 914 2189 968 sancti

536 1017 690 1074 cuiusdam.
736 1019 801 1074 Non
831 1020 904 1074 euim
936 1019 1004 1074 satis
1033 1018 1157 1084 memini,
1188 1017 1267 1072 cuius
1297 1017 1388 1089 imago
1415 1016 1512 1073 fuerit.
1560 1016 1631 1072 Cum
1662 1036 1729 1090 ergo
1760 1018 1813 1074 boo
1842 1020 1975 1075 vidissent
2006 1021 2035 1076 in
2066 1020 2189 1076 ecclesia

536 1122 640 1179 Christi
670 1135 769 1182 contra
797 1126 996 1181 auctoritatem
1028 1124 1228 1195 scripturarum
1259 1124 1377 1178 bominis
1406 1125 1535 1196 pendere
1566 1126 1728 1197 imaginem,
1758 1127 1830 1181 scidi
1859 1126 1930 1182 illud
1955 1135 1985 1181 et
2008 1128 2096 1200 magis
2119 1128 2223 1183 dedit

535 1231 680 1287 consilium
704 1233 869 1288 custodibus
893 1233 1031 1299 ciusdem,
1055 1236 1088 1285 ut
1111 1247 1268 1303 pauperem
1290 1239 1430 1286 mortuum
1455 1248 1489 1287 eo
1512 1231 1698 1288 obvolverent
1729 1239 1759 1289 et
1784 1232 1930 1301 efferrent,
1960 1234 2059 1306 illique
2090 1241 2190 1290 eontra

534 1345 739 1395 murmurantes
762 1340 902 1406 dicerent,
933 1339 956 1392 si
979 1339 1109 1394 scindere
1133 1336 1273 1404 voluerat,
1297 1338 1402 1393 iustum
1426 1344 1498 1406 erat,
1523 1344 1555 1393 ut
1578 1338 1655 1393 aliud
1679 1340 1762 1394 daret
1784 1344 1878 1395 velum
1901 1349 1989 1412 atque
2013 1349 2188 1397 mutaret.

535 1443 618 1509 Quod
642 1464 705 1500 cum
728 1447 880 1513 audissem,
904 1464 949 1501 me
973 1446 1104 1500 daturum
1129 1462 1192 1501 esse
1215 1444 1358 1516 pollicitus
1381 1462 1442 1499 sum
1466 1453 1496 1499 et
1526 1445 1590 1500 ilico
1622 1462 1685 1500 essc
1709 1446 1867 1501 missurum.
1913 1447 2062 1503 Paululum
2093 1457 2189 1504 antem

533 1562 698 1607 moratus
721 1553 775 1607 fui
799 1554 827 1607 in
850 1554 956 1620 medio,
979 1553 1046 1606 dum
1070 1569 1175 1623 quaero
1198 1552 1335 1623 optimum
1358 1551 1453 1606 velum
1474 1554 1527 1623 pro
1552 1569 1585 1607 eo
1608 1553 1740 1619 mittere,
1765 1553 1923 1609 arbitrabar
1947 1555 2020 1609 enim
2040 1556 2076 1610 de
2094 1553 2189 1628 Cypro

535 1677 597 1715 esse
621 1660 800 1715 mittendum.
843 1660 924 1714 Nunc
948 1667 1044 1715 autem
1067 1659 1128 1713 misi
1152 1658 1229 1729 quod
1252 1658 1333 1729 potui
1355 1659 1501 1729 repperire
1527 1667 1556 1713 et
1578 1676 1690 1730 precor,
1713 1665 1746 1714 ut
1769 1660 1868 1715 iubeas
1890 1661 2079 1732 presbiteros
2101 1663 2189 1734 ipsius
2208 1673 2235 1713 ¹0

534 1767 586 1821 loci
618 1766 761 1838 suscipere
793 1767 887 1820 velum
911 1785 928 1820 a
950 1765 1093 1832 latore,
1124 1765 1200 1836 quod
1225 1784 1242 1819 a
1264 1765 1345 1819 nobis
1374 1765 1487 1818 missurn
1517 1772 1572 1833 est,
1604 1771 1634 1821 et
1665 1766 1801 1838 deinceps
1829 1768 1979 1839 precipere
2009 1769 2039 1823 in
2068 1768 2189 1825 ecelesia

535 1870 639 1927 Christi
663 1873 820 1927 istiusmodi
843 1874 917 1940 vela,
942 1890 1015 1943 quac
1040 1879 1138 1927 contra
1160 1870 1326 1943 religionem
1349 1881 1472 1926 nostram
1495 1872 1624 1940 veniunt,
1647 1889 1704 1927 non
1726 1874 1862 1943 appendi.

640 1976 732 2034 Natul
757 1989 786 2036 et
809 1980 911 2034 beatus
927 1978 1033 2034 Paulus
1056 1978 1201 2049 apostolus
1225 1980 1253 2031 in
1278 1976 1400 2050 epistola
1422 1979 1512 2049 prima
1534 1980 1570 2034 ad
1591 1976 1750 2033 Corinthios
1773 1980 1809 2034 ob
1833 1981 1996 2048 scandalum
2017 1981 2189 2037 infirmorum

534 2086 652 2150 fratrum
676 2087 821 2141 vitandum
846 2087 886 2141 ita
909 2086 1036 2157 scripsit:
1062 2083 1108 2141 De
1131 2083 1174 2140 lte
1197 2091 1298 2154 aretem,
1323 2102 1396 2159 qam
1419 2083 1500 2141 idolis
1522 2083 1734 2162 samisiwalur,
1757 2084 1868 2157 adorus,
1892 2085 1961 2162 qaia
1982 2106 2078 2145 omnes
2099 2088 2189 2145 acim-

534 2191 600 2248 tiam
625 2191 764 2261 lubentes,
789 2200 815 2248 et
837 2192 904 2267 qaia
927 2191 1030 2247 idolum
1054 2190 1125 2246 nihil
1147 2198 1195 2246 est.
2208 2209 2234 2249 ω

640 2290 762 2354 Beatus
785 2288 978 2353 Ambrosius
1002 2290 1049 2352 ita
1072 2288 1222 2374 exponit:
1254 2293 1324 2365 Hil,
1355 2288 1469 2374 inquit,
1495 2297 1584 2353 inflati
1608 2305 1690 2354 erant
1713 2317 1766 2370 per
1789 2299 1946 2368 seientiam,
1978 2302 2026 2372 qui
2053 2302 2089 2356 in
2112 2303 2187 2359 idolo

534 2415 631 2461 contra
654 2406 774 2461 salutern
797 2406 916 2460 fratrum
939 2406 1131 2476 imperitorum
1155 2421 1254 2460 carnes
1278 2402 1498 2460 sacrificatorum
1521 2405 1676 2473 sedebant,
1700 2406 1825 2461 scientes
1847 2406 1934 2462 licere
1951 2425 2065 2464 carnem
2081 2411 2187 2466 aedere

535 2521 575 2580 et,
600 2514 674 2585 quod
705 2513 774 2567 nibil
805 2521 849 2568 est
880 2513 994 2576 idolum,
1024 2513 1089 2567 ideo
1118 2530 1175 2567 non
1198 2512 1382 2567 contaminari
1406 2512 1568 2566 aedentem.
1615 2512 1654 2566 Hi
1677 2511 1824 2568 scandalo
1848 2512 1983 2569 fratribus
2007 2521 2089 2571 erant
2112 2516 2187 2571 kari-

484 2606 486 2612 ’
534 2628 624 2676 tatem
658 2639 726 2692 prae
762 2619 849 2675 oculis
876 2637 939 2674 non
973 2620 1132 2686 habentes,
1174 2619 1241 2689 quia
1278 2617 1342 2690 plus
1381 2627 1443 2674 erat
1482 2636 1595 2674 carnem
1633 2626 1836 2691 contempnere
1872 2638 1956 2691 quam
1991 2622 2071 2679 fratri
2106 2642 2186 2679 scan-

534 2728 627 2783 dalum
650 2727 756 2782 facere.
2205 2742 2233 2782 ao

369 2855 515 2904 iterare.
641 2825 684 2889 Et
707 2835 927 2911 postpauca:
951 2828 1099 2905 Propter³
1122 2833 1197 2904 quod
1221 2831 1247 2889 si
1268 2851 1354 2888 aesca
1376 2831 1556 2888 scandalizat
1571 2832 1702 2904 fratrea
1727 2833 2001 2905 ...saudauma
2025 2837 2054 2890 in
2077 2843 2188 2891 tantum

533 2942 648 2998 karitati
672 2942 844 2997 studendum
867 2941 962 3008 docet,
987 2949 1019 2994 ut
1042 2939 1119 2995 licita
1141 2958 1192 3010 pro
1215 2938 1330 2993 inlicitis
1352 2938 1521 3006 habeantur,
1545 2957 1581 2994 ne
1605 2940 1700 2996 obsint
1723 2940 1813 2996 fratri.

414 3052 516 3145 *bl-⁰⁶32·
640 3037 737 3104 Unde
760 3037 876 3102 beatus
901 3037 1066 3124 apostolus
1091 3036 1187 3100 dicit:
1214 3041 1339 3102 Οηυιὶα4
1361 3043 1430 3101 otili
1452 3044 1544 3115 liceat,
1566 3047 1696 3105 sednon
1718 3047 1815 3104 omnia
1837 3048 1997 3123 expediunt.

455 3135 460 3156 ’
495 3133 501 3146 ’
642 3144 738 3226 Quod
767 3143 883 3209 beatus
913 3139 1116 3230 Augustinus
1146 3143 1192 3206 ita
1220 3142 1370 3228 exponit:
1402 3147 1527 3207 Potest⁵
1557 3170 1625 3225 ergo
1655 3153 1762 3225 aliquid
1792 3154 1880 3210 licere
1905 3160 1936 3211 et
1958 3173 2015 3211 non
2039 3157 2185 3228 expedire.

533 3263 676 3333 Expedite
701 3271 796 3316 autem
819 3262 894 3332 quod
917 3279 973 3315 non
997 3260 1066 3315 licet
1088 3277 1143 3314 non
1167 3266 1280 3330 potest,
1306 3276 1338 3313 ac
1361 3276 1414 3329 per
1436 3259 1489 3314 hoc
1512 3275 1569 3313 non
1585 3260 1677 3315 omnia
1691 3259 1772 3316 licita
1788 3262 1954 3333 expediunt,
1977 3263 2070 3318 omnia
2092 3272 2187 3318 autem
2206 3275 2233 3315 aa

533 3369 642 3424 inlicita
664 3386 720 3422 non
745 3368 910 3439 expediunt.
958 3366 1031 3421 Sunt
1062 3367 1169 3437 quippe
1200 3365 1280 3421 licita
1303 3383 1377 3436 quac
1401 3384 1457 3420 non
1482 3366 1647 3437 expediunt,
1679 3367 1753 3422 sieut
1776 3367 1905 3439 apostolo
1928 3376 2005 3425 teste
2029 3370 2187 3438 didicimus,

533 3477 584 3531 sed
608 3477 683 3530 inter
706 3476 745 3542 id,
771 3476 845 3546 quod
870 3473 1007 3529 inlicitum
1031 3481 1076 3528 est
1100 3481 1130 3528 et
1153 3473 1219 3528 ideo
1242 3490 1298 3527 nou
1324 3473 1451 3543 expedit,
1475 3481 1563 3543 atque
1587 3474 1640 3541 id,
1665 3474 1740 3544 quod
1755 3473 1863 3529 licitum
1881 3483 1925 3531 est
1941 3494 1995 3531 nec
2018 3484 2113 3532 tamen
2138 3496 2186 3532 er·

533 3583 624 3654 pedit,
651 3583 717 3653 quid
742 3582 863 3649 intersit,
889 3581 985 3651 aliqua
1007 3580 1158 3634 universali
1182 3579 1282 3651 regula
1304 3577 1427 3633 diffinire
1452 3577 1568 3634 difficile
1593 3586 1648 3635 est.

640 3679 683 3743 Et
712 3679 813 3742 infra:
846 3681 1050 3758 Quapropter⁶
1081 3687 1147 3757 quia
1176 3704 1274 3741 verum
1304 3686 1406 3741 dixisse
1437 3685 1595 3756 apostolum
1626 3687 1758 3743 dubitare
1789 3705 1845 3743 non
1868 3707 2016 3760 possumus
2040 3699 2069 3745 et
2092 3691 2188 3762 aliqua

532 3805 653 3867 peccata
677 3813 740 3850 esse
764 3795 843 3850 licita
866 3795 961 3849 dicere
985 3811 1041 3848 non
1064 3793 1256 3860 babemus,
1288 3800 1390 3859 restat,
1420 3800 1453 3846 ut
1476 3793 1600 3847 dicamus
1623 3792 1685 3848 fieri
1709 3795 1826 3865 aliquid,
1857 3797 1932 3866 quod
1960 3814 2016 3852 non
2041 3799 2185 3869 expediat,
2206 3812 2232 3853 aa

534 3911 564 3958 ct
594 3910 699 3970 tamen,
731 3902 753 3956 si
784 3902 892 3957 licitum
923 3909 979 3966 est,
1010 3917 1066 3955 non
1092 3917 1155 3955 esse
1178 3907 1342 3971 peccatum,
1373 3900 1510 3970 quamvis,
1542 3900 1673 3970 quoniam
1701 3918 1758 3955 non
1789 3902 1915 3973 expedit,
1946 3920 2003 3958 non
2026 3904 2063 3959 sit
2086 3906 2185 3976 utique

533 4008 704 4065 faciendum.

639 4105 683 4169 Et
705 4117 779 4192 post
801 4127 924 4192 pauca:
950 4108 1012 4169 Ut⁷
1034 4114 1131 4185 igitur,
1156 4113 1180 4167 si
1201 4130 1354 4184 possum,
1379 4112 1492 4167 enitar
1515 4113 1590 4168 inter
1613 4114 1653 4182 id,
1678 4115 1753 4185 quod
1776 4113 1846 4170 licet
1870 4121 1900 4170 et
1923 4133 1979 4171 non
2003 4118 2132 4189 expedit,
2156 4127 2187 4174 et

532 4225 572 4291 id,
597 4223 672 4294 quod
692 4222 836 4277 nonlicet
855 4228 943 4292 atque
967 4221 1033 4275 ideo
1057 4239 1125 4275 non
1149 4220 1277 4290 expedit,
1302 4218 1396 4290 aliquo
1420 4226 1498 4274 certo
1522 4218 1579 4274 fine
1604 4221 1790 4292 distinguere,
1816 4238 1851 4276 ea
1865 4222 1931 4276 mibi
1947 4223 2081 4279 videntur
2099 4225 2186 4281 licere

361 4347 513 4397 er.1·.ot,1r.
533 4340 563 4385 et
593 4347 649 4385 non
680 4329 826 4400 expedire,
858 4346 931 4399 quae
961 4345 1014 4399 per
1043 4327 1180 4381 iustitiam
1210 4326 1336 4396 quidem,
1368 4343 1423 4396 que
1454 4342 1546 4380 coram
1570 4326 1634 4381 Deo
1658 4335 1713 4395 est,
1742 4328 1956 4399 permittuntur,
1987 4331 2039 4386 sed
2069 4339 2186 4403 propter
2204 4344 2232 4386 aa

532 4435 715 4491 offensionem
744 4436 895 4501 bominum,
925 4453 961 4490 ne
985 4434 1178 4504 impediantur
1200 4451 1218 4488 a
1240 4431 1344 4498 salute,
1368 4433 1484 4487 vitanda
1506 4442 1589 4501 sunt3
1621 4450 1656 4488 ea
1685 4451 1752 4489 vero
1781 4451 1837 4488 non
1865 4434 1954 4492 licere
1984 4444 2015 4492 et
2042 4438 2107 4493 ideo
2130 4455 2186 4493 non

533 4544 680 4615 expedire,
705 4560 777 4613 quae
801 4543 840 4597 sic
864 4542 927 4612 ipsa
950 4541 1059 4595 iustitia
1081 4547 1226 4607 vetantur,
1250 4547 1283 4594 ut
1306 4538 1438 4594 facienda
1461 4557 1516 4594 non
1540 4540 1607 4608 sint,
1632 4540 1744 4595 etiamsi
1766 4541 1803 4596 ab
1820 4542 1872 4610 eis,
1896 4542 1998 4613 quibus
2014 4543 2044 4597 in
2059 4545 2186 4599 notitiam

531 4651 638 4706 hrennt
660 4648 783 4721 perlata,
807 4666 863 4704 non
885 4648 1048 4703 laudentur.

363 4774 392 4816 er.
401 4773 472 4822 ruas,
481 4774 513 4816 rr.
638 4746 721 4811 Item
743 4759 962 4832 postpauca:
987 4748 1134 4826 Expedit⁸
1157 4759 1236 4821 tunc,
1260 4754 1374 4824 quando
1397 4770 1453 4808 non
1476 4752 1566 4808 solum
1588 4771 1641 4824 per
1663 4754 1809 4821 iustitiam,
1835 4773 1908 4826 quae
1933 4772 2026 4811 coram
2040 4757 2105 4813 Deo
2129 4766 2183 4825 est,

530 4864 716 4935 permittitur,
748 4863 799 4918 sed
824 4862 909 4916 etiam
932 4861 1090 4916 horninibus
1120 4860 1227 4915 nullum
1258 4878 1292 4915 er
1322 4859 1375 4916 boo
1404 4860 1637 4931 impedimentum
1666 4860 1764 4916 salutis
1794 4860 1925 4918 infertur.
1977 4863 2060 4919 Tune
2089 4872 2184 4920 autem
2203 4876 2232 4916 eo

639 5037 838 5088 tauctoritsts
857 5034 885 5084 V.
941 5035 1059 5100 imagine
1078 5033 1106 5083 V.
1163 5037 1193 5084 11
1215 5035 1313 5085 missus
1331 5032 1359 5084 V.
1414 5028 1565 5099 precipere]
1581 5035 1703 5100 recipere
1724 5034 1751 5084 V.
1808 5036 1841 5085 14
1860 5031 1980 5102 scripsit]
1996 5036 2138 5104 descripsit
2158 5037 2183 5088 V.

532 5128 619 5177 omnis
639 5126 666 5176 V.
747 5127 780 5175 18
800 5123 885 5175 idolio
906 5123 932 5173 V.
1014 5124 1046 5173 19
1064 5123 1156 5173 fratris
1176 5122 1203 5172 17.
1277 5124 1309 5173 21
1330 5123 1439 5173 tratrem
1459 5159 1466 5172 .
1486 5158 1493 5172 .
1513 5160 1519 5172 .
1539 5118 1731 5187 scandalizem]
1750 5123 1861 5175 fratrem
1880 5140 1979 5185 meum,
1998 5141 2054 5177 uon
2072 5126 2183 5177 mandu-

532 5218 601 5268 cabo
621 5232 730 5265 carnem
750 5215 777 5264 in
796 5221 945 5272 aeternnm,
972 5218 1001 5263 nt
1025 5227 1079 5262 non
1105 5212 1214 5263 tratrem
1233 5227 1320 5262 meum
1340 5209 1533 5271 scandalizem,
1558 5212 1595 5262 ita
1620 5212 1712 5262 houna
1736 5228 1766 5263 aa
1789 5212 1887 5278 duplici
1911 5214 1982 5265 uerbo
2000 5215 2111 5265 tratrem
2128 5224 2185 5266 orta

531 5305 621 5372 repleri
639 5304 708 5355 debet
725 5321 755 5354 ea
772 5302 891 5369 synodica
910 5301 1055 5352 Pas-iriensi.
1129 5301 1163 5351 28
1182 5295 1257 5366 qnid]
1278 5301 1324 5366 qui
1345 5300 1372 5354 l'.
1445 5299 1555 5350 diffiniri
1575 5300 1603 5351 V.
1683 5303 1717 5353 30
1737 5296 1822 5367 licita]
1840 5300 1948 5354 inlicita
1966 5303 1994 5353 V.
2067 5305 2100 5356 ill
2119 5300 2183 5369 sint]

531 5403 594 5446 sunt
613 5394 641 5444 V.
713 5394 811 5443 notitia
832 5391 858 5441 17.
932 5392 966 5441 38
986 5406 1040 5440 non
1058 5389 1125 5440 deest
1142 5389 1167 5438 17.
2202 5408 2230 5448 ω

641 5556 670 5626 1)
694 5557 725 5614 V.
749 5576 840 5633 supra
861 5574 895 5632 p.
912 5557 976 5614 498
999 5555 1017 5611 l.
1034 5557 1072 5613 21
1085 5573 1146 5629 sqq.
1246 5552 1277 5621 2)
1300 5552 1332 5609 17.
1356 5571 1447 5628 supra
1464 5572 1497 5628 p.
1514 5556 1578 5612 498
1600 5554 1619 5609 l.
1636 5556 1750 5629 2daqq.
1849 5553 1880 5626 3)
1903 5555 1936 5613 17.
1959 5575 2050 5632 supro
2067 5576 2102 5632 p.
2121 5560 2185 5616 498

531 5668 549 5723 1.
567 5669 610 5725 28
627 5685 700 5741 sqq,
736 5662 782 5720 ali
806 5664 897 5739 pluro
927 5663 1057 5738 leguntur
1086 5659 1172 5718 uerbo
1205 5678 1241 5717 ex
1270 5658 1416 5716 Ambrosio
1446 5668 1590 5735 exempta.
1706 5658 1737 5730 4)
1767 5661 1799 5718 V.
1822 5681 1913 5738 supro
1937 5681 1972 5738 p.
1995 5665 2059 5723 498
2089 5664 2107 5720 l.
2133 5666 2181 5722 33.

449 5847 457 5861 .
533 5773 565 5842 5)
587 5772 619 5829 V.
643 5789 733 5846 supra
751 5790 784 5846 p.
801 5772 865 5829 498
888 5770 907 5824 l.
925 5771 963 5827 34
975 5787 1036 5842 sqq.
1122 5766 1153 5836 6)
1176 5765 1208 5823 17.
1225 5784 1315 5841 supro
1333 5785 1368 5840 p.
1385 5768 1454 5830 498,
1471 5766 1491 5822 1.
1508 5769 1548 5825 39
1559 5786 1620 5842 sqq.
1706 5767 1736 5838 l)
1759 5768 1791 5825 V.
1811 5788 1901 5845 sapsa
1919 5773 2031 5845 prae
2054 5771 2072 5826 1.
2090 5773 2182 5846 daqq.

533 5879 563 5948 8)
586 5878 618 5935 17.
642 5896 732 5953 supra
750 5896 783 5952 p.
801 5879 862 5935 499
885 5876 1015 5952 l9rqq.
