4884 6717
686 523 739 578 44.
775 520 992 577 CONCILIUM
1016 521 1244 578 PARISIENSE
1268 523 1306 577 A.
1328 520 1402 576 825.
1805 517 1869 580 519

215 727 348 790 potestas.
380 719 432 773 Est
453 718 510 772 alia
531 718 655 772 adoratio
676 718 780 772 timoris
800 717 921 788 proprie,
942 717 1011 771 sicut
1034 717 1119 772 laceb
1142 719 1268 773 aderaut
1288 719 1370 772 Esau.
1403 719 1453 773 Est
1469 720 1564 774 iterum
1581 721 1707 775 adoratio
1723 722 1871 776 secundum
1889 740 1985 781 steen.

215 827 344 898 gratiam,
366 825 437 879 sicut
457 824 599 879 Abraham
621 831 734 895 propter
755 842 861 896 agrum,
883 841 967 895 quem
988 825 1096 894 accepit
1117 843 1134 878 a
1155 824 1219 879 filiis
1233 826 1287 879 Eth
1311 826 1338 879 in
1360 827 1529 896 sepulturam
1552 826 1638 881 Sarac
1660 827 1783 882 mulieris
1804 829 1872 898 eius,
1890 794 2025 906 ,mm

217 941 246 986 et
267 933 394 986 adoravit
423 949 480 986 cos.
524 932 575 985 Est
602 931 699 986 iterum
729 932 863 996 adoratio,
891 949 952 985 cum
982 932 1102 986 creditur
1128 932 1224 1002 aliqua
1252 933 1387 1003 protectio
1416 933 1529 1003 adipisci
1558 951 1575 987 a
1597 935 1872 1005 supereminentibus,

217 1040 287 1093 sicut
309 1038 394 1093 Iacob
415 1038 599 1093 Pharaonem.
643 1038 695 1091 Est
723 1055 789 1092 rara
817 1044 845 1092 et
866 1038 1018 1092 certissima
1039 1039 1175 1108 ademtis,
1203 1057 1277 1110 quae
1300 1040 1350 1094 soli
1373 1040 1489 1094 debetur
1510 1042 1690 1110 omnipotenti
1712 1051 1740 1095 et
1762 1042 1872 1096 (lisinae
1890 1070 2052 1120 ,mmm

182 1167 196 1207 s
218 1146 366 1212 maiestati,
398 1145 467 1199 sicut
491 1145 557 1199 dicit
584 1145 730 1215 scriptura:
761 1143 913 1201 Dominum
938 1144 1030 1200 Deam
1054 1153 1129 1200 uram
1152 1144 1288 1202 adorabis
1318 1153 1344 1202 st
1371 1145 1413 1202 illi
1434 1146 1487 1202 seli
1508 1146 1621 1203 seruies.
1668 1149 1750 1202 lianc
1779 1158 1871 1202 autern
1891 1177 1971 1216 M,
1980 1178 2000 1225 ⁴,
2009 1176 2043 1215 10,

218 1253 407 1307 celerationem
430 1253 465 1306 ad
487 1252 592 1306 nullam
613 1259 767 1305 creaturam
789 1252 854 1306 licet
874 1252 1022 1306 mansferre
1044 1270 1095 1306 uec
1117 1253 1144 1306 in
1166 1254 1330 1307 manufactis
1351 1254 1484 1307 inmutare
1509 1256 1540 1307 et
1564 1258 1682 1309 cetera

325 1350 529 1434 Augustinus
552 1350 585 1413 in
607 1347 691 1412 libro
715 1350 819 1435 primo
850 1360 983 1413 sanetae
1013 1349 1176 1430 trinitatis,
1208 1371 1281 1414 curn
1312 1349 1353 1414 de
1378 1349 1500 1437 Spiritu
1532 1362 1644 1415 saneto
1674 1350 1871 1438 loqueretur,

219 1457 304 1521 inter
333 1467 443 1520 cetera
471 1457 593 1542 inquit:
625 1461 721 1519 Patri¹
749 1473 776 1519 ct
804 1464 861 1519 filio
883 1483 993 1535 prorsus
1015 1464 1131 1535 Spiritus
1152 1475 1262 1519 sanctus
1284 1466 1410 1536 aequalis
1432 1474 1461 1520 et
1483 1467 1509 1520 in
1531 1468 1660 1520 trinitatis
1681 1469 1786 1522 raritate
1808 1487 1872 1523 con·

220 1573 410 1628 substantialis
439 1582 466 1627 et
495 1581 666 1627 coaetemus.
712 1573 832 1626 llarime
861 1589 926 1626 vero
954 1572 1002 1625 ille
1029 1573 1092 1626 loco
1122 1573 1188 1626 satis
1217 1581 1344 1643 apparet,
1373 1574 1448 1644 quod
1476 1573 1591 1643 Spiritus
1621 1582 1730 1628 saneim
1758 1594 1812 1629 non
1839 1578 1872 1629 sit

176 1687 356 1746 mercatura,
378 1679 423 1733 ubi
446 1679 571 1733 iubemur
592 1698 646 1733 non
669 1680 771 1733 servire
794 1685 947 1748 creaturae,
968 1679 1017 1732 sed
1040 1679 1167 1740 creatori,
1188 1697 1244 1733 non
1266 1697 1299 1732 eo
1321 1680 1413 1741 modo,
1435 1699 1491 1751 qno
1514 1680 1639 1735 iubemur
1659 1699 1709 1750 per
1730 1683 1872 1736 caritatem
1892 1709 2051 1759 ,mmm

220 1787 322 1841 servire
345 1787 471 1854 invicem,
493 1788 566 1856 qnod
590 1797 630 1839 est
653 1787 762 1840 (leaena
784 1786 906 1854 duleuin,
927 1786 975 1840 scd
998 1803 1032 1839 eo
1053 1788 1145 1846 medo,
1166 1803 1222 1857 quo
1246 1795 1350 1839 tantum
1373 1786 1435 1839 Deo
1457 1787 1581 1854 servitor,
1603 1788 1678 1857 ‹pued
1702 1797 1742 1841 est
1764 1789 1873 1846 Graece
1892 1815 2045 1865 ,powg

221 1894 349 1958 latreuin,
370 1894 443 1947 unde
465 1893 600 1947 idolatrae
621 1893 756 1958 dicuntur,
785 1893 832 1963 qui
855 1892 1006 1946 simulacris
1035 1911 1098 1946 cam
1119 1893 1277 1947 servitutem
1300 1893 1439 1962 exhibent,
1469 1911 1541 1964 sperae
1570 1893 1686 1948 debetur
1708 1895 1779 1948 Deo,
1825 1895 1872 1949 Sc·

221 2001 338 2053 cundum
360 2000 431 2054 lianc
454 1999 525 2053 enim
547 2000 706 2053 servitutem
722 1999 824 2053 diemm
841 2009 897 2052 est:
921 1997 1072 2054 Dominum
1096 1997 1188 2053 Deum
1211 2005 1286 2053 trium
1310 1998 1446 2055 adorabis
1469 2008 1495 2054 et
1516 1998 1557 2054 illi
1578 1999 1631 2055 soli
1651 2000 1764 2057 seruies.
1803 2003 1873 2058 Nam
1893 2029 2044 2080 n.1ffl,4‚10,

221 2107 274 2160 hue
296 2106 448 2160 distinctius
469 2107 496 2160 in
519 2106 629 2160 Graeca
650 2107 785 2176 scriptura
806 2105 957 2159 invenitur:
980 2106 1106 2159 latreusis
1128 2106 1200 2160 enim
1222 2105 1316 2159 habet,
1351 2106 1439 2160 Porro
1461 2107 1482 2159 si
1504 2107 1554 2160 tali
1577 2107 1708 2160 sen-truse
1730 2117 1873 2164 creabuas

179 2233 204 2273 is
222 2214 324 2268 seruire
345 2213 531 2283 prohibemur,
553 2213 776 2283 ‹pilandoquidem
799 2212 899 2266 dictum
922 2221 976 2266 est:
1009 2210 1159 2268 Dentiaum
1183 2211 1274 2267 Deam
1306 2220 1380 2268 tuum
1411 2212 1546 2269 adorabis
1576 2221 1602 2269 et
1623 2211 1666 2268 illi
1686 2213 1740 2270 seli
1760 2214 1873 2285 seruies,
1893 2242 1923 2285 is,

222 2321 294 2374 unde
311 2327 340 2374 et
354 2321 494 2389 apostolus
510 2321 661 2374 detestatur
677 2337 734 2388 eos,
756 2320 803 2390 qui
820 2319 962 2373 coluerimt
977 2328 1005 2372 et
1021 2320 1172 2373 servierunt
1188 2328 1330 2373 creaturae
1347 2321 1535 2391 potiusquam
1551 2321 1668 2374 creatori
1687 2350 1737 2389 -,
1759 2341 1814 2375 non
1833 2331 1875 2377 est
1892 2348 2052 2400 ethomme.

222 2428 319 2497 ntique
348 2435 475 2481 areauna
504 2425 620 2496 Spiritus
646 2433 764 2493 sanctus,
793 2427 836 2479 cui
864 2426 901 2480 ab
930 2426 1056 2480 omnibus
1085 2425 1185 2479 sanctis
1211 2426 1276 2478 talis
1297 2428 1413 2480 servitus
1436 2427 1581 2481 exhibetur
1602 2427 1713 2482 dicente
1734 2431 1873 2499 apostolo:

224 2531 286 2588 Nes
308 2531 379 2588 caim
402 2551 496 2589 sumtis
519 2531 692 2588 circumcisio
715 2531 837 2607 Spirihri
858 2530 917 2588 Dei
937 2531 1097 2602 servientes,
1121 2533 1195 2603 quod
1218 2545 1259 2586 est
1280 2534 1307 2586 in
1330 2533 1439 2586 Graeco
1462 2533 1638 2588 latreuontes.
1681 2535 1780 2590 Plures
1802 2536 1874 2590 enim
1893 2562 2009 2615 puppi,

223 2640 332 2693 codices
354 2640 437 2694 etiam
458 2640 552 2694 Latini
573 2639 611 2692 sie
633 2639 746 2708 habent,
768 2636 817 2714 qni
838 2637 940 2713 spiritu
963 2637 1021 2694 Dei
1041 2638 1184 2695 serviatur.
1231 2639 1303 2692 Nam
1330 2639 1411 2693 latria
1434 2641 1534 2706 Grece,
1563 2641 1663 2695 Latine
1691 2642 1806 2696 servitus
1834 2644 1874 2697 di·

178 2772 206 2812 ,ο
224 2747 303 2812 citur,
324 2763 397 2816 quae
420 2753 551 2816 quantum
573 2747 609 2800 ad
632 2764 727 2800 veram
748 2746 909 2816 religionem
931 2746 1038 2808 attinet,
1059 2765 1113 2800 nou
1135 2745 1185 2799 nisi
1207 2747 1254 2799 uni
1277 2756 1304 2798 et
1327 2746 1377 2800 soli
1400 2747 1463 2800 Deo
1484 2747 1600 2800 debetur
1623 2749 1655 2802 et
1679 2749 1798 2805 cetera.

331 2842 413 2907 Item
437 2842 612 2928 Augustini
637 2844 669 2907 in
694 2842 776 2907 libro
800 2844 841 2907 de
865 2845 993 2906 animae
1018 2844 1215 2928 quantitate:
1240 2850 1340 2907 Dens²
1364 2865 1455 2906 autem
1479 2854 1649 2907 inmortalem
1666 2855 1783 2908 animam
1800 2855 1875 2926 feeit,

225 2969 254 3013 ut
276 2959 382 3029 opinor,
403 2960 455 3012 nisi
477 2959 547 3013 forte
569 2959 618 3014 tibi
641 2960 723 3014 aliter
744 2961 859 3014 videtur.
905 2960 979 3030 Ergo
1001 2967 1032 3013 tu
1054 2960 1143 3013 velles
1157 2959 1227 3013 talia
1248 2959 1307 3012 lieri
1330 2960 1365 3013 ab
1386 2961 1548 3022 hominibus,
1570 2960 1667 3030 qualia
1689 2961 1766 3014 Deus
1788 2962 1875 3016 iecit?

225 3066 288 3120 Non
317 3066 446 3136 equidem
473 3067 526 3120 hoe
555 3067 680 3134 dixerim,
707 3068 755 3120 sed
785 3067 1016 3137 quemadmodum
1047 3067 1105 3137 ipse
1136 3067 1287 3121 irurmrtalis
1316 3068 1461 3121 inmortale
1484 3068 1613 3136 quiddam
1636 3067 1702 3120 fecit
1725 3069 1759 3121 ad
1781 3069 1874 3123 simili·

223 3173 345 3226 tudinem
367 3191 455 3238 suam,
476 3173 514 3225 sie
537 3181 565 3227 ct
585 3191 645 3238 nos,
673 3174 831 3227 inmortales
852 3191 869 3226 a
893 3173 954 3226 lieo
976 3173 1052 3238 facti,
1074 3175 1108 3228 ad
1130 3174 1332 3228 sirrrilitudinem
1355 3183 1474 3227 nostram
1497 3174 1571 3244 ‹puod
1595 3174 1709 3227 facimus
1730 3174 1876 3230 inmortale

178 3304 206 3345 2⁶
224 3297 284 3332 csse
307 3279 431 3333 deberet.
477 3280 564 3334 Recte
593 3281 708 3346 diceres,
737 3281 757 3334 si
786 3281 822 3334 ad
852 3279 910 3333 cius
938 3280 1084 3350 imaginem
1113 3281 1241 3351 pingeres
1269 3280 1403 3342 tabulam,
1432 3281 1506 3351 ‹pstoil
1534 3281 1560 3333 in
1591 3290 1619 3333 te
1648 3281 1793 3335 inmortale
1816 3299 1876 3336 esse

224 3387 324 3450 credis,
350 3404 420 3440 nunc
444 3404 508 3439 vero
531 3387 558 3440 in
581 3404 615 3439 ea
637 3387 766 3456 exprimis
787 3386 989 3440 similitudinem
1012 3388 1143 3457 corporis,
1165 3387 1240 3458 ‹puod
1262 3387 1386 3456 proiecto
1408 3388 1524 3440 mortale
1547 3395 1596 3440 cst.
1643 3389 1787 3452 eremodo
1809 3407 1876 3460 ergo

224 3512 283 3547 sum
306 3493 400 3547 similis
422 3493 495 3550 Deo.
523 3511 584 3546 eum
612 3493 765 3547 inmortalia
787 3493 864 3547 nulla
892 3511 1001 3563 perseum
1031 3494 1125 3548 faeere
1154 3501 1183 3547 ut
1212 3494 1282 3547 illc?
1327 3495 1471 3557 Quomodo
1499 3511 1549 3547 nec
1579 3494 1669 3562 imago
1691 3496 1814 3565 corporis
1835 3495 1874 3549 tui

224 3607 315 3670 potest
336 3600 388 3653 hoe
411 3600 515 3670 valere,
537 3601 611 3669 qued
633 3609 709 3653 tuum
731 3618 830 3670 corpus
851 3601 937 3660 valet,
964 3602 1001 3654 sic
1030 3601 1122 3655 anima
1142 3620 1197 3655 neu
1220 3601 1372 3654 mirandum
1395 3608 1446 3660 est,
1475 3601 1496 3655 si
1518 3601 1669 3671 potentiam
1692 3608 1797 3654 tantam
1820 3619 1875 3656 non

223 3706 309 3759 hahet
330 3715 462 3777 quantam
483 3708 541 3766 ille,
562 3708 598 3760 ad
620 3707 695 3760 cirins
717 3706 919 3760 similitudinem
942 3708 1016 3762 facta
1038 3719 1078 3762 est
1102 3710 1134 3762 et
1158 3709 1277 3762 cetera.

178 3839 207 3879 ω
331 3803 459 3891 luydori
484 3805 627 3890 episCOpi
653 3803 692 3868 de
718 3805 859 3889 pictura:
890 3811 1022 3868 Pictura³
1051 3823 1142 3869 autem
1170 3822 1211 3868 est
1241 3815 1332 3882 inrogo
1361 3815 1515 3885 exprimens
1542 3816 1659 3884 speciem
1687 3816 1727 3869 rei
1751 3816 1877 3882 alicuius,

224 3939 308 3992 quae,
328 3921 392 3974 dum
414 3921 472 3974 visa
493 3920 584 3982 scierit,
605 3922 641 3974 ad
663 3921 878 3975 recordationem
902 3932 1020 3976 urentem
1042 3923 1154 3977 reducit.

331 4017 432 4082 Item:
456 4023 615 4081 Picturarn⁴
639 4029 710 4082 euim
725 4029 859 4099 Aegyptii
881 4031 1105 4098 cicergitavenrnt
1128 4031 1245 4100 primum
1266 4030 1389 4084 urnbnuu
1412 4029 1527 4082 hominis
1548 4029 1627 4082 lineis
1649 4030 1870 4097 ‹·irc1uruluetam;

225 4135 319 4205 itaque
341 4134 418 4188 initio
440 4135 513 4199 talis,
535 4135 654 4187 secunda
675 4135 789 4204 siugulis
812 4136 958 4196 colerilrus.
985 4145 1082 4206 postea
1111 4137 1225 4191 diversis
1252 4137 1345 4206 sicutte
1369 4136 1502 4206 {ssulatim
1526 4154 1585 4188 sese
1608 4153 1652 4188 ars
1674 4137 1733 4206 ipsa
1756 4136 1877 4190 ‹listirrxit

225 4252 253 4295 ct
276 4241 379 4295 invenit
400 4243 491 4295 lumen
513 4249 598 4312 utque
614 4241 723 4294 urribras
738 4241 964 4312 differentiasque
981 4244 1110 4297 (olonna
1147 4237 1249 4298 lintei
1265 4252 1291 4296 et
1308 4261 1378 4296 ritune
1394 4243 1511 4312 pictores
1527 4244 1602 4312 prius
1617 4243 1726 4296 urrrbras
1743 4244 1876 4314 quasdam

181 4370 208 4412 ps
225 4359 252 4402 et
275 4349 362 4404 lineas
384 4349 492 4403 summe
514 4347 639 4420 imaginis
660 4348 773 4412 elucent,
794 4349 892 4402 deiude
914 4350 1052 4403 coloribus
1074 4352 1213 4419 corripient
1235 4359 1360 4402 tenentes
1382 4351 1504 4403 oniiuern
1528 4350 1654 4404 iuventae
1677 4350 1751 4402 artis.

331 4446 431 4510 Item:
463 4451 599 4509 Colores⁴³
627 4463 718 4508 autern
741 4456 838 4520 (lictus,
865 4457 939 4526 quod
968 4458 1060 4509 calore,
1084 4456 1152 4524 ignis
1174 4457 1216 4510 vel
1241 4455 1305 4510 solis
1328 4455 1505 4526 perficiuntur
1527 4457 1584 4510 sive
1607 4457 1681 4527 qrsod
1704 4456 1780 4510 initio
1802 4456 1874 4508 cola·

223 4562 333 4624 bantur,
355 4571 385 4616 ut
407 4580 528 4616 summae
551 4562 708 4616 subtilitatis
730 4562 878 4617 existerent
902 4564 934 4616 et
957 4565 1075 4616 cetera.

332 4658 427 4723 Unde
451 4660 590 4744 primum
614 4671 729 4723 exorta
753 4661 794 4723 sit
818 4661 850 4724 in
875 4658 1023 4723 ecelesiis
1044 4656 1259 4723 Orientalium
1284 4659 1461 4744 imaginum
1485 4660 1679 4723 destructio:
1708 4660 1876 4740 'syranno-»²

224 4775 335 4846 quidam
362 4774 413 4828 snit
435 4775 563 4830 Selemsn
585 4778 703 4840 nomine,
730 4778 895 4844 Aggereuus
924 4795 1034 4844 genere.
1081 4778 1141 4841 Qtro
1174 4775 1304 4829 ‹lcfunctu
1335 4777 1464 4828 successit
1487 4776 1625 4829 llumarus
1654 4775 1680 4828 in
1709 4793 1804 4842 reguo,
1831 4772 1874 4825 cui

177 4904 206 4941 ιο
224 4882 320 4936 iterum
343 4883 473 4936 suecessit
490 4882 598 4946 lizidus,
620 4883 661 4936 vir
683 4884 765 4937 viride
789 4884 857 4937 levis
879 4893 906 4936 et
929 4883 1066 4952 insipieus.
1101 4884 1190 4937 Huius
1212 4882 1284 4936 cuim
1307 4882 1474 4952 tetrantibus
1496 4890 1554 4935 erat
1578 4882 1690 4951 quidum
1714 4881 1739 4934 in
1757 4879 1875 4934 beriade

332 5094 362 5142 ll
383 5086 505 5154 duleuin]
526 5086 658 5138 δουλεύειν
675 5093 709 5142 al.
722 5109 782 5141 nean
795 5107 916 5156 superior.
930 5090 961 5140 P.
1025 5093 1057 5142 12
1077 5084 1205 5153 latreuin]
1218 5085 1350 5151 λατρεύειν
1361 5092 1395 5140 ai.
1408 5109 1468 5140 nien
1480 5107 1602 5154 superscr.
1623 5090 1653 5140 P.
1710 5089 1742 5138 18
1761 5089 1875 5153 Spiritui

223 5197 316 5230 οσον-ν,
337 5179 367 5230 Ρ.
459 5183 492 5232 37
516 5177 618 5243 cetera]
639 5181 666 5230 in
685 5181 742 5230 edd.
760 5188 898 5246 sequuntur
915 5180 962 5230 illa
979 5197 1009 5230 ec
1028 5180 1170 5245 :luparum
1187 5179 1319 5245 dearmpte
1337 5176 1416 5232 litem
1437 5180 1606 5242 Augustinus
1627 5203 1658 5212 -
1679 5176 1830 5228 illustratur
1847 5185 1875 5228 et

223 5269 322 5319 fruitur
340 5277 368 5319 et
387 5277 487 5327 catera,
505 5269 578 5334 infra
593 5289 621 5334 p.
635 5275 688 5320 520
706 5271 723 5320 1.
739 5267 862 5330 11-31),
881 5287 944 5336 quae
962 5270 989 5318 in
1007 5269 1088 5319 seduc
1103 5277 1160 5334 post
1178 5269 1250 5318 cerba
1270 5269 1347 5318 l'nde
1361 5270 1474 5333 primum
1489 5284 1597 5317 -cum
1612 5267 1714 5318 honere
1732 5268 1875 5317 restitutae

225 5364 253 5407 et
271 5365 372 5416 cetera,
390 5375 469 5423 supra
487 5359 504 5408 1.
518 5365 552 5408 3⁸
563 5385 596 5392 -·
604 5379 632 5424 p.
646 5363 699 5409 520
717 5360 734 5410 l.
749 5363 791 5416 13,
811 5359 935 5424 bpnntor.

178 5586 206 5626 ω
335 5551 363 5634 1)
386 5558 566 5634 deprecantis,
590 5559 637 5615 De
659 5558 784 5615 trinitate
807 5557 868 5614 Ic.
887 5563 907 5616 6
929 5555 1024 5630 §15ss
1056 5557 1131 5633 opp.
1154 5557 1235 5622 VIII,
1254 5560 1324 5616 756.
1394 5549 1424 5626 2)
1447 5557 1479 5612 V,
1502 5577 1592 5632 supra
1613 5577 1644 5632 p.
1662 5559 1723 5614 493
1746 5557 1764 5612 l.
1783 5561 1874 5632 3sqq.

227 5659 256 5738 3)
279 5663 311 5720 V.
335 5685 425 5740 supra
442 5685 475 5740 p.
493 5669 551 5724 aut
576 5667 593 5720 l.
613 5670 724 5740 ltisqq.
831 5657 861 5734 1)
884 5664 916 5721 V.
940 5684 1030 5739 supra
1049 5685 1083 5740 p.
1099 5669 1158 5724 1111
1183 5666 1202 5720 l.
1224 5669 1258 5723 221
1271 5685 1332 5740 sqq.
1436 5658 1466 5741 5)
1490 5662 1626 5734 Isidorus,
1652 5663 1775 5736 Etymol.
1800 5662 1881 5719 m

226 5793 249 5827 c.
267 5776 306 5830 16
327 5769 404 5846 §25
429 5769 502 5846 opp.
520 5770 574 5841 IV,
591 5777 662 5830 1311.
770 5763 800 5844 6)
825 5771 899 5827 Ibid.
925 5792 948 5827 c.
966 5774 1005 5831 17
1027 5771 1051 5840 ,b'
1066 5777 1104 5840 2,·
1128 5773 1146 5828 l.
1163 5773 1181 5827 l.
1290 5767 1320 5832 ll
1346 5769 1451 5828 Ceucil.
1476 5770 1597 5827 Nicaea,
1622 5780 1676 5827 act,
1701 5770 1752 5840 V.‚·
1778 5769 1878 5825 Mami

225 5877 312 5947 ΧΙΙῙ,
331 5881 398 5936 197.
447 5876 496 5948 Cf.
521 5878 633 5949 Hesele,
658 5877 875 5946 1.1.ΠῙ,371.
