4884 6717
526 527 589 592 728
942 532 994 588 56.
1030 531 1250 590 CONCILIUM
1273 531 1603 596 AQUISGRANENSE
1626 533 1664 589 A.
1685 532 1760 589 836.

629 719 775 785 XXVII.
815 720 909 800 Quae
939 719 1126 784 Menelaum
1160 741 1219 807 pro
1253 742 1302 802 eo,
1338 718 1427 806 quod
1453 717 1609 783 Anthioci
1642 720 1729 804 regis
1759 718 1803 783 ad
1833 719 2027 805 capiendum
2059 727 2092 783 et
2121 740 2178 783 ex-

522 826 713 915 poliandum
736 826 892 914 templum
915 827 1050 891 Domini
1075 824 1191 890 ductor
1213 834 1247 889 et
1270 825 1457 890 consiliator
1479 826 1596 907 extitit,
1621 848 1728 912 poena
1751 836 1928 890 consecuta
1952 835 2010 889 est.

630 932 793 998 XXVIII.
833 932 923 1014 Quid
952 932 1150 997 Heliodorus
1181 933 1381 1018 comitesque
1412 932 1482 996 eius
1512 932 1685 1014 aerarium,
1715 932 1750 996 id
1780 941 1830 997 eat
1851 931 2008 1017 templum
2031 931 2178 1014 Domini,

523 1041 672 1127 pecuniis
694 1040 769 1104 Deo
793 1038 910 1104 oblatis
933 1049 967 1103 et
989 1036 1031 1103 ab
1056 1038 1128 1102 aliis
1151 1037 1308 1125 depositis
1332 1037 1501 1124 expoliare
1524 1048 1719 1124 temptantes
1743 1039 1891 1126 perpessi
1914 1039 1988 1103 sint.

630 1146 810 1210 XXVIIII.
850 1146 948 1226 Quod
970 1147 1005 1209 in
1028 1144 1109 1210 locis
1132 1144 1206 1209 Deo
1232 1144 1347 1209 dicatis
1377 1166 1455 1208 vere
1483 1146 1525 1209 sit
1547 1145 1613 1208 Dei
1642 1146 1746 1210 virtus
1774 1168 1951 1232 eorumque
1974 1146 2124 1210 visitator
2145 1155 2179 1210 et
2199 1172 2215 1212 a

523 1253 652 1317 adiutor
675 1254 717 1318 sit
739 1252 831 1317 Deus
856 1264 888 1318 et
910 1254 1081 1317 venientes
1105 1251 1148 1316 ad
1170 1249 1433 1316 maleficiendum
1455 1252 1618 1338 percutiat
1640 1274 1679 1316 ae
1702 1251 1828 1339 perdat.

629 1360 741 1425 XXX.
782 1359 879 1441 Quod
906 1360 980 1424 Deo
1012 1358 1131 1441 oblata,
1168 1380 1253 1446 quae
1283 1359 1395 1444 utique
1428 1358 1630 1422 sanctificata
1659 1369 1828 1442 vocantur,
1864 1359 2043 1424 seeundum
2075 1358 2179 1425 verba

522 1467 642 1548 Iudith,
667 1466 709 1531 ab
732 1466 794 1549 his,
819 1464 937 1554 quibus
961 1467 1061 1531 officii
1084 1488 1149 1530 non
1174 1477 1233 1541 est,
1257 1463 1346 1529 nullo
1370 1463 1467 1528 modo
1491 1464 1613 1528 auferri
1636 1487 1697 1529 nec
1718 1466 1867 1551 contingi
1890 1466 1940 1529 fas
1964 1467 2015 1530 sit.

630 1574 759 1639 XXXI.
799 1573 895 1654 Quod
913 1574 1012 1638 Ozias
1032 1596 1092 1637 rex
1115 1594 1174 1659 pro
1198 1594 1248 1654 eo,
1273 1570 1360 1658 quod
1383 1569 1587 1635 sacerdotale
1610 1571 1825 1636 ministerium
1846 1570 1910 1636 sibi
1926 1571 2070 1638 indebite
2086 1596 2177 1638 usur·

501 1667 624 1767 pavit,
648 1680 739 1767 lepra
761 1680 892 1744 multari
914 1682 1079 1744 meruerit.
2197 1704 2224 1744 ro

895 1803 1174 1868 EXPLICIUNT
1198 1801 1427 1868 CAPITULA
1449 1802 1572 1866 LIBRI
1595 1801 1805 1870 SECUNDI.

940 2034 1173 2101 INCIPIUNT
1198 2033 1427 2100 CAPITULA
1449 2033 1572 2097 LIBRI
1595 2032 1759 2097 TERTII.

630 2160 710 2246 Cap.
735 2160 761 2224 Ι.
802 2159 900 2240 Quod
916 2159 1080 2240 Salomon,
1105 2158 1295 2224 aedificator
1313 2158 1441 2223 Iudaici
1464 2157 1587 2244 templi,
1611 2156 1826 2245 redemptoris
1841 2160 1943 2223 nostri
1961 2171 1993 2225 et
2009 2159 2175 2247 templum,

522 2267 610 2354 quod
634 2266 830 2347 aedificavit,
854 2277 967 2352 typum
991 2265 1128 2351 gesserit
1152 2265 1311 2330 ecelesiae
1336 2265 1525 2331 catholicae.

629 2373 673 2437 H.
713 2372 812 2453 Quod
834 2372 922 2437 idem
946 2396 1005 2436 rex
1027 2383 1139 2436 noster
1152 2373 1310 2459 pacificus
1328 2371 1476 2438 Christus
1501 2371 1674 2436 ecclesiam
1697 2372 1731 2435 in
1754 2372 1816 2437 hoe
1839 2373 1980 2455 saeculo,
2005 2374 2092 2461 quod
2115 2396 2176 2461 per
2194 2404 2221 2444 rs

523 2491 646 2567 septem
672 2480 741 2544 dies
765 2478 937 2560 evolvitur,
962 2490 1130 2543 construat
1152 2490 1185 2543 et
1208 2480 1242 2542 in
1264 2480 1383 2560 futuro,
1407 2478 1442 2543 id
1466 2489 1515 2543 eat
1536 2480 1571 2542 in
1587 2489 1703 2544 octavo
1719 2478 1783 2562 die,
1807 2503 1880 2544 eam
1897 2479 2105 2545 dedicaturus
2122 2483 2174 2546 sit.

629 2587 690 2650 HI.
730 2585 827 2666 erod
851 2586 934 2649 duae
959 2587 1023 2650 sint
1047 2586 1264 2668 confusiones,
1288 2609 1354 2650 una
1376 2588 1409 2650 in
1433 2587 1608 2672 praesenti,
1632 2585 1735 2649 altera
1757 2587 1792 2649 in
1814 2587 1921 2651 futuro
1946 2587 2086 2668 saeculo,
2109 2610 2175 2652 una

523 2716 607 2784 quae
630 2717 690 2780 per
712 2692 945 2780 paenitentiam
968 2690 1149 2756 remedium
1174 2693 1271 2778 capit,
1297 2692 1399 2757 altera
1422 2715 1507 2779 qnae
1531 2691 1666 2757 alteram
1689 2715 1829 2779 poenam
1853 2692 2005 2758 flebiliter
2027 2695 2175 2760 incurrit.

630 2800 707 2865 IIII.
751 2798 900 2879 Qualiter
933 2798 1072 2863 ecclesia
1108 2797 1229 2862 Christi
1264 2798 1305 2863 ab
1341 2798 1476 2864 exordio
1510 2800 1690 2863 nativitatis
1722 2822 1800 2864 suae
1836 2802 1979 2888 eoeperit
2015 2823 2174 2884 crescere,

523 2907 652 2971 dilatari
675 2929 714 2970 ao
737 2906 913 2992 propagari
937 2917 969 2970 et
992 2905 1135 2969 fidelium
1160 2904 1378 2970 oblationibus
1402 2908 1577 2971 munerari.
2194 2938 2221 2978 ,ο

629 3012 670 3076 V.
711 3012 807 3092 Quod
831 3022 931 3098 caput
954 3022 1098 3076 nostrum
1123 3009 1272 3076 Christus
1296 3011 1404 3077 oblata
1427 3012 1571 3077 fidelium
1595 3015 1778 3099 suscepisse
1801 3037 1867 3079 non
1890 3013 2075 3101 ambigitur.

629 3119 686 3184 VI.
727 3118 825 3199 Quod
848 3120 903 3205 qui
928 3118 1052 3204 aliquid
1076 3118 1116 3182 de
1141 3118 1282 3182 ecclesia
1304 3119 1430 3183 furatur
1451 3118 1554 3183 Iudae
1577 3119 1704 3206 perdito
1729 3132 1944 3207 comparetur.

629 3226 705 3290 VII.
746 3225 843 3307 Quod
866 3224 988 3289 ideireo
1004 3225 1167 3289 Dominus
1191 3236 1224 3290 et
1247 3224 1433 3311 redemptor
1449 3236 1559 3291 noster
1573 3225 1695 3292 loculos
1711 3225 1833 3292 habere
1849 3227 1998 3310 voluerit,
2023 3250 2061 3292 eo
2086 3227 2173 3315 quod

522 3332 663 3398 eeclesia
686 3334 788 3419 ipsius
810 3331 933 3397 loculos
957 3354 1032 3396 suos
1056 3330 1207 3395 habitura
1232 3343 1326 3396 esset.

629 3439 722 3504 VIII.
763 3438 860 3519 Quod
891 3440 984 3503 iuxta
1013 3437 1101 3501 beati
1124 3438 1307 3502 Hieronimi
1338 3437 1567 3502 documentum
1598 3440 1654 3526 qui
1685 3441 1768 3526 stipe
1797 3441 1909 3528 templi
1934 3453 1967 3506 et
1996 3442 2057 3525 hia,
2089 3465 2173 3530 quae
2191 3470 2219 3512 as

522 3546 733 3611 conferuntur
755 3547 789 3610 in
811 3569 890 3610 usus
915 3544 1084 3626 ecclesiae,
1108 3544 1287 3609 abutuntur
1309 3547 1343 3609 in
1373 3544 1445 3609 aliis
1473 3545 1582 3628 rebus,
1613 3545 1731 3632 quibus
1761 3569 1852 3611 suam
1885 3547 2039 3635 expleant
2061 3549 2174 3613 volun·

522 3663 631 3734 tatem,
667 3652 788 3716 similes
821 3653 885 3717 sint
915 3650 1096 3716 scribarum
1126 3663 1158 3715 et
1188 3651 1405 3716 sacerdotum>
1423 3651 1651 3716 redimentium
1681 3652 1887 3718 mendacium
1920 3666 1952 3720 et
1981 3657 2174 3741 sanguinem

522 3759 702 3823 salvatoris.

628 3865 737 3930 VIIII.
778 3865 830 3929 De
854 3875 1030 3949 unguento,
1054 3887 1118 3951 quo
1143 3864 1259 3930 mulier
1281 3888 1400 3951 corpus
1423 3865 1558 3929 Domini
1581 3868 1744 3952 perunxit.

628 3972 670 4037 X.
711 3972 763 4036 De
787 3970 888 4035 vidua
911 3971 992 4036 duos
1014 3993 1164 4035 nummos
1187 3973 1220 4034 in
1244 3971 1496 4057 gazophilatium
1521 3973 1667 4036 mittente
1692 3984 1723 4036 et
1747 3973 1826 4060 qnid
1850 3974 1892 4038 sit
1909 3974 2173 4061 gazophilatium.
2192 4004 2220 4044 ao

628 4078 688 4142 XI.
729 4077 817 4158 Quid
840 4078 999 4164 respectio
1023 4077 1158 4141 Domini
1180 4078 1215 4141 in
1238 4077 1491 4164 gazophilatium
1515 4079 1686 4164 significet.

628 4185 705 4250 XII.
746 4182 843 4265 Quod
866 4184 1028 4248 Dominus
1059 4196 1091 4247 et
1121 4183 1309 4271 redemptor
1338 4196 1449 4248 noster
1479 4184 1767 4250 dehonorationem
1797 4187 1910 4274 templi
1942 4190 1991 4253 sui
2015 4188 2085 4253 fieri
2109 4211 2174 4253 non

520 4292 609 4374 velit,
644 4292 768 4355 sactum
803 4291 873 4354 eius
907 4290 1123 4371 demonstrat,
1160 4290 1290 4377 quando
1325 4289 1453 4378 flagello
1489 4291 1635 4357 adhibito
1670 4292 1850 4357 vendentes
1886 4305 1919 4358 et
1953 4305 2097 4359 ementes
2133 4293 2173 4358 de

520 4398 641 4486 templo
665 4398 770 4462 eiecit.

628 4504 724 4569 XIII.
764 4503 860 4583 Quod
884 4504 1044 4591 expositio
1068 4502 1157 4566 beati
1180 4503 1362 4568 Hieronimi
1385 4503 1482 4568 valde
1507 4506 1548 4568 sit
1572 4505 1735 4589 terribilis,
1766 4530 1864 4593 quam
1892 4507 2029 4594 digessit
2052 4508 2093 4573 de
2117 4531 2174 4573 ex·
2192 4536 2220 4577 aa

520 4612 668 4699 pulsione
692 4608 838 4675 eiusdem
862 4610 984 4696 templi,
1010 4633 1107 4696 qnam
1132 4610 1294 4674 Dominus
1319 4623 1351 4675 et
1374 4611 1561 4697 redemptor
1582 4624 1692 4677 noster
1714 4613 1907 4678 mirabiliter
1929 4615 2016 4680 feeit.

627 4717 740 4782 XIIII.
781 4715 877 4796 Quod
909 4716 986 4781 licet
1015 4716 1155 4781 ecclesia
1186 4715 1307 4781 Christi
1338 4729 1471 4804 propter
1500 4728 1637 4804 peccata
1666 4730 1777 4783 nostra
1807 4720 1944 4786 diversis
1972 4721 2173 4808 temporibus

522 4825 724 4910 diversisque
748 4823 853 4887 modis
877 4846 975 4910 saepe
1000 4825 1042 4887 sit
1065 4834 1263 4909 expugnata,
1288 4847 1454 4911 nunquam
1478 4835 1587 4889 tamen
1611 4848 1630 4889 a
1654 4824 1783 4891 Christo
1808 4828 1849 4891 sit
1873 4827 2011 4892 deserta.

628 4930 703 4994 XV.
743 4929 832 5010 Quid
855 4929 971 4994 beatus
995 4930 1206 4994 Hieronimus
1231 4929 1272 4994 de
1296 4930 1356 5012 his,
1382 4932 1437 5017 qui
1461 4932 1740 5018 possessiunculas
1765 4932 1923 4998 ecclesiae
1947 4945 1980 4998 et
2007 4955 2056 5018 ea,
2088 4958 2172 5022 quae

521 5039 554 5101 in
578 5037 643 5101 Dei
668 5036 805 5101 donaria
829 5036 957 5101 conlata
988 5047 1072 5119 sunt,
1104 5047 1235 5101 vertunt
1264 5038 1298 5101 in
1321 5037 1447 5103 luorum
1470 5060 1575 5121 auum,
1604 5039 1638 5106 In
1663 5040 1866 5125 expositione
1891 5040 2077 5128 Sophoniae
2100 5065 2173 5130 pro·
2191 5069 2219 5108 to

520 5143 638 5232 phetae
663 5143 761 5207 dicat.

628 5250 720 5314 XVI.
761 5249 850 5330 Quid
873 5248 959 5313 idem
983 5251 1017 5313 in
1041 5250 1244 5336 expositione
1269 5249 1414 5314 eiusdem
1438 5250 1617 5337 prophetae
1641 5252 1760 5316 sentiat
1780 5251 1819 5317 de
1836 5253 1896 5334 his,
1921 5255 1976 5340 qui
1994 5254 2033 5319 de
2049 5256 2173 5343 rapinis

522 5369 554 5422 et
587 5357 763 5421 nudatione
798 5357 990 5420 miserorum
1025 5356 1164 5420 offerunt
1199 5356 1360 5421 sacrificia
1391 5366 1424 5422 et
1453 5357 1670 5444 aelemosynis
1705 5381 1747 5422 ex
1781 5360 1952 5448 iniquitate
1988 5383 2023 5425 se
2056 5372 2174 5449 putant

521 5462 681 5527 redimere
705 5473 851 5549 peccata.

630 5717 792 5766 lhntiocbi
811 5717 874 5778 Br,
893 5719 1003 5768 Antioei
1023 5717 1056 5766 L.
1110 5715 1291 5767 3Elioderua
1309 5716 1341 5766 L.
1397 5712 1539 5781 Squibua]
1558 5734 1674 5784 quorum
1693 5719 1750 5769 Bl.
1808 5723 1840 5771 10
1859 5724 1958 5773 meruit
1976 5722 2002 5772 B
2012 5727 2035 5774 1.
2092 5726 2125 5775 16
2144 5726 2218 5776 inec

521 5800 630 5868 octavo]
652 5811 749 5857 octavo
763 5805 794 5855 L.
852 5808 883 5857 ll
902 5808 938 5856 sit
953 5806 980 5856 C.
1036 5808 1069 5855 29
1089 5801 1225 5872 perunxit]
1248 5807 1326 5855 unxit
1338 5806 1371 5856 B.
1427 5808 1461 5856 30
1480 5806 1703 5873 gazophylacium
1720 5809 1761 5860 hic
1778 5819 1802 5860 ct
1819 5811 1892 5876 iufra
1911 5811 1970 5863 Br.
2025 5815 2059 5864 at
2079 5807 2170 5876 eiecit]

521 5894 616 5960 reliqua
633 5895 723 5945 &aaut
742 5895 773 5956 L,
787 5895 854 5960 solio
871 5895 970 5945 absciso.
