4884 6717
534 521 599 583 670
1004 524 1057 580 50.
1093 523 1310 581 coxcmmn
1334 522 1561 580 PARISIENSE
1585 525 1621 579 Α.
1643 522 1717 579 829.

533 724 711 795 quinquennii
734 724 852 780 iaceant.
876 723 1024 775 scrinulum
1047 722 1149 791 quadus
1177 722 1364 791 paenitentiae
1388 719 1524 774 definitos.
1572 711 1709 797 Oportet
1741 712 1826 774 enim
1859 710 1941 775 haec
1971 712 2006 774 in
2036 708 2187 774 omnibus

533 831 566 884 et
588 821 731 884 maxime
757 821 790 882 in
814 819 863 882 his
887 818 977 900 loeis,
1002 819 1058 884 ubi
1083 818 1169 882 licite
1194 828 1227 880 et
1250 818 1371 903 inpune
1397 817 1488 881 multi
1512 839 1546 880 se
1577 839 1673 903 posse
1697 816 1759 881 hoc
1789 829 1979 904 perpetrare
2010 816 2188 897 confidunt,

534 939 568 991 ut
591 927 765 992 studiosius
790 937 822 989 et
846 925 1034 1011 diligentius
1058 925 1295 990 admoneantur
1325 935 1356 988 et
1384 926 1530 989 severius
1561 925 1775 1010 corrigantur.
1830 924 1913 990 Sunt
1943 937 1975 989 et
2004 925 2068 988 alia
2099 923 2188 989 dete·

533 1033 650 1097 standa
673 1035 763 1114 vitia,
789 1055 872 1118 quae
897 1034 941 1096 ita
971 1032 1130 1097 habentur
1161 1032 1255 1118 quasi
1285 1030 1476 1095 naturaliter
1509 1032 1542 1095 in
1571 1053 1642 1108 usu,
1672 1041 1708 1094 ut
1738 1053 1778 1094 ea
1807 1042 2043 1117 perpetrantes,
2075 1029 2189 1117 quanti

533 1141 597 1203 sint
621 1139 827 1220 discriminis,
858 1162 923 1202 non
947 1139 1128 1219 advertant,
1161 1139 1245 1200 sicut
1276 1149 1350 1200 sunt
1374 1159 1423 1218 ea,
1455 1159 1519 1223 que
1549 1137 1713 1223 apostolus
1737 1152 1848 1223 aperte
1873 1149 2051 1218 enmnerat,
2082 1137 2117 1201 id
2140 1145 2221 1200 estu

534 1245 720 1328 ebrietates,
745 1247 1041 1325 commessationes,
1067 1245 1302 1325 contentiones,
1326 1245 1384 1326 ire,
1409 1246 1491 1326 rixe,
1516 1243 1746 1326 dissensiones,
1771 1244 2000 1326 detractiones,
2032 1242 2188 1323 invidiae,

534 1354 734 1435 inimicitiae,
770 1375 854 1438 quae
890 1352 1036 1416 homines
1067 1354 1158 1416 iuxta
1183 1351 1323 1415 eundem
1355 1350 1536 1437 apostolum
1567 1374 1587 1414 a
1617 1374 1718 1436 regno
1750 1351 1815 1415 Dei
1846 1348 2034 1430 excludunt,
2066 1351 2112 1413 ita
2141 1351 2188 1413 in·

534 1461 665 1546 quiens:
693 1461 759 1538 Qui
780 1464 860 1524 eru'm
886 1462 966 1522 talia
998 1474 1094 1544 crerint
1122 1484 1251 1544 repnmn
1276 1458 1343 1522 Ilei
1369 1483 1430 1522 non
1460 1473 1677 1522 consenantia.-
1730 1458 1768 1521 In
1799 1469 1923 1521 tantum
1954 1458 2041 1520 enirn
2072 1479 2112 1520 ea
2141 1457 2189 1519 in·

388 1587 471 1636 naua,
507 1615 513 1626 .
533 1567 693 1653 pudenter
716 1577 749 1630 et
771 1566 910 1630 fidenter
933 1563 1065 1650 quidam
1090 1565 1304 1644 committunt,
1329 1575 1364 1628 ut
1387 1567 1502 1628 merito
1527 1564 1567 1628 de
1591 1563 1654 1628 illis
1678 1564 1743 1628 dici
1767 1566 1885 1651 possit:
1910 1565 2095 1643 Laetantur,
2120 1586 2189 1627 eum

535 1676 761 1760 malefecerint,
786 1689 813 1737 ct
836 1674 975 1736 errrltant
1000 1676 1032 1736 in
1055 1674 1147 1736 rebus
1166 1674 1324 1757 passinus.
1373 1670 1470 1735 Unde
1494 1681 1630 1757 eportet,
1656 1683 1690 1735 ut
1714 1693 1825 1735 omnes
1850 1670 2028 1735 Christiani
2052 1669 2133 1734 haec
2157 1679 2190 1732 et
2209 1691 2235 1730 ro

534 1779 695 1844 subtiliter
717 1779 899 1863 intelligant
923 1791 955 1842 et
979 1778 1214 1842 studiosissime
1244 1791 1392 1858 careant,
1428 1800 1468 1841 ne
1499 1777 1583 1842 forte
1614 1801 1653 1842 ea
1683 1789 1908 1864 perpetrantes
1939 1789 1973 1841 et
2007 1777 2073 1841 alia
2102 1775 2189 1841 bona

533 1886 671 1973 perdant
693 1910 752 1973 per
776 1909 824 1966 ea,
850 1908 933 1971 quae
958 1898 1069 1970 agunt,
1095 1896 1127 1949 et
1150 1896 1283 1971 propter
1306 1884 1387 1948 haee
1411 1907 1431 1948 a
1455 1908 1555 1970 regno
1571 1885 1638 1949 Dei
1661 1907 1696 1949 se
1720 1884 1843 1949 alienos
1860 1885 1992 1950 faciant.
2033 1883 2191 1950 Similiter

534 1994 633 2058 etiarn
657 1993 697 2057 de
722 1995 823 2057 otiose
848 2015 1007 2074 sermono,
1032 2016 1090 2078 pro
1115 2015 1179 2077 quo
1203 1993 1295 2055 iuxta
1319 1992 1453 2055 Domini
1477 2013 1592 2055 vocem
1617 2014 1728 2056 omnes
1753 1991 1910 2055 reddituri
1942 2014 2053 2056 sumus
2077 1992 2111 2054 in
2135 1989 2188 2054 die

533 2100 646 2164 iudicii
670 2101 839 2181 rationem,
864 2099 904 2163 de
930 2099 1107 2164 scurilitate
1132 2109 1164 2162 et
1188 2098 1386 2184 stultiloquio
1415 2111 1448 2162 et
1478 2097 1773 2176 maledictionibus,
1806 2100 1959 2184 quoniam
1989 2100 2082 2162 iuxta
2112 2119 2188 2183 apo·

534 2207 650 2271 stolum
679 2207 899 2271 ntalecliceutes
931 2232 1056 2292 reprurm
1083 2207 1149 2271 Ilei
1176 2232 1237 2270 non
1264 2207 1479 2293 possidebunt,
1516 2205 1556 2268 de
1592 2204 1767 2286 mendatio,
1803 2205 1844 2269 de
1875 2204 2058 2292 periculoso
2089 2204 2188 2268 nexio
2208 2225 2235 2266 ro

534 2313 731 2399 assiduoque
755 2314 935 2377 iuramento
960 2326 992 2376 et
1008 2311 1157 2376 obscenis
1174 2311 1388 2398 turpibusque
1406 2313 1543 2376 canticis
1560 2311 1709 2376 omnibus
1725 2311 1918 2376 Christianis
1935 2310 2188 2397 intellegendum

534 2432 567 2483 ct
590 2418 830 2483 observandum
855 2432 913 2500 est,
938 2433 973 2484 ut
996 2442 1200 2504 summopere
1225 2417 1266 2482 ab
1291 2418 1340 2483 his
1365 2442 1399 2483 se
1425 2429 1573 2499 caveant,
1598 2441 1638 2483 ne
1663 2420 1713 2483 his
1738 2418 1904 2483 studentes
1929 2442 1988 2505 per
2014 2417 2189 2504 neglegen-

535 2527 613 2590 tiam
637 2526 864 2590 detrimentum
892 2527 1057 2612 patiantur
1087 2528 1279 2589 animarum.
1337 2526 1431 2589 Haec
1462 2527 1570 2611 igitur,
1607 2549 1690 2611 quae
1721 2525 1864 2590 breviter
1894 2527 2075 2612 praemissa
2105 2535 2190 2606 sunt,

534 2635 674 2719 primum
698 2633 873 2696 adiurante
898 2631 1011 2695 divina
1034 2633 1140 2717 gratia
1163 2655 1183 2695 a
1206 2631 1451 2719 nobismetipsis
1475 2632 1661 2697 abdicando
1685 2634 1823 2697 formam
1847 2646 1879 2697 et
1902 2632 2088 2719 exemplum
2118 2632 2191 2696 aliis

534 2738 693 2826 praebere
728 2738 876 2803 volumus
916 2751 948 2802 et
983 2737 1133 2802 fidelibus
1168 2740 1287 2803 vestris
1323 2739 1485 2806 humiliter
1519 2742 1724 2804 innotescere
1760 2754 1792 2805 ct
1824 2739 1964 2804 fideliter
1998 2740 2190 2804 denuntiare
2209 2761 2237 2799 so

535 2848 719 2910 necessario
758 2846 985 2910 iudicavimus
1048 2845 1115 2910 Sed
1156 2857 1188 2910 et
1226 2845 1435 2932 parroechias
1475 2860 1601 2911 nostras
1641 2870 1752 2911 omnes
1791 2846 1995 2912 admonendo
2031 2849 2191 2910 instruere

535 2954 694 3039 cupimus,
718 2975 769 3034 ne,
794 2952 882 3038 quod
905 2951 1000 3032 absit,
1025 2975 1085 3038 per
1108 2976 1200 3017 suam
1225 2954 1443 3038 ignoruntium
1467 2967 1500 3018 et
1523 2967 1666 3018 nostram
1696 2954 1936 3040 neglegentiam
1966 2950 2192 3017 huiuscemodi

534 3059 708 3123 mortiferis
732 3057 924 3123 subiaceant
946 3058 1111 3144 periculis.

643 3164 874 3251 Congessimus
898 3167 996 3229 etiam
1021 3165 1054 3228 in
1079 3188 1177 3250 opere
1203 3176 1382 3229 conventus
1406 3168 1506 3231 nostri
1531 3167 1688 3232 nonnulla
1712 3167 1776 3231 alia
1800 3165 1963 3252 capitula1
1987 3165 2029 3230 ad
2047 3177 2191 3230 vestram

534 3272 744 3358 fideliumque
769 3284 951 3337 vestrorum
977 3271 1240 3336 observationem
1265 3285 1296 3336 et
1320 3272 1457 3337 salutem
1479 3275 1687 3359 pertinentia,
1719 3296 1855 3359 quonum
1885 3273 1938 3338 hic
1968 3276 2089 3337 omissa
2117 3294 2190 3358 pro·
2210 3296 2238 3335 a

535 3379 661 3443 lixitatc
685 3381 882 3443 mentionem
906 3389 1030 3442 tantum
1054 3378 1202 3460 facimus,
1227 3378 1353 3442 scilieet
1376 3379 1486 3465 quod²
1508 3402 1604 3445 nosse
1628 3403 1683 3444 eos
1707 3392 1854 3467 oporteat
1878 3381 2065 3464 coniugium
2082 3402 2102 3443 a
2116 3379 2192 3443 Deo

536 3509 607 3550 csse
632 3487 841 3549 constitutum
866 3498 897 3548 et
921 3484 1008 3570 quod
1032 3508 1095 3548 non
1121 3487 1163 3548 sit
1186 3508 1286 3548 causa
1309 3485 1466 3568 luxoriae,
1491 3486 1548 3551 sed
1565 3510 1665 3552 causa
1680 3488 1788 3573 potius
1805 3487 1944 3551 filiorum
1960 3484 2191 3572 appetendum,

644 3739 683 3788 ΙΙ.
713 3742 724 3788 1
747 3740 933 3803 poeniteutiae
955 3738 981 3786 l'.
1038 3741 1053 3787 3
1073 3745 1100 3788 et
1119 3734 1183 3802 alia]
1200 3739 1256 3789 aliu
1274 3740 1304 3789 P.
1360 3743 1375 3790 6
1395 3742 1579 3791 aebriaetates
1601 3741 1626 3789 l'.
1682 3744 1697 3791 9
1718 3749 1745 3790 et
1764 3741 1878 3792 fidenter
1895 3741 1987 3790 deuant
2005 3739 2035 3790 Ρ.
2093 3742 2131 3798 12,
2143 3755 2193 3804 per

537 3823 578 3891 eal
596 3828 656 3877 aaa.
676 3845 688 3877 e
706 3827 778 3887 coni,
804 3827 895 3877 ‹lesunt
914 3827 941 3876 l'.
961 3827 991 3876 P.
1083 3828 1150 3877 haec
1164 3854 1199 3861 —
1213 3823 1276 3892 Dei]
1303 3829 1361 3879 inde
1378 3829 1409 3879 al
1427 3829 1474 3879 bac
1493 3829 1560 3880 linea
1577 3829 1672 3894 solium
1692 3835 1743 3878 166
1762 3830 1852 3880 codicis
1870 3829 1896 3880 P
1912 3847 2001 3895 mafflto
2014 3828 2144 3894 foramine
2162 3847 2193 3879 ea

533 3925 608 3981 parte
622 3916 729 3966 deatum
747 3924 789 3976 est,
809 3916 846 3964 ita
864 3925 893 3964 ut
910 3916 1010 3980 einpula
1029 3916 1109 3975 vada,
1129 3935 1191 3982 quae
1209 3934 1277 3968 nurse
1290 3918 1387 3978 desum,
1406 3918 1512 3984 aepulis
1526 3919 1629 3983 punctis
1646 3918 1800 3978 adnotemus,
1819 3918 1890 3969 unas
1908 3928 1990 3970 autem
2007 3920 2110 3980 litteras,
2129 3935 2193 3985 quae
2211 3927 2239 3966 so

457 4057 469 4073 ⁸
536 4005 690 4069 supplendae
712 4013 782 4064 sunt,
807 4004 973 4054 includamus.
1055 4003 1195 4066 alic(uos).
1226 4006 1356 4056 Similiter
1375 4005 1406 4056 P.
1488 4010 1519 4058 13
1539 4001 1693 4070 r(eddituri)
1711 4045 1717 4056 .
1738 4045 1744 4057 .
1764 4003 1881 4070 (indlicii
1902 4008 1934 4057 Ρ.
2011 4012 2042 4058 tt
2063 4010 2191 4073 quonium

539 4110 728 4156 ...reguum
749 4093 779 4143 P.
836 4096 868 4143 16
888 4091 1076 4159 assidluoque)
1097 4132 1102 4143 .
1124 4133 1129 4143 .
1150 4091 1299 4158 lobs)cenis
1319 4095 1350 4144 P.
1406 4094 1612 4160 intelligendum
1632 4095 1662 4146 P.
1721 4098 1751 4146 l'l
1773 4091 2191 4161 ‹ibserlr‘audum)..(summo)·

538 4198 602 4249 pere
622 4182 652 4231 P.
720 4187 751 4232 le
771 4178 975 4246 dletrimentum
995 4179 1145 4248 pati)antur
1165 4183 1194 4232 P.
1261 4179 1421 4248 praemissa]
1440 4186 1572 4249 permissa
1591 4184 1622 4235 P.
1684 4191 1747 4235 sunt
1766 4222 1772 4234 .
1792 4223 1798 4234 .
1822 4182 1941 4249 (dirime
1959 4186 1990 4237 P.
2057 4189 2088 4236 19
2108 4179 2191 4246 ediis)

539 4267 765 4335 ...(fide)libus
784 4271 815 4325 P.
907 4275 938 4321 21
960 4268 1139 4334 necessarlio)
1160 4309 1166 4321 .
1187 4309 1192 4320 .
1213 4311 1219 4320 .
1241 4269 1438 4337 (parroelchiss
1460 4272 1490 4322 P.
1581 4277 1614 4323 24
1642 4269 1860 4338 Congessi(mus)
1880 4311 1887 4324 .
1907 4311 1913 4324 .
1934 4312 1940 4325 .
1963 4273 2140 4336 (coaptemus
2161 4273 2192 4324 P.

538 4363 572 4410 25
591 4358 834 4420 observatliouem)
856 4397 862 4408 .
883 4397 889 4410 .
909 4361 1073 4426 pertinentia
1093 4360 1124 4410 P.
1198 4363 1231 4411 26
1252 4357 1381 4426 siciliclet
1401 4357 1485 4427 qu)od
1506 4362 1537 4413 P.
1610 4363 1643 4413 27
1664 4361 1786 4413 luxuriae
1807 4362 1837 4413 P.
2210 4371 2239 4411 a

649 4593 678 4662 1)
704 4594 797 4650 Series
820 4593 1015 4669 capitulorum,
1040 4615 1157 4670 qtmrum
1175 4598 1267 4670 paulo
1289 4596 1413 4668 inferius
1436 4597 1536 4653 merttro
1552 4595 1599 4674 fit,
1623 4605 1737 4653 servata
1761 4606 1802 4654 est
1823 4597 1852 4654 in
1876 4597 1965 4655 lonae
1980 4598 2195 4656 Aurelianensis

540 4709 677 4758 tractante
706 4702 739 4757 de
769 4700 938 4758 instinctione
968 4701 1066 4757 laicali
1094 4702 1164 4757 libro
1193 4687 1344 4759 secunde.⁸
1372 4702 1455 4767 Quae
1478 4703 1522 4759 uic
1550 4705 1679 4779 lepuatur
1707 4705 1839 4760 lanrrrata
1868 4704 2039 4780 sinpulorum
2071 4706 2194 4780 capitana

540 4815 699 4884 conpruunt
721 4827 780 4862 cum
805 4807 931 4864 dreoidiu
954 4807 1066 4864 illorum
1090 4808 1272 4884 arpnntentis,
1297 4829 1370 4885 quae
1392 4829 1411 4865 a
1428 4809 1562 4884 patribus
1584 4809 1694 4866 candui
1708 4809 1882 4868 Parisiensis
1897 4819 1948 4867 aut
1959 4811 2052 4886 petita
2074 4811 2110 4868 ab
2133 4811 2195 4887 tirso

540 4914 614 4971 Iona
644 4933 709 4970 ntea
735 4914 946 4988 proferentum
974 4914 1015 4984 rs.
1041 4914 1186 4989 Arraelunp,
1218 4916 1236 4970 l.
1262 4916 1280 4970 l.
1299 4935 1333 4990 p.
1350 4919 1391 4974 45
1402 4935 1464 4991 sqq.
1511 4915 1601 4972 Aliter
1624 4915 1744 4984 Simeon,
1777 4918 1794 4973 l.
1820 4918 1837 4973 l.
1863 4916 2031 4994 transq,
2055 4925 2196 4975 statuerat

541 5020 667 5096 capitula
690 5020 749 5089 illa,
774 5039 846 5095 quae
870 5021 970 5076 laudat
992 5019 1147 5088 concilium,
1172 5020 1319 5094 deperdita
1343 5041 1409 5092 esse,
1433 5022 1485 5078 sed
1506 5030 1647 5097 exparte
1671 5022 1748 5079 tradi
1770 5022 1800 5078 in
1824 5022 1913 5079 Ionae
1936 5023 2005 5081 libro
2029 5026 2064 5081 de
2085 5024 2193 5081 institu-
2211 5036 2241 5075 ω

541 5127 614 5184 tione
637 5125 742 5195 laicali,
767 5146 846 5201 quem
870 5125 1012 5200 epitomem
1037 5145 1095 5183 esse
1116 5126 1277 5201 suspicatur
1298 5137 1423 5184 aetenum
1446 5128 1632 5202 synodalium.
1667 5127 1728 5185 Nos
1751 5129 1833 5186 edant
1857 5137 1957 5186 contra
1973 5130 2089 5188 Krause
2103 5125 2193 5206 (le.

543 5232 635 5308 Capit.
660 5233 700 5303 II,
717 5237 757 5291 45
781 5253 850 5288 ann.
868 5229 920 5307 59)
938 5233 1069 5303 facimus
1085 5251 1145 5288 cum
1161 5233 1307 5309 Antelunp,
1333 5234 1381 5310 qui
1395 5243 1469 5290 recte
1485 5234 1686 5292 dernenstraeit
1699 5234 1895 5292 institutionem
1915 5235 2042 5293 laicalem
2058 5241 2193 5313 scriptam

542 5359 600 5397 esse
623 5347 689 5395 ante
704 5339 848 5394 coricilium
867 5338 1029 5395 Parisiense
1048 5338 1133 5395 annis
1149 5343 1267 5398 818.-
1276 5344 1359 5410 8211,
1384 5339 1579 5397 institutionem
1602 5340 1710 5418 rapiam
1733 5350 1835 5412 natan,
1860 5342 1892 5399 id
1912 5344 1989 5419 quod
2009 5344 2065 5400 iam
2082 5343 2194 5401 Simeon

541 5440 574 5519 (1.
598 5447 617 5502 l.
648 5441 767 5519 L.3sr)
799 5445 911 5514 triennit,
943 5465 1020 5501 anno
1050 5449 1122 5504 834.
1153 5439 1192 5518 (u.
1217 5445 1299 5502 etiam
1331 5444 1404 5504 ΜΟ.
1437 5446 1515 5522 Ρφρ.
1546 5444 1757 5525 melasqq).
1813 5448 1862 5506 Ee
1896 5449 2065 5507 institutione
2097 5449 2197 5507 laicali

541 5553 680 5627 wedam
712 5551 836 5626 capitula
866 5551 894 5606 in
926 5551 996 5608 acas
1019 5551 1228 5608 Parisiemibus
1250 5553 1368 5627 repetita
1391 5562 1465 5624 sunt,
1496 5554 1525 5610 in
1552 5555 1659 5631 rapiam
1691 5556 1787 5612 eadem
1812 5564 1838 5612 et
1858 5556 1919 5612 alia
1942 5575 1978 5613 ea
2000 5556 2099 5613 aedan
2123 5556 2195 5614 actis
2211 5567 2240 5608 ὤ

542 5658 733 5726 transierunt5
764 5677 789 5714 u.
816 5657 897 5714 etium
921 5677 1012 5732 aspra
1030 5678 1064 5732 p.
1082 5661 1143 5717 649
1166 5678 1235 5715 ann.
1260 5665 1289 5717 2.
1405 5659 1436 5726 2)
1470 5658 1520 5731 Cf.
1546 5661 1632 5717 Ionas
1655 5661 1764 5730 Aurei,
1789 5661 1835 5718 De
1857 5661 2026 5719 instimtione
2048 5661 2146 5719 laicali
2162 5661 2199 5718 Π

542 5768 601 5823 al
625 5766 741 5821 leonna:
770 5764 851 5828 Quod
876 5765 1034 5835 coniugium
1066 5783 1083 5819 s
1106 5765 1169 5820 Deo
1195 5767 1232 5821 sit
1262 5767 1422 5822 institutum
1447 5776 1477 5823 et
1499 5785 1554 5823 non
1585 5769 1621 5822 sit
1652 5771 1844 5840 appetendum
1868 5787 1953 5824 causa
1975 5770 2111 5836 luxuriae,
2142 5770 2194 5825 sed

542 5871 637 5942 (prol)
661 5872 812 5927 liberorum
836 5872 1041 5943 procreatione.
