4884 6717
710 531 762 586 44.
799 530 1017 589 CONCILIUM
1042 529 1270 588 PARlSIENSE
1294 533 1331 587 A.
1353 530 1427 586 825.
1834 521 1898 586 533

243 723 321 794 CIV,
353 727 442 784 1316.
497 723 642 792 Quantin,
677 723 799 783 ‘Certub
834 727 869 782 de
903 726 1041 782 l’l'onac'
1073 726 1097 796 Ι,
1130 731 1179 785 36.
1216 756 1260 767 ·-·
1294 726 1385 803 Repe
1420 724 1771 795 Biilrmer-Mt'r'lrlduclrer,
1807 724 1898 802 Repy.

239 831 352 907 imperii
374 833 418 888 ed.
442 837 473 892 2.
497 832 518 888 Ι
536 853 563 888 n.
582 836 652 892 818.
701 832 805 890 ‘Neues
827 832 943 890 Areliu'
968 833 1083 903 XXIV,
1100 836 1172 892 «185.

349 989 577 1084 I'licrcmiae¹
603 1029 635 1083 et
659 1019 782 1083 Ionae²
805 1018 1049 1085 venerabilibus
1074 1022 1237 1107 episcopis
1261 1022 1294 1085 in
1319 1020 1461 1085 Domino
1485 1018 1632 1083 salutem.

348 1126 517 1189 Venerunt
540 1125 582 1189 nd
605 1128 824 1211 praesentiam
847 1137 991 1191 nostram
1007 1127 1233 1212 Halitgarius³
1256 1140 1289 1191 et
1312 1127 1519 1190 Amalarius⁴
1544 1126 1691 1211 episcopi
1709 1125 1802 1189 VIII.
1820 1125 1898 1189 Idus

207 1232 467 1312 aDecembris5,
493 1232 678 1297 deferentes
702 1232 910 1298 collectiones
935 1234 975 1298 de
1000 1233 1091 1298 libris
1115 1247 1302 1298 sanctorum
1319 1245 1458 1320 patrum,
1483 1255 1564 1319 quas
1581 1234 1614 1297 in
1631 1243 1795 1297 conventu
1810 1231 1898 1319 apud

240 1341 382 1405 Parisios
414 1337 523 1403 habito
554 1340 648 1403 simul
673 1341 770 1426 positi
794 1340 979 1426 collegistis,
1011 1363 1092 1427 quas
1123 1341 1221 1404 ctiam
1253 1363 1362 1405 coram
1394 1337 1487 1404 nobis
1512 1339 1636 1426 perlegi
1661 1340 1808 1404 fecimus.
1854 1339 1898 1404 Et

240 1448 318 1533 quia
340 1446 534 1532 placuerunt
557 1461 589 1509 et
613 1446 654 1510 ad
678 1447 723 1528 id,
747 1460 881 1533 propter
905 1446 992 1533 quod
1017 1447 1173 1512 collectae
1198 1459 1282 1524 sunt,
1307 1448 1513 1511 necessariae
1538 1457 1636 1533 atque
1654 1446 1749 1510 utiles
1766 1468 1786 1510 a
1803 1445 1898 1510 nobis

240 1553 435 1632 iudicantur,
459 1550 520 1616 sub
544 1555 631 1617 omni
656 1553 823 1618 celeritate
847 1551 940 1618 vobis
965 1555 1151 1619 censuimus
1176 1553 1375 1639 dirigendas.
1411 1553 1538 1618 Idcirco
1563 1551 1779 1617 ammonendo
1803 1575 1897 1638 prae-

240 1661 378 1747 cipimus
402 1658 563 1724 sollertiae
588 1673 727 1740 vestrae,
759 1671 803 1741 ut,
835 1662 1024 1747 priusquam
1056 1661 1096 1725 de
1130 1661 1180 1725 his
1211 1661 1335 1747 aliquid
1364 1660 1482 1724 domno
1511 1659 1713 1747 apostolicoi
1736 1659 1897 1741 indicetis,

196 1786 222 1824 ιο
240 1766 386 1853 diligenti
422 1789 502 1830 cura
537 1767 650 1831 eadem
683 1790 741 1831 vos
772 1790 943 1832 recensere
973 1769 1093 1832 curetis
1125 1781 1158 1832 et
1193 1791 1243 1840 ea,
1279 1791 1363 1853 quae
1394 1767 1508 1832 melius
1540 1779 1572 1830 et
1602 1767 1709 1853 aptius
1733 1766 1898 1852 praesenti

239 1875 370 1959 negotio
394 1875 570 1938 convenire
594 1875 795 1954 inveneritis,
827 1897 1006 1961 excerpere
1037 1887 1135 1961 atque
1167 1874 1354 1938 describere
1379 1874 1489 1959 illique
1514 1873 1556 1937 ad
1580 1872 1755 1959 legendum
1780 1873 1897 1937 offerre

240 1979 407 2061 studeatis,
432 1981 519 2066 quia,
551 1991 587 2044 ut
609 1982 720 2062 nostis,
751 2005 809 2045 nes
840 1980 945 2046 abeo
970 1983 1145 2067 petivimus
1169 1980 1344 2053 licentiam,
1375 1995 1535 2067 quatenus
1559 1979 1618 2043 has
1642 1979 1851 2044 collectiones
1875 2002 1896 2043 a

240 2085 465 2152 sacerdotibus
489 2089 607 2152 nostris
631 2087 702 2151 lieri
725 2089 937 2173 permitteret,
969 2101 1001 2152 et
1031 2087 1105 2152 ideo
1130 2112 1194 2152 non
1218 2088 1337 2173 poterit
1361 2088 1585 2173 praetermitti,
1618 2087 1697 2171 quin
1728 2087 1758 2149 ei
1789 2097 1894 2150 osten·

240 2193 336 2258 datur
359 2194 447 2279 quod
471 2217 512 2257 ex
538 2196 639 2280 ipsius
663 2195 876 2280 permissione
901 2195 1071 2260 collectum
1096 2205 1154 2258 cst.
1202 2194 1286 2258 lllud
1317 2207 1426 2259 tamen
1458 2215 1662 2279 summopere
1693 2192 1895 2279 praevidete,

195 2319 222 2358 ιδ
240 2312 275 2365 ut
298 2324 337 2365 ea
361 2300 406 2364 illi
432 2301 472 2365 de
497 2300 546 2364 his
570 2301 759 2382 ostendatis,
784 2324 868 2387 quae
892 2302 1009 2365 rationi
1033 2301 1074 2365 de
1095 2298 1293 2387 imaginibus
1310 2300 1481 2365 habendae
1497 2299 1681 2386 peremnia
1698 2301 1899 2363 conveniunt

240 2418 273 2472 et
296 2408 383 2493 quod
407 2409 477 2493 ipse
501 2407 553 2472 vel
577 2409 627 2471 sui
651 2409 784 2472 minime
808 2410 932 2472 reicere
957 2409 1096 2472 valeant.
1134 2407 1200 2473 Sed
1218 2421 1251 2472 et
1266 2431 1324 2472 vos
1341 2409 1404 2494 ipsi
1420 2419 1486 2472 tam
1502 2409 1664 2494 patienter
1687 2428 1726 2470 ac
1751 2405 1896 2470 modeste

241 2538 316 2579 cum
345 2537 384 2580 eo
416 2513 456 2579 de
489 2514 548 2578 bac
580 2537 679 2578 causa
710 2515 963 2601 disputationem
995 2515 1153 2596 habeatis,
1185 2526 1221 2579 ut
1251 2537 1456 2601 summopere
1488 2515 1643 2595 caveatis,
1675 2537 1716 2578 ne
1748 2514 1843 2577 nimis
1868 2514 1898 2577 ei

241 2620 421 2686 resistendo
446 2644 519 2685 eum
544 2623 577 2685 in
600 2620 744 2707 aliquam
768 2622 1023 2687 inrevocabilem
1047 2624 1262 2709 pertinaciam
1278 2621 1423 2686 incidere
1440 2619 1642 2707 conpellatis,
1667 2619 1726 2684 sed
1741 2619 1898 2706 paulatim

241 2725 351 2791 verbis
381 2730 451 2792 eius
481 2730 575 2814 quasi
605 2727 816 2814 obsequendo
847 2731 951 2816 magis
983 2752 1081 2816 quam
1113 2741 1225 2815 aperte
1258 2727 1438 2792 resistendo
1463 2727 1506 2791 ad
1529 2749 1725 2808 mensuram,
1756 2749 1840 2813 quac
1865 2727 1898 2790 iu

195 2833 400 2898 rehabendis
425 2834 623 2920 imaginibus
647 2835 819 2900 retinenda
843 2849 902 2916 est,
927 2860 1001 2901 cum
1027 2836 1190 2901 deducere
1215 2835 1370 2916 valeatis,
1395 2847 1427 2898 et
1450 2833 1524 2897 ideo
1548 2835 1655 2920 potius
1675 2833 1806 2897 efficere
1824 2855 1898 2896 con·

241 2940 391 3022 tendatis,
415 2952 451 3005 ut
474 2943 651 3026 negotium,
675 2943 716 3007 de
741 2967 805 3029 quo
829 2945 946 3029 agitur,
978 2943 1020 3008 ad
1045 2943 1212 3008 meliorem
1237 2964 1336 3028 quam
1359 2941 1400 3005 ad
1424 2942 1569 3027 peiorem
1594 2951 1711 3004 statum
1736 2963 1809 3004 cum
1834 2939 1898 3004 Dei

241 3047 401 3111 adiutorio
432 3047 638 3135 perducatur.
686 3049 865 3137 Postquam
897 3073 973 3114 vero
1004 3051 1087 3115 hauc
1120 3051 1278 3114 rationem
1309 3047 1349 3112 de
1381 3046 1557 3112 earundem
1589 3047 1769 3132 imaginum
1800 3069 1900 3110 causa

241 3156 555 3234 consummaveritis,
580 3157 608 3219 si
632 3166 740 3220 tamen
766 3157 827 3220 hoc
852 3156 895 3220 nd
918 3156 1053 3221 nihilum
1071 3157 1218 3220 Romana
1235 3155 1416 3242 pertinacia
1433 3155 1625 3241 permiserit,
1651 3165 1686 3218 ut
1709 3154 1791 3218 ratio
1815 3154 1900 3217 inter

241 3285 299 3326 vos
323 3260 435 3326 habita
465 3261 573 3349 aliquo
605 3260 690 3326 bono
721 3273 754 3326 et
777 3265 983 3327 convenienti
1007 3263 1071 3326 fine
1097 3263 1277 3342 claudatur,
1310 3274 1342 3325 et
1372 3260 1425 3324 ille
1457 3260 1550 3325 vobis
1574 3259 1779 3342 indicaverit,
1811 3259 1899 3346 quod

195 3385 223 3426 2⁵
241 3368 365 3455 legatos
396 3393 471 3432 suos
503 3369 544 3433 ob
576 3369 714 3435 eandem
744 3393 877 3434 causam
907 3371 939 3433 in
965 3369 1139 3434 Graeciam
1165 3370 1292 3434 mittere
1316 3366 1406 3450 velit,
1440 3366 1599 3448 volumus,
1630 3379 1665 3431 ut
1696 3390 1770 3432 eum
1801 3368 1897 3430 inter·

241 3476 372 3561 rogetis,
397 3477 423 3538 si
449 3474 494 3539 illi
518 3476 656 3562 placeat,
688 3489 723 3541 ut
753 3477 853 3541 nostri
885 3475 984 3562 legati
1016 3478 1137 3562 pariter
1160 3499 1235 3540 cum
1259 3476 1326 3540 suis
1350 3477 1382 3538 in
1409 3475 1584 3540 Graeciam
1609 3484 1756 3560 pergant.
1804 3473 1898 3536 Etsi

242 3581 302 3646 hoc
327 3583 357 3646 ei
382 3582 497 3646 molius
522 3584 626 3647 visum
651 3584 750 3648 fuerit
773 3607 873 3669 seque
898 3583 958 3647 hec
983 3586 1112 3648 ornnine
1137 3583 1221 3647 velle
1247 3581 1461 3669 responderit,
1492 3593 1569 3645 tunc
1593 3579 1753 3660 volumus,
1778 3591 1812 3643 ut
1837 3577 1898 3643 sub

241 3691 329 3754 omni
345 3690 552 3754 festinatione
576 3689 691 3755 litteris
715 3691 832 3754 vestris
854 3713 874 3754 a
889 3690 982 3754 vobis
1007 3691 1049 3754 ad
1073 3715 1131 3754 nos
1151 3690 1284 3753 directis
1301 3712 1359 3753 nos
1376 3688 1451 3752 inde
1469 3699 1575 3751 certos
1592 3687 1720 3751 faciatis
1737 3685 1897 3772 simulque

241 3795 337 3860 etde
361 3808 469 3861 vestro
493 3796 637 3861 adventu
661 3796 704 3861 ad
728 3820 797 3878 nos,
822 3810 857 3861 ut
880 3820 918 3860 eo
935 3811 1091 3883 tempore,
1116 3819 1180 3882 quo
1198 3819 1256 3859 ves
1273 3795 1315 3860 ad
1332 3807 1475 3859 nostram
1491 3794 1645 3858 veneritis
1666 3793 1894 3879 praesentiam,

196 3920 224 3960 ⁸⁰
241 3903 483 3988 Halitgarium³
506 3916 538 3967 et
561 3903 785 3968 Amelarium⁴
809 3901 980 3968 nobiscum
1003 3904 1189 3968 inveniatis.
1229 3903 1297 3966 Vos
1328 3915 1436 3965 autem
1468 3924 1543 3965 curn
1573 3900 1692 3964 domno
1717 3899 1899 3985 apostolico

241 4009 456 4090 considerate,
481 4007 537 4073 ubi
561 4009 614 4074 ille
638 4009 690 4073 vel
715 4010 846 4096 quando
871 4010 958 4091 velit,
990 4024 1025 4075 ut
1048 4011 1098 4074 sui
1122 4033 1160 4074 ac
1185 4011 1287 4074 nostri
1310 4008 1410 4092 legati
1435 4007 1477 4072 ad
1501 4029 1602 4071 naves
1628 4004 1898 4070 conscendendas

240 4116 435 4201 seiungere
461 4115 617 4198 debeant3
643 4129 675 4180 et
697 4117 758 4181 hoc
783 4115 877 4181 nobis
902 4141 960 4203 per
983 4117 1208 4203 vosmetipsos,
1233 4139 1306 4180 cum
1331 4115 1404 4179 Dee
1429 4115 1558 4178 volente
1583 4113 1748 4194 veneritis,
1773 4111 1898 4176 adnun-

240 4223 322 4287 tiare
346 4224 493 4309 potestis.

348 4389 410 4439 ‘let
428 4388 495 4438 aaa
514 4387 544 4438 P.
625 4389 840 4438 Sammonendo
859 4407 923 4438 corr.
942 4389 975 4438 el.
994 4398 1085 4438 utrem.
1105 4388 1278 4439 admonendo
1298 4387 1328 4437 P.
1411 4391 1442 4437 13
1463 4388 1502 4438 eie
1522 4385 1552 4436 P.
1626 4387 1660 4437 23
1680 4379 1759 4448 ratio]
1778 4403 1800 4434 ι’.
1819 4351 1939 4449 rapu·

195 4489 223 4530 ιδ
236 4497 265 4545 p.
280 4483 332 4528 240
350 4479 367 4528 l.
382 4483 424 4528 21.
498 4480 531 4528 25
552 4473 667 4541 mittere]
688 4480 843 4543 permittere
865 4478 894 4527 Ρ.

351 4627 379 4680 lt
401 4623 558 4680 Senouenai
572 4619 798 4698 73181-827).
870 4623 899 4686 2)
920 4623 1119 4680 ⁴lureliaueaai
1133 4617 1340 4698 (aaa—843).
1412 4623 1442 4690 3)
1464 4620 1678 4679 Carueracensia
1693 4615 1898 4697 (817-831).

241 4731 272 4798 4)
294 4730 456 4797 illetteaaiu
476 4730 517 4801 cs.
536 4729 610 4788 ΜΘ.
631 4730 707 4805 Epp.
726 4729 782 4798 111,
802 4734 866 4790 111.
889 4730 994 4786 ‘Neues
1010 4730 1129 4786 Arcleiv'
1147 4729 1245 4798 XXV,
1263 4733 1334 4787 853.
1398 4727 1428 4796 5)
1450 4731 1477 4784 6.
1496 4727 1659 4783 Decembris
1666 4748 1676 4794 ,⁴
1694 4729 1818 4801 synodus
1833 4727 1898 4803 ipsa

240 4845 372 4912 coeperat
394 4836 439 4894 die
462 4841 489 4895 1.
507 4837 609 4892 rnenaia
631 4835 797 4893 Nouembris
820 4832 858 4910 (r.
875 4856 965 4911 supra
984 4857 1016 4911 p.
1035 4840 1094 4895 lar
1119 4856 1188 4892 aaa.
1207 4831 1248 4909 1).
1318 4835 1348 4902 6)
1374 4832 1440 4890 Scil.
1463 4832 1592 4908 Eupcnio
1609 4831 1648 4888 Π.
1674 4826 1898 4909 (aar-827).

299 5103 349 5178 D.
391 5101 711 5180 HLUDOWICI
732 5102 809 5176 ET
831 5101 1137 5178 HLOTHARII
1158 5099 1555 5176 IMPERATORUM
1577 5098 1838 5175 EPISTOLA

193 5253 222 5293 a
599 5221 674 5296 AD
700 5220 996 5297 EUGENIUM
1018 5220 1069 5294 II.
1098 5219 1279 5294 ΡΛΡΑΜ
1300 5216 1545 5294 ornnem.

950 5387 1025 5445 825.
1051 5391 1185 5442 creante.

348 5529 498 5643 [θρίων
531 5559 562 5620 r'n
594 5557 700 5620 codice
731 5556 915 5620 Parrbr‘eusr'
949 5557 1047 5618 lutino
1078 5564 1166 5622 1597
1191 5555 1218 5616 A
1253 5565 1357 5619 (antea
1387 5579 1412 5618 a.
1444 5553 1590 5640 Remaeyii
1617 5553 1799 5633 Remenar'a,
1834 5565 1900 5615 tum

238 5663 424 5748 Pithoeano)
449 5689 529 5727 auec.
547 5662 607 5726 IX.
635 5679 690 5736 (ε
708 5663 749 5746 P)
767 5664 834 5749 fol.
854 5673 917 5728 103
928 5701 966 5708 —-
979 5665 1061 5728 104¹.

348 5795 444 5852 Ede.-
469 5796 600 5868 Synodua
616 5794 788 5850 Parr'aieasia
799 5815 831 5869 p.
850 5799 927 5864 153;
951 5796 994 5850 cd.
1011 5801 1040 5853 2.
1061 5814 1093 5868 p.
1113 5798 1181 5852 123.
1220 5793 1347 5864 Florius,
1368 5791 1459 5850 Catal.
1478 5801 1536 5849 test.
1553 5792 1633 5848 ecrit.
1651 5793 1693 5848 ed.
1711 5795 1740 5850 4.
1760 5791 1801 5863 Il,
1818 5795 1899 5860 230,-

193 5919 222 5959 ὥ
240 5904 282 5961 ed.
308 5908 337 5962 5.
357 5923 389 5978 p.
408 5906 496 5962 1155.
544 5901 691 5958 Baroniua
722 5906 785 5960 825
816 5921 843 5957 a.
866 5905 916 5959 17.
965 5901 1095 5969 Goldast,
1127 5899 1253 5956 Decreta
1279 5904 1348 5959 717.
1397 5897 1527 5968 Goldaat,
1561 5899 1654 5956 bbrrst.
1680 5898 1746 5974 imp.
1776 5897 1800 5968 I,
1825 5901 1899 5957 186.
