4884 6717
1072 1472 1726 1622 APPENDIX,

1028 1794 1285 1926 ACTA
1330 1792 1727 1927 SPURIA.

663 2060 868 2154 Reservatis
897 2090 944 2154 od
971 2105 1085 2154 tomrcm
1115 2091 1249 2155 alterurn
1277 2091 1483 2155 conciliorum
1513 2093 1588 2155 oevi
1607 2091 1767 2155 Karolini
1793 2093 1873 2156 actis
1895 2091 2101 2178 synodalibus
2128 2092 2207 2170 illis,

557 2223 637 2284 quae
667 2211 748 2262 certo
778 2221 861 2261 anno
884 2197 1031 2261 adscribi
1055 2221 1117 2260 non
1141 2211 1277 2283 possunt
1299 2197 1359 2284 (cf.
1384 2196 1499 2262 ‘Neues
1520 2197 1658 2262 Arabio⁷
1681 2196 1811 2278 XXIV,
1827 2203 1915 2280 492,
1942 2198 2000 2262 sed
2021 2223 2048 2262 u.
2074 2223 2154 2284 quae
2177 2224 2206 2262 c.

557 2307 595 2370 cl.
612 2305 652 2368 Ε.
671 2304 783 2369 Secltel
804 2304 843 2368 de
866 2305 1000 2368 concilio
1016 2304 1225 2369 Namnetensi
1244 2319 1273 2369 et
1295 2304 1333 2368 de
1356 2305 1490 2368 concilio
1510 2304 1597 2390 quod
1611 2306 1787 2392 putabatur
1809 2305 2033 2370 Bisuntinensi
2053 2308 2236 2392 esposuits

557 2412 635 2476 ibid.
661 2410 731 2475 XX
737 2411 791 2490 VI,
806 2420 851 2478 39
862 2436 930 2496 sqq.
954 2410 1085 2491 XXIX,
1100 2421 1169 2479 398
1180 2413 1276 2496 sqq),
1299 2411 1461 2497 prodeunt
1488 2413 1524 2475 in
1553 2411 1729 2498 appendice
1757 2411 1816 2475 bac
1845 2412 1998 2475 nonnulla
2026 2412 2208 2476 documento

556 2520 681 2605 spuria,
704 2519 744 2582 ab
767 2542 874 2583 eorum
896 2519 1076 2582 auctoribus
1099 2519 1246 2582 conciliis
1268 2521 1354 2583 intro
1377 2541 1476 2582 annos
1501 2525 1575 2585 710.
1593 2531 1622 2581 et
1636 2525 1712 2585 839.
1736 2517 1911 2604 adscripta,
1935 2542 2067 2604 quorum
2089 2533 2209 2604 reaesta

557 2627 623 2689 iam
640 2624 786 2689 dedimus
806 2627 839 2688 in
856 2625 1027 2689 annalibus
1042 2627 1168 2704 nostris,
1186 2626 1205 2688 l,
1225 2625 1246 2688 l.
1262 2623 1392 2704 XXIV,
1408 2631 1603 2691 493-495.
1647 2623 1793 2688 Omnium
1809 2638 1910 2689 numm
1926 2638 2039 2688 tentum
2055 2627 2208 2711 inteyrum

551 2732 684 2819 frustra
699 2755 842 2817 quaeres,
865 2755 934 2794 eum
957 2756 987 2794 n.
1007 2733 1111 2798 &iam
1133 2733 1169 2795 in
1191 2731 1369 2795 collectione
1385 2730 1656 2794 Monumentorum
1681 2730 1873 2795 Germaniae
1896 2730 2013 2796 editum
2035 2734 2088 2810 sit,
2111 2733 2176 2796 secl
2196 2770 2209 2780 ·

556 2839 692 2902 serimus
709 2852 877 2924 praeterea
896 2837 1040 2922 diploma
1054 2840 1199 2923 spurium
1216 2837 1351 2901 Aldrici
1364 2836 1552 2901 Senonensis
1567 2836 1804 2923 archicpiscopi
1815 2840 2003 2901 monasterio
2026 2863 2050 2901 s.
2066 2837 2213 2948 {lemipii
2229 2872 2255 2909 ιο

557 2958 592 3008 nt
615 2943 734 3009 dicitur
748 2966 831 3007 enno
848 2951 924 3012 839.
942 2967 1128 3022 concessum,
1152 2943 1224 3008 ideo
1248 2943 1334 3028 quod
1355 2943 1496 3007 cobaeret
1518 2967 1587 3006 curn
1604 2944 1781 3031 privilepio
1804 2946 1891 3008 circa
1914 2969 2031 3008 anuum
2048 2952 2122 3012 845.
2139 2970 2209 3010 con·

558 3052 676 3136 scripto
701 3050 760 3137 (ef.
778 3049 893 3114 ‘Neues
908 3049 1046 3113 Arabio’
1063 3048 1192 3129 XXVI,
1210 3051 1288 3126 913)
1313 3063 1341 3113 et
1363 3075 1383 3114 a
1406 3051 1497 3113 nobis
1521 3052 1612 3135 ipsis,
1636 3050 1854 3115 dissertatione
1876 3052 2014 3136 speciali
2026 3054 2210 3138 praemissa

559 3155 596 3240 (l.
622 3157 642 3220 l.
667 3155 816 3235 XXVII,
832 3161 902 3223 217
912 3157 1008 3241 sqq),
1039 3158 1104 3220 iam
1134 3155 1251 3219 editum
1276 3170 1320 3219 est
1350 3155 1385 3236 (l.
1411 3157 1431 3219 l.
1456 3155 1625 3236 XXVIII,
1641 3158 1710 3240 to),
1741 3158 1787 3221 ito
1817 3170 1851 3220 ut
1878 3158 1991 3221 melius
2014 3172 2093 3222 tomo
2116 3160 2213 3223 alteri

559 3263 765 3327 conciliorum
800 3264 874 3326 aeui
904 3262 1064 3326 Karalini
1094 3277 1277 3327 reservetur.
1334 3262 1384 3327 De
1418 3263 1596 3348 capitulari
1627 3263 1761 3348 denique
1793 3266 1905 3349 spurio
1939 3266 2073 3328 concilio
2108 3264 2210 3352 Inpel-

559 3369 713 3433 beimensi
740 3371 821 3433 anni
842 3375 920 3435 826.
952 3368 1114 3454 adscripto
1143 3371 1208 3432 iam
1239 3393 1338 3455 supra
1363 3393 1396 3455 p.
1421 3378 1484 3436 551
1514 3393 1587 3432 ann.
1615 3378 1633 3435 1
1664 3383 1764 3433 actum
1796 3384 1849 3450 est,
1872 3371 2002 3458 falsam
2025 3371 2214 3436 Hludowici
2230 3402 2256 3442 ιι

560 3489 588 3539 et
609 3475 780 3539 Hlotbarii
800 3476 1046 3539 constitutionem
1070 3475 1108 3538 de
1131 3476 1262 3562 synodis
1284 3499 1366 3540 anno
1391 3480 1469 3543 829.
1495 3475 1691 3540 celebrandis
1713 3501 1812 3562 supra
1830 3501 1865 3562 p.
1882 3485 1949 3545 599
1974 3478 1993 3540 l.
2010 3483 2059 3546 27
2069 3502 2137 3564 sqq.
2162 3480 2210 3542 in·

560 3584 674 3660 uenies,
706 3583 977 3666 interpolationem
1007 3583 1212 3645 restitutionis
1239 3581 1361 3645 Ebonis
1391 3584 1473 3646 anni
1494 3590 1568 3649 849.
1600 3607 1699 3668 supro
1723 3607 1759 3668 p.
1788 3588 1912 3668 79299.
1937 3598 1965 3647 et
1988 3591 2065 3664 894,
2096 3587 2210 3648 instru-

560 3702 693 3752 mentum
718 3689 934 3773 episcoporum-
952 3690 1142 3773 prouinciae
1157 3688 1321 3752 blemensis
1345 3688 1382 3752 de
1405 3689 1510 3752 reditu
1529 3688 1650 3752 Ebonis
1671 3713 1771 3775 supra
1790 3713 1824 3775 p.
1846 3698 1912 3756 798
1937 3690 1995 3776 (cf.
2014 3715 2050 3777 p.
2070 3699 2137 3756 899
2148 3705 2209 3776 sq.)

561 3809 598 3873 et,
622 3819 690 3858 cum
715 3796 764 3858 bis
786 3795 826 3857 ab
850 3794 957 3857 Ebone
981 3796 1156 3881 corcfectum
1179 3798 1231 3874 sit,
1251 3819 1285 3880 p.
1304 3804 1425 3880 89599.

732 4133 766 4238 1.
801 4087 1223 4240 ‘sonamus
1259 4129 1669 4243 99999999
1708 4129 2041 4243 seauton.
2231 4211 2257 4249 .

1256 4328 1332 4394 ulo.
1364 4325 1444 4413 sps.
1469 4330 1522 4391 29.

675 4472 836 4565 Oenones,
860 4489 919 4570 qui
938 4485 1057 4572 synodo
1080 4512 1099 4549 a
1123 4501 1229 4550 sancto
1253 4487 1392 4550 Huberto
1417 4487 1457 4572 (i‘
1475 4495 1559 4568 727,-
1582 4490 1626 4575 cf.
1652 4489 1859 4568 Wattenbacb,
1884 4488 2126 4553 ‘Deutscblands
2151 4488 2211 4553 Ge-

563 4592 836 4678 sebicbtsquellea’
861 4592 908 4655 ed.
927 4602 955 4658 5.
982 4591 1010 4667 I,
1026 4599 1108 4674 429)
1134 4592 1253 4655 Lcodii
1283 4596 1315 4656 in
1345 4595 1474 4657 ecclesia
1505 4597 1610 4658 sorceti
1633 4594 1799 4658 Larnberti
1825 4596 1949 4658 babitoe
1979 4595 2212 4668 adscribuntur,

564 4702 690 4786 spurios
714 4723 777 4763 esse
808 4713 941 4784 apparet
970 4723 1009 4762 eu
1033 4701 1134 4762 corbis
1158 4700 1329 4785 Bonifatii
1348 4724 1446 4785 supra
1466 4709 1538 4786 p.1
1561 4702 1679 4765 allatis.
1730 4701 1795 4778 Qui
1815 4704 1848 4764 si
1865 4705 1999 4786 patruini
2019 4716 2126 4780 essent,
2159 4702 2199 4765 ill

563 4808 699 4870 seribere
722 4831 804 4869 onita
832 4812 906 4872 742.
940 4807 1066 4868 oriniaco
1091 4808 1263 4890 statuisset:
1292 4805 1412 4868 Franci
1437 4855 1444 4869 .
1470 4855 1478 4870 .
1503 4855 1511 4871 .
1540 4817 1575 4870 ut
1598 4808 1742 4870 seniores
1773 4806 1894 4887 dicunt,
1925 4806 1997 4892 plus
2026 4830 2123 4893 quam
2153 4830 2213 4893 per
2232 4832 2259 4870 es

564 4922 691 4997 tempus
712 4912 878 4996 octoginta
894 4933 1053 4973 annorum
1070 4911 1230 4996 synodum
1246 4934 1311 4974 non
1327 4911 1475 4975 focerunt
1499 4913 1557 4998 (cf,
1574 4915 1702 5001 Hefele,
1726 4913 2087 5001 ‘Concilienpescbiobte’
2112 4915 2159 4978 ed.
2177 4921 2209 4982 2.

565 5020 632 5100 III,
648 5023 737 5102 391).
775 5018 840 5082 Eos
863 5021 896 5081 in
922 5020 1062 5102 antiquis
1086 5022 1290 5107 nicinumentis
1314 5045 1381 5082 cum
1407 5023 1556 5105 temporis
1578 5023 1809 5107 sr‘priiticate'oue
1833 5046 1896 5084 esse
1919 5037 2079 5085 aiiizototos
2103 5047 2212 5106 quatri-

565 5153 657 5211 quani
677 5129 806 5212 primus
829 5125 930 5188 editor
954 5127 1110 5211 affirmant.
1142 5139 1241 5188 tarrien
1275 5127 1344 5210 r‘psa
1376 5128 1534 5188 uerborum
1553 5130 1668 5211 ,torota
1693 5130 1768 5212 quin
1795 5130 1923 5212 cestipia
1948 5130 2083 5214 oriqiuis
2099 5129 2214 5214 salsae

565 5248 656 5317 atque
681 5233 845 5296 urodernae
863 5257 947 5317 pirae
970 5257 1002 5294 se
1018 5233 1112 5317 ,ferat
1135 5233 1264 5294 999999
1290 5256 1350 5294 999
1374 5246 1427 5310 est,
1451 5235 1511 5296 etsi
1532 5233 1569 5295 F.
1600 5235 1713 5296 l'aneto
1737 5234 1787 5297 bis
1811 5236 1981 5297 canonibus
1996 5238 2131 5320 ficticiis
2150 5259 2213 5320 pro

566 5342 649 5403 reris
674 5342 800 5402 utinen
826 5354 869 5402 est
894 5341 1008 5402 ceritas
1033 5338 1163 5409 t‘Ilecue
1188 5339 1225 5401 dc
1252 5339 1427 5424 Gascopne'
1451 5349 1595 5410 91895,
1619 5354 1688 5403 tom.
1715 5340 1768 5418 VI,
1784 5345 1876 5425 244).
2234 5364 2261 5402 so

674 5471 769 5526 Ede:
793 5470 824 5527 J.
850 5470 974 5538 liuberti,
1000 5470 1130 5524 Historia
1153 5493 1175 5526 s.
1198 5470 1318 5525 Hubcrti
1341 5512 1347 5524 .
1375 5514 1380 5525 .
1407 5514 1413 5526 .
1432 5470 1524 5545 primi
1547 5471 1709 5527 Leodicnsis
1733 5472 1856 5546 episcopi
1879 5465 2086 5548 (Luaemburpi
2109 5476 2213 5540 1621),

561 5599 593 5654 p.
613 5583 681 5636 166.
729 5577 894 5633 IIarl:ln¹im
920 5577 943 5646 l,
962 5584 1011 5634 552.
1036 5605 1079 5614 -
1104 5577 1190 5651 liep:
1216 5575 1318 5631 ‘Neues
1341 5576 1459 5631 Arellio’
1485 5576 1598 5644 XXIV,
1615 5581 1685 5635 493).

673 5765 697 5827 Ι.
733 5765 852 5828 Forma
884 5761 1066 5839 vorborum,
1099 5764 1131 5824 in
1164 5761 1281 5846 quibus
1313 5763 1459 5825 consistit
1483 5773 1717 5826 sacramentum
1743 5762 1906 5849 baptismi,
1935 5763 2008 5828 talis
2032 5777 2096 5828 ost:
2130 5765 2215 5851 ‘Ego

568 5871 695 5957 baptizo
720 5886 751 5935 to
776 5872 809 5933 in
832 5872 962 5933 999ιί99
987 5870 1087 5954 patris
1112 5882 1143 5931 et
1169 5868 1224 5931 tilii
1250 5881 1282 5931 ot
1306 5867 1444 5953 Spiritus
1469 5870 1581 5932 sancti.
1632 5870 1758 5933 Amen.y
