4884 6717
685 531 737 586 56.
775 529 992 587 conamen
1016 529 1345 594 AQUISGRANENSE
1369 534 1406 587 Α.
1428 532 1502 588 836.
1854 528 1916 590 757

264 721 461 799 consuetudo,
486 720 727 805 conprehensum
754 721 787 781 iu
810 718 915 782 eodem
940 719 1006 783 loco
1030 722 1146 784 necari.
1195 720 1278 784 Erat
1300 734 1402 784 assum
1427 724 1460 784 iu
1484 720 1590 784 eodem
1615 723 1680 784 loco
1704 725 1803 786 turreis
1827 725 1917 808 quin·
1937 740 2078 832 mgb&

264 831 416 914 quapiam
451 829 635 904 cubitorum,
670 839 826 911 eppesteim
862 825 1001 910 undique
1035 827 1151 890 babens
1184 830 1311 891 soumis
1366 826 1455 892 Haec
1485 843 1682 914 prospectum
1719 829 1851 894 babebat
1886 832 1918 893 in
2032 824 2037 834 ’

257 959 401 1022 preceps.
458 933 538 997 Iade
573 937 607 996 in
642 935 776 996 cinerem
812 932 899 996 deici
931 935 1024 996 iussit
1063 935 1269 1018 sacrilepum,
1313 935 1456 997 erunibus
1490 957 1558 996 eum
1590 935 1839 1020 propellentibus
1874 936 1920 999 ud

263 1045 434 1106 interitum.
481 1041 526 1105 Et
555 1041 616 1104 tali
644 1041 709 1126 lopo
736 1041 1003 1124 prevaricatorem
1029 1041 1107 1125 lepis
1137 1043 1267 1126 coutrpit
1295 1043 1380 1103 mori
1406 1066 1460 1104 nec
1490 1055 1591 1104 terrae
1622 1041 1701 1104 dari
1727 1041 1915 1106 Menelaum.

231 1149 308 1215 sEr
330 1147 457 1232 quidem
481 1149 560 1210 satr's
583 1149 680 1210 iuste:
702 1171 776 1208 narn
800 1148 876 1230 quia
900 1147 997 1208 nrsrlto
1022 1150 1108 1209 circa
1132 1171 1224 1210 arom
1250 1146 1315 1210 Dei
1336 1147 1450 1210 delicta
1475 1149 1639 1226 cornmisit,
1670 1150 1761 1211 arrius
1784 1151 1868 1234 r'pnm
1891 1163 1920 1213 et

264 1257 346 1318 ciuis
370 1268 437 1318 erut
459 1267 594 1332 sanctus,
623 1255 690 1338 ipse
714 1255 747 1316 in
773 1255 890 1315 cineris
912 1268 1008 1316 rrsorte
1032 1253 1221 1338 dampnatus
1245 1267 1297 1316 est.
1333 1252 1531 1332 Notandum,
1556 1251 1642 1338 quod
1660 1252 1828 1317 Menelaus
1843 1254 1917 1318 ideo

263 1359 442 1444 sacrilegus
467 1359 587 1423 dicitur
609 1381 669 1443 pro
693 1380 743 1437 ee,
768 1357 855 1442 quod
878 1358 1040 1422 Anthioco
1064 1358 1179 1422 ductor
1201 1359 1311 1422 extitit
1340 1369 1381 1438 et,
1414 1371 1449 1421 ut
1480 1382 1574 1422 saera
1604 1382 1684 1422 vasa
1714 1360 1826 1445 templi
1850 1361 1917 1424 Do·

263 1467 343 1529 mini
374 1466 526 1546 auferret,
558 1465 727 1529 consilinm
760 1463 859 1527 dedit.
907 1465 989 1527 Nam
1021 1476 1054 1527 et
1080 1487 1138 1550 pro
1170 1488 1218 1544 eo,
1251 1465 1338 1550 quod
1368 1466 1456 1529 circa
1480 1488 1569 1529 aram
1594 1465 1728 1529 Domini
1752 1468 1785 1530 in
1809 1466 1917 1531 multis

264 1572 456 1658 deliquerat,
488 1583 554 1635 tam
586 1570 746 1635 exitiabili
777 1585 878 1634 morte
909 1571 1050 1656 perierit.
1099 1569 1199 1634 Cuius
1231 1571 1382 1657 exemplo
1413 1571 1600 1635 deterrendi
1628 1583 1702 1635 sunt
1725 1596 1789 1636 non
1814 1573 1917 1637 solum

220 1709 246 1746 ro
264 1679 308 1759 hi,
333 1680 389 1765 qui
413 1680 501 1743 circa
525 1701 615 1741 aram
639 1678 704 1740 Dei
728 1677 770 1740 ad
794 1676 1002 1740 serviendum
1026 1677 1169 1740 Domino
1193 1678 1289 1763 eique
1315 1678 1572 1758 ministrandum,
1605 1701 1719 1742 verum
1751 1681 1849 1743 etiam
1872 1680 1916 1761 hi,

265 1787 321 1871 qui
345 1785 417 1848 aliis
440 1797 574 1871 propter
597 1807 689 1849 suam
714 1782 910 1870 explendam
941 1784 1151 1868 cupiditatem
1182 1785 1215 1847 in
1246 1784 1432 1848 auferendis
1455 1785 1529 1848 Deo
1562 1787 1697 1849 sacratis
1721 1785 1818 1850 rebus
1843 1809 1918 1851 eon-

265 1890 372 1955 silium
396 1891 474 1955 dant
505 1903 538 1955 et
561 1890 785 1954 exhortatores
815 1890 896 1952 fiunt
926 1902 958 1953 et
988 1889 1183 1954 facientibus
1213 1892 1429 1976 inpunitatem
1460 1893 1660 1977 promittunt,
1692 1903 1727 1956 nt
1755 1915 1789 1956 se
1815 1893 1918 1956 modis

265 1997 415 2063 omnibus
450 2009 675 2083 compescant,
710 2019 752 2059 ne
787 2007 853 2060 tam
888 1998 998 2060 mortis
1034 1997 1256 2060 atrocissimae
1293 1998 1451 2078 Menelai,
1487 1997 1574 2084 qnod
1610 1997 1705 2080 absit,
1741 2001 1918 2085 participes

266 2106 418 2169 existant.

221 2275 246 2314 rs
373 2248 456 2332 (66).
481 2244 643 2309 XXVIII.
680 2245 744 2324 Qui
775 2255 883 2308 autem
910 2245 1071 2309 aerarium
1095 2245 1239 2334 Domini,
1271 2244 1305 2308 id
1329 2257 1379 2309 est
1402 2245 1557 2332 templum
1581 2250 1660 2328 eius,
1691 2249 1839 2332 pecuniis
1864 2260 1919 2311 ant

263 2354 338 2418 Deo
355 2351 471 2417 oblatis
488 2364 544 2416 aut
560 2351 601 2415 sb
626 2350 698 2415 aliis
722 2350 889 2437 depositis
914 2351 1145 2437 expoliandum
1163 2353 1285 2438 inpune
1301 2375 1396 2438 posse
1415 2365 1446 2417 ct
1469 2352 1588 2417 debere
1613 2354 1821 2432 arbitrantur,
1845 2377 1917 2440 per·

264 2461 420 2548 pendant,
445 2460 523 2546 quid
547 2459 743 2523 Helioderus
768 2461 882 2544 suique
907 2461 1041 2523 comites
1065 2460 1160 2544 eique
1183 2469 1337 2543 parentes
1354 2459 1616 2545 Hierosolymam
1635 2459 1858 2542 advenientes,
1884 2473 1919 2525 ut

265 2569 426 2631 aerarium
450 2567 584 2630 Domini
608 2567 755 2651 pecuniis
780 2565 993 2650 expoliarent,
1025 2564 1066 2628 ab
1091 2588 1174 2650 equo
1199 2565 1333 2628 caelesti
1357 2567 1492 2651 eiusque
1521 2565 1657 2630 terribili
1688 2590 1813 2631 sessore
1842 2590 1917 2631 nee·

264 2697 329 2738 non
354 2687 386 2738 et
410 2671 535 2736 duobus
560 2672 723 2737 caelicolis
747 2671 919 2735 iuvenibus
943 2694 1117 2757 perpessus
1142 2673 1192 2734 sit.
1228 2671 1281 2735 De
1306 2695 1369 2757 quo
1394 2674 1439 2735 ita
1463 2671 1564 2736 habes
1587 2674 1621 2736 in
1646 2673 1760 2738 eodem
1783 2673 1917 2738 Macha-

220 2811 247 2849 ro
265 2780 399 2844 beorum
432 2779 514 2843 libro
548 2778 701 2844 secunde.
757 2779 835 2842 Cum
866 2782 997 2842 resumet
1025 2779 1219 2842 Heliodorus
1248 2779 1503 2866 Hierosolymam
1534 2794 1562 2844 et
1590 2783 1719 2867 benique
1749 2809 1769 2844 a
1798 2807 1918 2845 summo
1937 2801 2067 2852 sumas,

265 2888 425 2952 sacerdote
456 2891 489 2951 in
522 2890 647 2950 ciritnte
675 2901 752 2951 esset
774 2901 927 2971 exceptus,
958 2888 1104 2948 narrarit
1136 2885 1174 2948 de
1202 2885 1275 2949 doto
1308 2886 1428 2950 indicio
1445 2890 1657 2972 pecuniarum
1689 2903 1726 2968 ct,
1758 2892 1847 2952 cru'us
1870 2891 1921 2951 rei
1971 2855 2032 2899 ω’

263 2999 370 3080 pratia
401 2995 532 3072 adesset,
567 2996 700 3080 aperuit.
749 2992 967 3078 Interropabot
999 3007 1111 3071 aretem,
1146 2994 1179 3055 si
1211 3017 1281 3054 rere
1315 2993 1391 3056 baec
1425 2996 1468 3057 ita
1499 3009 1604 3058 essent.
1664 2994 1694 3058 T
1693 3020 1751 3058 unc
1780 3020 1919 3058 srirrunus

265 3101 413 3164 sacerdos
436 3101 570 3164 ostendit
592 3101 734 3185 deposito
757 3125 821 3162 esse
845 3099 920 3162 baec
943 3113 972 3162 et
994 3100 1145 3162 victualia
1172 3099 1339 3162 uiduarum
1364 3125 1402 3163 aa
1418 3101 1631 3186 pupillorum.
1670 3099 1714 3163 Et
1728 3100 1830 3163 infra:
1856 3101 1918 3164 lle·
1939 3122 2038 3173 murs.

266 3210 429 3293 aspicere
453 3231 513 3284 eos,
544 3210 603 3292 qui
624 3206 833 3270 credidissent
861 3206 927 3268 loco
951 3219 979 3268 et
1001 3206 1124 3290 templo,
1155 3206 1241 3289 quod
1264 3231 1327 3291 per
1356 3209 1537 3270 unirersum
1564 3207 1712 3270 nsrsndurn
1738 3208 1919 3278 bonoratur,

220 3343 248 3382 es
259 3339 325 3400 pro
354 3316 409 3377 sui
436 3317 632 3377 ueneratione
662 3328 690 3376 et
718 3315 881 3376 sarictitate
910 3313 1096 3396 inpossibile
1126 3314 1252 3374 onrru'no
1282 3337 1356 3375 esse.
1403 3310 1446 3374 Et
1469 3311 1570 3402 infra:
1601 3313 1795 3378 lfelr'oderus
1818 3328 1919 3378 autem
1939 3334 2091 3384 mass-ss.

267 3421 353 3507 quod
379 3421 558 3484 decreuerat
584 3421 773 3506 perficiebat
804 3419 909 3481 eodem
941 3419 1007 3481 loco
1036 3420 1104 3504 ipse
1138 3443 1205 3480 cum
1242 3418 1430 3482 satellitibus
1464 3422 1551 3484 circa
1585 3425 1747 3484 aerarium
1776 3445 1917 3507 presens.

267 3527 334 3591 Sed
354 3530 488 3613 spiritus
511 3528 729 3611 omnipotentis
752 3524 819 3589 Ilei
846 3549 991 3611 mapsam
1015 3525 1102 3611 fecit
1129 3549 1205 3587 suae
1229 3527 1414 3588 ostensionis
1437 3526 1637 3606 euidentiam,
1667 3530 1712 3594 ito
1743 3541 1776 3590 nt
1803 3551 1919 3606 omues,

266 3637 326 3719 qui
346 3636 421 3698 ausi
435 3635 573 3721 fuerant
595 3635 628 3696 ei
642 3657 772 3718 parere,
804 3645 926 3694 ruentes
949 3631 1016 3694 Dei
1044 3634 1155 3694 uirtute
1186 3634 1217 3694 iu
1250 3631 1486 3696 dissolutionem
1509 3648 1537 3696 ct
1552 3634 1767 3720 formidinem
1793 3658 1918 3698 concer-

266 3755 410 3804 terentur.
458 3741 623 3826 Apparuit
645 3742 726 3804 enim
752 3740 821 3803 illis
845 3737 976 3823 quidam
1000 3761 1096 3822 equum
1119 3738 1291 3802 terribilem
1323 3739 1438 3802 babens
1467 3763 1627 3818 sessorem,
1658 3742 1786 3825 optimis
1816 3743 1918 3826 operi·

222 3874 249 3913 so
267 3849 378 3911 nrentr's
401 3847 583 3910 adornatus.
631 3845 725 3930 Isque
756 3870 825 3908 cum
857 3847 972 3930 impetu
995 3843 1201 3908 Ilelioderurn
1231 3847 1359 3928 priores
1390 3845 1490 3908 calces
1513 3846 1628 3909 aelisit.
1679 3847 1745 3924 Qui
1765 3861 1866 3910 arrum
1890 3850 1923 3912 ei

266 3953 393 4017 sedebat
416 3954 581 4017 uidebatur
603 3977 695 4016 arona
718 3952 831 4016 babere
855 3976 961 4014 aurea.
998 3951 1075 4013 Alii
1095 3952 1187 4013 etiam
1211 3965 1430 4035 apparuerunt
1453 3951 1515 4014 duo
1534 3955 1657 4017 iuuenes
1674 3955 1785 4017 uirtute
1802 3953 1918 4022 decori.

267 4061 382 4145 optimi
399 4060 506 4146 ylario
530 4061 725 4145 speciosique
748 4060 875 4137 amictu,
899 4059 958 4141 qui
978 4061 1244 4120 circumsteterunt
1259 4081 1326 4121 eum
1343 4072 1372 4121 et
1386 4083 1425 4120 er
1439 4072 1571 4144 utraque
1587 4074 1683 4145 purte
1698 4061 1919 4146 flagellabant,

266 4168 335 4230 sine
360 4168 589 4230 intermissione
612 4167 719 4229 urultis
735 4165 848 4250 plagis
873 4165 1075 4227 uerberantes.
1124 4163 1234 4228 ›S'ubito
1257 4178 1357 4226 autern
1375 4165 1569 4231 Heliodorus
1584 4166 1723 4231 concidit
1745 4169 1779 4230 in
1803 4181 1917 4230 terram

267 4296 396 4357 eumque
420 4273 517 4336 multo
541 4273 678 4358 calipine
702 4272 869 4358 confusum
900 4284 1075 4356 rapuerunt
1103 4284 1194 4354 atque
1226 4273 1259 4334 in
1288 4272 1366 4334 sella
1395 4275 1566 4357 portatoria
1593 4275 1730 4358 positum
1755 4275 1917 4337 eiecerunt.

222 4407 249 4448 ss
268 4378 312 4442 Et
334 4382 372 4459 is,
397 4383 456 4464 qui
476 4405 544 4442 cirin
569 4378 675 4442 urrrltis
698 4379 879 4442 cursoribus
903 4392 931 4440 et
952 4377 1140 4440 satellitibus
1158 4377 1339 4462 predictum
1364 4381 1523 4462 inpressas
1545 4392 1589 4442 est
1609 4381 1783 4458 aerarium,
1810 4396 1918 4466 porta-

267 4486 359 4549 batur
381 4487 469 4550 uullo
498 4487 565 4550 sibi
592 4486 748 4548 armiliam
774 4486 911 4572 ferente,
941 4485 1114 4571 manifesta
1145 4487 1269 4570 coercita
1292 4484 1359 4548 Ilei
1386 4487 1506 4548 uirtute.
1555 4484 1598 4549 Et
1627 4486 1682 4549 ille
1712 4486 1838 4571 quidem
1859 4511 1920 4573 per

268 4592 412 4656 diuinam
445 4594 586 4656 uirtutem
618 4593 739 4656 iacebat
767 4605 878 4654 mutus.
925 4591 977 4654 lli
1004 4605 1105 4654 autem
1135 4591 1306 4654 Dominum
1337 4591 1565 4671 benedicebant,
1596 4594 1673 4676 quio
1703 4596 1921 4680 mapnificorit

268 4699 368 4763 locum
399 4723 508 4779 suum,
540 4713 568 4762 et
594 4699 752 4785 templum,
783 4698 868 4783 quod
890 4699 991 4783 paulo
1020 4711 1091 4760 unte
1121 4700 1231 4762 timore
1261 4723 1299 4760 ac
1329 4699 1461 4761 tiernultu
1491 4712 1559 4762 erat
1577 4699 1717 4784 plenum,
1748 4714 1920 4786 apparente

268 4807 472 4890 omnipotente
496 4805 575 4884 Deo,
602 4805 723 4892 paridis
754 4819 783 4868 et
811 4804 931 4867 laetitia
964 4805 1132 4889 impletum.
1185 4803 1215 4866 Τ
1214 4829 1264 4868 um
1294 4829 1366 4866 rero
1397 4829 1436 4867 ea·
1458 4807 1572 4868 amicis
1594 4805 1767 4869 llelioderi
1787 4806 1917 4891 quidam

221 5084 250 5122 ιο
375 5074 697 5125 numerasset.
752 5068 833 5136 deici]
848 5075 900 5123 eici
916 5075 942 5123 C.
998 5070 1235 5139 5quialqniB2.
1290 5075 1460 5136 licinereC,
1481 5077 1656 5126 cineresrell.
1712 5083 1798 5128 morte
1811 5075 1878 5126 deest
1891 5077 1918 5127 C.

268 5159 410 5227 iductor]
432 5165 539 5214 diactor
557 5163 588 5213 L.
669 5163 941 5213 nominitamus.
1021 5164 1162 5213 Sauferet
1182 5162 1206 5212 B
1216 5167 1240 5212 3.
1322 5170 1349 5213 et
1366 5163 1434 5214 deest
1454 5166 1480 5214 U.
1557 5167 1646 5215 9tsm
1665 5165 1732 5215 deest
1749 5164 1782 5215 L·
1853 5159 1918 5228 non]

267 5270 338 5304 none
357 5252 395 5302 il.
461 5256 493 5304 10
512 5253 539 5302 hi
559 5254 605 5318 qui
625 5246 710 5314 circs]
731 5254 778 5316 qui
797 5253 871 5301 circs
891 5251 949 5301 133.
1018 5255 1047 5301 11
1069 5246 1234 5314 auferendis]
1254 5253 1399 5303 offerendis
1420 5252 1479 5302 Bu.
1492 5257 1517 5304 3.
1538 5249 1575 5303 dl.
1641 5255 1674 5304 12
1693 5259 1861 5304 exortatores
1882 5250 1918 5302 M.

270 5346 302 5392 13
321 5344 415 5393 mortis
433 5342 499 5392 deest
518 5341 549 5391 L.

374 5449 504 5498 XXVIII.
548 5451 578 5499 Π
606 5443 783 5510 Heliodorus]
811 5445 977 5497 Heliodorus
1006 5447 1032 5496 C.
1059 5446 1113 5496 133
1137 5447 1251 5510 nemin,
1279 5445 1314 5496 Μ
1334 5463 1446 5512 serrrper,¹
1478 5449 1514 5498 ito
1538 5449 1613 5499 etiem
1638 5449 1667 5500 in
1689 5448 1785 5499 msibsu
1807 5449 1919 5517 abbonis

221 5552 249 5591 so
268 5533 357 5603 eique]
377 5539 429 5588 sibi
449 5539 532 5587 etiam
551 5537 611 5586 Bi.
624 5541 648 5587 3.
668 5537 705 5586 M.
763 5529 992 5600 Hierosolymam]
1012 5535 1048 5584 ita
1066 5534 1106 5583 liic
1124 5544 1148 5585 et
1166 5534 1239 5600 infra
1260 5535 1287 5587 O.
1306 5536 1338 5596 L,
1358 5536 1571 5588 Hierosolimam
1590 5546 1644 5588 ortt.
1701 5539 1734 5588 18
1753 5554 1862 5590 sessore
1881 5544 1918 5594 Μ,

269 5629 301 5676 19
320 5626 480 5691 caeliquolis
500 5626 558 5676 BL).
614 5626 828 5676 Mechsbeorum
847 5620 925 5688 libro]
946 5622 1015 5674 libro
1034 5624 1246 5675 Mscbabeornm
1268 5625 1294 5674 t'.
1357 5628 1387 5676 21
1409 5626 1513 5676 iudicio
1532 5623 1605 5689 to).
1669 5627 1918 5679 conuocauit.

267 5717 301 5766 26
326 5711 448 5781 presens]
473 5715 631 5781 praesidens
651 5715 687 5764 H.
779 5715 812 5764 27
840 5708 901 5776 Dei]
926 5713 962 5762 itu
983 5711 1010 5773 C,
1035 5712 1102 5762 deest
1126 5721 1180 5763 cett.
1272 5715 1306 5764 29
1326 5709 1408 5778 euim]
1434 5721 1526 5766 autem
1545 5707 1577 5765 L.
1597 5712 1634 5765 Μ.
1725 5732 1862 5767 cessorem
1882 5715 1918 5766 Μ.

267 5807 302 5854 30
321 5805 470 5855 adornatur
487 5804 547 5855 Be.
638 5805 755 5869 priorem
775 5802 834 5852 Ba
848 5807 873 5852 3.
893 5799 929 5851 M.
1021 5800 1093 5852 elisit
1111 5802 1170 5853 Br.
1185 5806 1209 5852 3.
1230 5803 1267 5853 M.
1352 5805 1378 5853 ei
1396 5803 1463 5853 deest
1480 5803 1513 5854 L.
1604 5806 1635 5854 ³1
1658 5799 1751 5869 etism]
1770 5813 1863 5856 sutem
1882 5806 1918 5857 M.

267 5896 302 5943 33
320 5894 521 5943 intermissione
539 5893 605 5943 deest
623 5889 660 5941 M.
716 5894 750 5942 35
770 5887 849 5954 Etis]
870 5890 1031 5952 EthisBi,
1051 5891 1128 5942 Ehis
1147 5889 1184 5941 ll.
1241 5894 1276 5943 88
1295 5893 1419 5943 timorem
1438 5892 1476 5943 M.
1531 5894 1564 5943 39
1583 5888 1730 5960 impletum]
1750 5900 1792 5945 est
1808 5887 1918 5944 attuit
