4884 6717
266 495 478 552 APPENDIX.
497 496 526 552 7.
543 497 822 554 FRAGMENTUM
838 496 1082 555 HISTORICUM
1097 498 1150 553 De
1164 495 1351 553 CONCILIO
1365 496 1684 562 AQUISGRANENSI
1701 499 1737 553 Α.
1752 496 1827 553 816.
1854 490 1916 553 831

265 682 338 770 (27)
369 682 605 748 Ansebraudus
635 684 793 749 diaeonus
823 683 866 748 sd
900 685 1006 748 vicem
1038 683 1238 748 Landeborti
1269 684 1518 770 Egliueusium¹
1549 685 1696 771 episcopi
1730 682 1918 771 subscripsi.

264 790 337 876 Ego
362 791 435 877 (28)
451 790 645 856 Rieeimirus
668 790 822 876 indignus
845 788 1017 877 presbyter
1040 791 1083 855 ud
1098 792 1206 855 vicem
1225 790 1405 878 Vulfegarii
1423 791 1510 855 sedis
1532 791 1750 855 Biterrensis²
1772 792 1919 878 episcopi

265 896 390 962 subscri
415 898 453 960 si.

371 921 444 1090 Epgo
474 1004 614 1068 Arricho
645 1002 858 1069 cancellarius
889 1006 957 1068 acsi
988 1003 1140 1090 indiguus
1171 1003 1344 1091 presbyter
1374 1004 1436 1069 hoc
1468 1005 1634 1069 decretum
1663 1005 1779 1090 scripsi
1810 1002 1863 1068 die
1888 1015 1920 1067 et

233 1132 360 1193 sanna,
385 1133 449 1196 quo
473 1133 581 1197 supra.

374 1313 602 1362 lAusebrsndus
624 1312 650 1363 0.
724 1312 888 1362 Laudeberti
910 1313 937 1362 ζ’.
1017 1307 1225 1374 suiceimims]
1247 1313 1408 1362 Domiuieus
1429 1313 1456 1363 C.
1531 1307 1693 1378 Vulsegsrii]
1715 1310 1869 1377 Vuselgsrii
1891 1311 1918 1361 Ο.

265 1401 395 1451 iberico
417 1401 443 1451 0.

375 1583 403 1652 i)
428 1583 606 1659 Anpoulime.
700 1581 730 1653 2)
754 1580 879 1639 Beriers.

297 2414 342 2523 7.
390 2409 901 2524 FRAGMEN'PUM
938 2408 1380 2523 HISTORIOUM
1416 2411 1511 2521 Dn
1551 2410 1881 2523 OONOILIO

792 2622 1390 2758 AQUISGRANENSI.

1052 2875 1128 2944 816.

371 3114 455 3191 Iam
478 3151 577 3213 supra
586 3152 624 3213 p.
641 3134 710 3195 308
726 3128 879 3213 epitomen
894 3126 1093 3190 exhibuimus
1108 3148 1147 3188 en
1154 3125 1341 3211 fragmento
1357 3123 1494 3209 quodam
1511 3124 1671 3204 brbtorieo,
1694 3123 1918 3210 quodprirnus

263 3235 296 3298 d.
317 3234 476 3298 Mobillou
499 3236 603 3298 amaia
627 3258 687 3319 qua
712 3257 751 3297 ex
765 3233 860 3320 fonte
880 3233 1008 3319 publici
1030 3234 1112 3296 iuris
1127 3232 1222 3318 feeit
1271 3230 1340 3294 Hoc
1364 3230 1430 3294 loeo
1456 3229 1540 3294 illud
1563 3232 1730 3317 repetimus
1753 3233 1917 3317 inteprum,

265 3366 325 3405 aare
348 3343 540 3427 quasivero
562 3342 687 3429 referat
708 3378 752 3387 —
767 3342 865 3404 nimis
888 3340 1031 3404 benevole
1047 3337 1204 3402 Mabillon
1231 3341 1264 3402 in
1288 3339 1370 3402 libro
1395 3337 1488 3424 infra
1513 3337 1675 3402 laudando
1693 3336 1849 3402 iudicauit
1862 3375 1917 3417 —,

218 3473 245 3513 rs
263 3448 320 3512 sed
341 3474 379 3512 ne
401 3448 585 3513 relationem
601 3448 734 3535 fabulis
753 3447 803 3510 vel
817 3447 909 3510 rebus
925 3469 1063 3531 prorsus
1079 3447 1168 3532 fietis
1187 3445 1319 3530 plenam
1334 3445 1460 3508 silentio
1472 3445 1725 3530 praetermisisse
1741 3444 1915 3508 uideamur.

264 3554 414 3620 Formam
438 3579 501 3619 non
517 3555 651 3641 praebet
672 3567 866 3632 stantarum,
889 3553 1015 3640 fateor,
1044 3551 1102 3616 sed
1124 3552 1270 3639 fortasse
1300 3565 1444 3637 eroptata
1475 3564 1520 3616 est
1550 3551 1631 3630 ideo,
1661 3550 1747 3636 quod
1776 3551 1918 3636 precede

264 3663 398 3728 concilio
422 3663 680 3747 Aquispranensi
707 3659 913 3725 credebantur
936 3658 1067 3746 pandit.
1117 3661 1184 3736 (liro
1215 3673 1351 3745 ternpore
1375 3659 1595 3745 frapmentnm
1626 3660 1836 3744 asumptum
1865 3661 1917 3738 sit,

266 3772 446 3857 spueretur:
476 3783 555 3833 certe
577 3769 702 3833 saeculo
726 3767 853 3831 cuidam
877 3766 980 3830 medii
1000 3768 1074 3830 aeri
1094 3765 1232 3845 debetur,
1256 3789 1316 3850 quo
1340 3764 1527 3829 consuetudo
1551 3763 1723 3829 diuidendi
1743 3766 1823 3830 baua
1847 3789 1917 3828 con-

262 3879 477 3965 prepatiouum
510 3877 734 3939 canonicarum
760 3876 840 3938 inter
854 3874 1059 3960 praepositos
1082 3874 1308 3956 cartanicosque
1332 3873 1397 3935 iarn
1421 3873 1545 3935 eratin
1571 3895 1639 3950 suu,
1669 3871 1707 3934 id
1728 3884 1773 3935 est
1793 3872 1918 3936 sacerdo

220 4015 247 4055 ιο
265 4009 340 4048 aeuo
357 3983 517 4047 Karalino
534 3983 713 4068 posteriori
735 3981 794 4067 (af.
812 3979 998 4058 Hiusrbius,
1023 3978 1277 4043 ‘Kirebenreelrt'
1297 3977 1342 4056 ΙΙ,
1358 3987 1400 4044 :iri
1412 4003 1479 4063 sqq.
1479 3999 1505 4062 χ
1543 3977 1655 4042 lnsurtt
1669 3992 1769 4042 autem
1788 3992 1918 4064 praeter

268 4090 325 4155 illa
350 4090 388 4154 de
411 4091 572 4154 coturnicis
597 4103 728 4152 narrata
751 4088 820 4152 alia
844 4086 882 4150 de
906 4086 1077 4164 monacbis,
1101 4111 1181 4170 purae
1198 4123 1238 4132 -
1265 4100 1365 4148 ritrrrm
1391 4109 1466 4148 rasa
1489 4110 1582 4149 ruerus
1606 4084 1790 4149 diiudicari
1810 4087 1917 4170 nequi·

265 4222 334 4262 mus
357 4234 399 4244 -
416 4196 559 4262 alludere
577 4195 722 4259 ridentur
737 4194 783 4258 ad
796 4195 1011 4258 narrationem
1031 4193 1183 4256 (lrderiri
1205 4193 1320 4256 Vitalis
1344 4193 1438 4256 (sires.
1455 4191 1552 4276 XII.)
1577 4191 1616 4256 de
1639 4191 1814 4255 discordiis
1838 4194 1918 4254 inter

265 4305 403 4370 abbatem
422 4303 647 4388 monachosque
663 4301 810 4364 riuturni
824 4301 1009 4364 monasterii
1023 4298 1192 4380 (‘Mol‹”›me,
1216 4324 1283 4362 arr.
1305 4298 1493 4382 Clidtillon’)
1519 4299 1709 4384 temporibus
1724 4297 1916 4384 Philippii,

264 4415 349 4500 repis
366 4411 564 4475 Francorum
581 4409 854 4492 (roua-1108),
878 4420 912 4470 ut
926 4408 1102 4470 coniectura
1120 4408 1299 4470 cautissime
1316 4407 1485 4491 proposita
1503 4405 1573 4469 diri
1582 4407 1688 4491 possit
1698 4406 1918 4492 frapmentum

220 4547 247 4588 rs
267 4519 358 4606 infra
382 4518 534 4582 edendum
551 4517 688 4604 floruisse
706 4540 745 4580 er
767 4515 873 4579 libello
897 4513 1045 4598 quadarn,
1069 4537 1129 4598 qua
1150 4513 1297 4576 rnonaclri
1315 4512 1369 4576 illi
1385 4513 1545 4597 postulata
1569 4537 1627 4574 sua
1650 4514 1752 4598 speeie
1772 4513 1854 4574 iuris
1872 4512 1920 4574 rel

264 4627 463 4711 antiquitatis
478 4625 606 4712 fulcire
629 4625 736 4687 eormti
755 4636 843 4702 sant;
869 4645 893 4683 r.
919 4645 999 4706 quae
1024 4621 1116 4707 infra
1135 4647 1170 4705 p.
1189 4627 1257 4686 333
1279 4627 1394 4686 (ιηη.2
1416 4643 1455 4682 er
1480 4617 1634 4682 Orderioo
1657 4620 1833 4704 afferemus.

373 4757 449 4814 Ea.-
483 4755 515 4812 J.
546 4755 694 4824 Mabillon,
728 4754 829 4812 Vetera
856 4754 989 4809 analecta
1013 4751 1033 4807 l
1054 4747 1202 4826 (Luteciae
1226 4751 1402 4808 Parisiorum
1428 4745 1530 4825 1675),
1558 4771 1587 4827 p.
1611 4755 1671 4820 525
1705 4751 1749 4808 ed.
1781 4755 1809 4810 2.
1845 4745 1917 4824 (Pa-

264 4864 340 4922 risiis
364 4861 467 4940 1723),
486 4885 519 4940 p.
539 4867 605 4923 149.
654 4862 782 4937 Bouquet
803 4860 852 4928 VI,
869 4863 939 4919 445.

370 5052 538 5155 Tempore
556 5066 717 5131 Ludovici
734 5066 785 5129 Pii
809 5065 850 5129 de
873 5063 977 5128 Roma
1000 5064 1043 5128 ad
1066 5063 1222 5151 palatium
1247 5064 1513 5150 Aquisgranense
1537 5064 1628 5126 venit
1647 5062 1826 5148 Gregorius
1843 5061 1915 5125 IV.¹

220 5207 247 5246 so
264 5175 375 5263 ibique
398 5173 544 5240 habitum
569 5186 617 5238 est
640 5171 814 5237 concilium
838 5171 879 5235 de
903 5171 970 5235 fere
995 5170 1144 5236 omnibus
1168 5169 1322 5256 praelatis
1347 5168 1568 5235 Orientalibus
1592 5180 1624 5233 et
1647 5167 1796 5233 omnibus
1821 5168 1915 5234 Oeei·

265 5282 459 5365 dentalibus,
485 5271 545 5347 'ubi
577 5291 696 5345 statuta
725 5277 964 5366 quamplurima
993 5278 1085 5343 utilia
1109 5276 1289 5342 Gallicanis
1313 5276 1461 5342 ecclesiis
1485 5287 1676 5356 statuerunt,
1704 5274 1916 5340 eoufinnsnte

371 5482 489 5534 Lemnum
509 5484 701 5548 Fragmentum
721 5482 878 5532 historicum
897 5481 932 5529 de
951 5477 1071 5529 eoncilia
1090 5479 1307 5544 Aquisgrsuensi
1327 5477 1395 5528 uas.

371 5577 405 5624 30
425 5573 518 5638 ibique
537 5572 659 5623 habitum
680 5577 720 5622 est
736 5571 821 5636 suppl.
841 5569 907 5620 Mas.

375 5755 404 5825 l)
428 5753 487 5820 Qui
507 5753 621 5812 sedebat
641 5755 835 5821 sm-sru·
865 5752 900 5808 de
923 5750 981 5808 eius
1004 5750 1103 5808 itinere
1126 5748 1155 5806 ia
1180 5747 1339 5804 standum
1363 5767 1391 5804 a.
1408 5750 1480 5808 833.
1499 5756 1620 5823 peracto
1643 5747 1685 5819 cf.
1710 5745 1919 5805 Miiltlbaelter²

220 5883 246 5924 ts
265 5882 294 5920 n.
311 5867 408 5923 925a.
456 5861 501 5918 De
528 5860 639 5918 stanna
668 5858 837 5928 rnonasticis,
861 5877 935 5934 quae
957 5856 1144 5914 illudue-icus
1173 5855 1329 5931 imperator
1351 5874 1370 5911 u
1395 5852 1537 5931 Greporio
1560 5854 1614 5911 IV.
1641 5874 1724 5931 papa
1753 5853 1919 5930 impetrasse
