4884 6717
723 520 775 578 50.
811 521 1033 579 CONCILIUM
1054 520 1283 577 Pamslsuss
1306 521 1343 577 Α.
1365 519 1439 578 829.
1838 512 1903 576 639

249 705 367 792 tiisque
392 705 526 772 affluere
551 706 764 790 delectantur,
789 710 875 795 quia,
901 709 995 773 iuxta
1017 707 1210 794 apostolum,
1242 709 1392 772 viventes
1416 717 1541 772 mortue
1566 717 1651 788 sunt,
1682 728 1818 772 necesse
1843 717 1902 789 est,
1921 725 2046 768 uma.

249 823 284 876 ut
306 810 349 876 ab
373 814 537 901 episcopis
560 813 716 900 pastorali
740 814 957 880 sollicitudine
982 813 1219 879 admoneantur
1243 825 1275 879 et
1297 815 1509 896 instruantur,
1533 825 1694 901 quatenus
1711 834 1789 878 suae
1805 813 1903 878 saluti
1956 780 2006 830 Μ’

249 917 430 1002 consulant,
462 942 503 985 ns
534 921 581 986 sic
611 920 785 987 indiscrete
809 921 952 986 vivendo
976 930 1009 986 et
1031 921 1169 985 terrenis
1192 918 1386 1004 actionibus,
1417 921 1512 984 sexui
1535 941 1593 984 suo
1616 941 1683 984 non
1706 921 1902 984 convenien-

249 1023 346 1106 tibus,
377 1048 412 1091 se
436 1025 635 1113 implicando
659 1029 762 1093 vitam
785 1038 978 1115 perpetuam
1002 1029 1160 1092 amittant.
1207 1027 1252 1091 Et
1281 1025 1401 1092 abhinc
1423 1025 1465 1091 ab
1490 1024 1639 1091 omnibus
1662 1025 1904 1092 observandum

217 1132 431 1214 estatuimus,
460 1147 497 1198 ut
526 1134 751 1199 huiuscemodi
780 1134 900 1200 viduae
931 1135 1059 1199 amissis
1087 1134 1167 1198 viris
1196 1145 1332 1220 repente
1362 1155 1427 1198 non
1450 1132 1610 1214 velentur,
1640 1132 1698 1197 sed
1728 1155 1803 1198 cum
1826 1155 1902 1198 con·

250 1236 395 1303 bibentia
418 1240 565 1327 episcopi
588 1242 639 1305 sui
660 1241 794 1327 triginta
818 1239 943 1322 diebus,
967 1250 1003 1305 ut
1025 1263 1046 1304 a
1068 1240 1208 1326 glorioso
1224 1241 1373 1327 principe
1390 1238 1509 1305 domno
1525 1238 1720 1305 Hludowico
1736 1262 1811 1305 cum
1827 1261 1902 1305 con·

249 1366 346 1409 sensu
369 1344 605 1412 venerabilium
629 1346 835 1412 sacerdotum
858 1346 1049 1413 iamdudum
1072 1347 1282 1413 constitutum
1305 1351 1386 1428 est1,
1410 1356 1595 1433 expectent,
1620 1344 1738 1433 quibus
1760 1346 1902 1432 peractis

249 1463 305 1515 aut
327 1450 453 1518 nubant
474 1464 540 1534 aut,
571 1454 599 1517 si
621 1455 729 1540 potius
752 1453 826 1518 Deo
850 1477 885 1519 se
909 1454 1031 1518 sacrari
1055 1452 1345 1541 expostulaverint,
1376 1453 1613 1518 admoneantur
1636 1465 1669 1518 et
1691 1454 1901 1535 instruantur,

249 1569 373 1623 utnon
395 1559 429 1624 in
452 1558 602 1624 domibus
625 1560 778 1647 propriis,
809 1560 868 1625 sed
899 1561 933 1626 in
955 1561 1160 1626 monasteriis
1189 1558 1251 1624 sub
1275 1553 1429 1647 spiritalis
1452 1562 1564 1624 matria
1588 1560 1746 1647 regimine
1768 1558 1842 1624 Deo
1866 1581 1901 1624 se

206 1690 232 1730 rc
250 1666 426 1730 servituras
449 1664 601 1747 subdant,
625 1668 778 1753 quoniam
802 1665 1026 1732 huiuscemodi
1052 1666 1323 1748 adulescentulas,
1347 1666 1435 1731 viros
1463 1667 1647 1731 amittentes
1671 1676 1704 1730 et
1725 1667 1759 1730 in
1782 1667 1901 1731 sancti·

249 1770 383 1836 moniali
404 1771 518 1838 habitu
538 1774 679 1860 propriis
697 1772 848 1838 domibus
871 1773 1061 1857 residentes,
1086 1795 1223 1859 persepe
1247 1774 1281 1837 in
1304 1772 1457 1860 laqueum
1482 1771 1605 1838 diaboli
1627 1772 1735 1860 lapsas
1759 1794 1831 1838 esse
1855 1771 1901 1837 di·

250 1876 398 1943 dicimus.
434 1878 557 1960 Quales
580 1890 689 1944 autern
705 1879 825 1945 viduae
843 1879 992 1966 eligende
1009 1881 1083 1962 sint,
1108 1878 1287 1966 apostolico
1303 1880 1493 1944 instruimur
1509 1879 1713 1945 documento.
1754 1878 1903 1961 Qualiter
1920 1881 2020 1986 02:23⁶·

251 1984 348 2049 etiam
372 1983 446 2050 Deo
470 1986 606 2050 sacratis
629 1985 807 2051 vivendum
832 1987 882 2068 sit,
906 1998 939 2051 et
962 1984 1158 2073 apostolicus
1182 2008 1288 2051 sermo
1313 1997 1346 2051 et
1369 1994 1555 2051 sanctorum
1578 1997 1716 2073 patrum,
1744 1985 1902 2073 Cypriani
1999 1967 2005 1979 ’

250 2089 414 2173 videlicet,
444 2091 638 2175 Hieronimi,
668 2093 868 2179 Augustini²
891 2104 1148 2180 ceterorumque,
1180 2094 1312 2180 copiosa
1335 2103 1449 2158 extant
1478 2103 1688 2158 monumenta
1717 2102 1750 2157 et
1778 2093 1902 2180 liquido

206 2227 233 2268 a
250 2196 473 2262 demonstrant
506 2197 622 2263 viduas
657 2209 691 2264 et
720 2197 845 2264 deliciis
881 2210 914 2264 et
943 2200 1151 2264 accuratione
1182 2198 1419 2287 superfluarum
1450 2201 1590 2265 vestium
1620 2211 1653 2265 et
1683 2201 1800 2264 ceteris
1832 2223 1902 2266 car-

249 2302 378 2370 nalibus
402 2303 684 2387 delectationibus,
707 2307 736 2370 si
758 2306 860 2370 vitam
883 2317 1050 2371 aeternam
1075 2307 1237 2371 veraciter
1260 2305 1547 2392 conpraehendere
1570 2306 1741 2389 voluerint,
1771 2308 1902 2372 omnino

250 2433 363 2477 carere
387 2411 517 2477 debere.

357 2552 451 2640 Cap.
479 2553 583 2619 XLV.
626 2553 679 2619 Ut
707 2553 903 2619 inlicitus
934 2576 1132 2619 accessus
1161 2554 1407 2620 feminarum
1442 2554 1491 2619 ad
1526 2554 1662 2620 altare
1698 2577 1902 2642 sacraque

250 2682 350 2725 vasa
374 2661 731 2726 contrectantium
753 2660 854 2726 fieri
877 2659 1164 2747 prohibeatur.
1201 2659 1367 2742 Quidam⁸
1389 2673 1572 2726 nostrorum
1591 2683 1741 2726 verorum
1757 2662 1900 2727 virorum

206 2797 233 2837 ,o
251 2765 364 2849 relatu,
400 2766 533 2854 quidam
564 2769 662 2832 etiam
692 2768 765 2832 visu
795 2766 968 2832 didicimus
999 2769 1032 2831 in
1063 2767 1259 2855 quibusdam
1288 2769 1460 2855 provintiis
1490 2779 1603 2833 contra
1627 2768 1733 2855 legem
1757 2767 1902 2833 divinam

250 2875 507 2962 canonicamque
531 2874 766 2939 institutionem
790 2874 928 2939 feminas
952 2876 1073 2940 sanctis
1096 2874 1253 2940 altaribus
1277 2897 1311 2939 se
1334 2874 1417 2940 ultro
1441 2876 1590 2962 ingerere
1614 2885 1806 2962 sacrataque
1821 2898 1902 2941 vasa

249 2980 445 3067 inpudenter
468 2982 657 3068 contingere
681 2992 714 3046 et
737 2979 926 3046 indumenta
949 2980 1165 3046 sacerdotalia
1187 2980 1408 3068 praesbyteris
1432 2981 1659 3046 administrare
1683 2993 1724 3064 et,
1749 2981 1837 3069 quod
1852 2981 1902 3046 his

250 3088 364 3170 maius,
388 3087 595 3152 indecentius
618 3088 824 3174 ineptiusque
849 3099 908 3168 est,
939 3109 1057 3174 corpus
1089 3098 1120 3152 et
1150 3089 1343 3174 sanguinem
1366 3087 1502 3154 Domini
1524 3087 1653 3175 populis
1678 3089 1846 3175 porrigere
1870 3099 1903 3154 et

250 3193 314 3258 alia
343 3217 504 3281 quaeque,
540 3216 625 3281 quae
659 3195 731 3281 ipse
762 3194 851 3260 dictu
880 3195 987 3281 turpia
1020 3206 1103 3276 sunt,
1139 3216 1306 3259 exercere.
1351 3193 1504 3259 Miranda
1534 3217 1612 3259 sane
1642 3217 1694 3259 res
1724 3206 1783 3277 est,
1815 3194 1901 3260 unde

205 3329 233 3370 a
250 3300 377 3366 hisdem
400 3301 544 3367 inlicitus
567 3303 602 3367 in
626 3300 812 3367 Christiana
834 3301 992 3388 religione
1016 3302 1191 3387 inrepserit
1212 3323 1300 3384 usus,
1330 3311 1366 3366 ut
1396 3301 1484 3389 quod
1507 3301 1586 3366 viris
1609 3300 1830 3367 saecularibus
1854 3302 1901 3366 in·

250 3406 373 3472 licitum
397 3421 456 3489 est,
480 3408 632 3489 feminae,
657 3431 794 3495 quarum
810 3409 904 3473 sexui
920 3407 1103 3473 nullatenus
1120 3409 1285 3494 competit,
1310 3407 1485 3495 aliquande
1505 3408 1683 3474 contraius
1699 3407 1901 3474 sibilicitum

249 3513 359 3579 facere
381 3516 562 3602 potuerint3
587 3513 674 3603 quod
698 3514 903 3602 quorundam
926 3515 1153 3601 episcoporum
1177 3515 1304 3580 incuria
1328 3524 1360 3580 et
1383 3515 1590 3601 neglegentia
1613 3516 1803 3602 provenisse
1821 3515 1901 3580 nulli

250 3618 384 3686 dubium
409 3634 467 3686 est.
503 3621 600 3688 Unde
623 3644 686 3687 vae
710 3621 804 3688 nobis
820 3620 1053 3703 sacerdotibus,
1078 3620 1120 3686 ad
1137 3644 1218 3708 quos
1234 3620 1362 3686 illorum
1378 3621 1583 3687 sacerdotum
1599 3623 1680 3687 vitia
1694 3623 1901 3702 transierunt,

251 3748 334 3813 quae
355 3728 389 3792 in
405 3726 660 3794 Machabeorum
679 3727 762 3793 libro
781 3728 924 3793 secundo
948 3728 1110 3814 leguntur,
1134 3726 1267 3814 quando
1283 3728 1409 3793 scilicet
1424 3728 1621 3810 sacerdotes,
1639 3727 1823 3815 delegatum
1839 3728 1902 3794 sibi

206 3862 234 3904 ιο
250 3833 416 3920 religionis
440 3834 583 3901 officium
606 3846 849 3922 postponentes,
873 3834 992 3921 templo
1008 3834 1075 3899 Dei
1091 3834 1192 3899 sacris
1209 3833 1326 3899 officiis
1341 3833 1507 3916 destitute,
1531 3836 1594 3922 ipsi
1610 3833 1692 3900 adeo
1717 3835 1902 3901 carnalibus

251 3939 421 4006 desideriis
445 3953 477 4007 et
500 3941 632 4007 inlicitis
656 3940 840 4007 actionibus
864 3941 1037 4023 vacabant,
1068 3954 1105 4006 ut
1125 3941 1280 4006 mulieres
1304 3942 1440 4006 sacratis
1463 3940 1600 4007 aedibus
1624 3965 1659 4006 se
1683 3941 1770 4007 nullo
1793 3942 1901 4030 prohi-

250 4044 348 4112 bente
379 4049 565 4134 ingererent
596 4051 816 4138 introferentes
845 4075 892 4129 eo,
923 4075 981 4136 que
1013 4074 1073 4114 non
1104 4050 1225 4114 licebat.
1273 4046 1370 4129 Quod
1394 4059 1502 4114 autem
1526 4047 1678 4113 mulieres
1701 4047 1829 4134 ingredi
1859 4048 2082 4132 ad2‚1.01,‚n,4,

250 4154 352 4219 altare
375 4177 441 4219 non
465 4153 615 4236 debeant,
640 4156 728 4219 etin
752 4153 890 4219 concilio
909 4152 1106 4220 Laodicensi
1130 4154 1272 4241 capitulo
1297 4152 1548 4241 quadragesimo
1572 4160 1709 4241 quarto⁴
1733 4167 1766 4220 et
1788 4156 1822 4220 in
1846 4155 1901 4221 de-

251 4262 347 4326 cretis
372 4259 495 4325 Gelasii
520 4284 626 4348 papae
649 4261 742 4326 titulo
767 4261 923 4325 vicesimo
947 4264 1063 4325 sexto⁶
1086 4262 1216 4347 copiose
1242 4262 1414 4327 invenitur.
1454 4261 1526 4326 Hoc
1551 4284 1629 4348 ergo
1653 4275 1719 4327 tam
1743 4261 1901 4328 inlicitum

206 4392 234 4433 ss
251 4368 382 4451 factum,
407 4369 485 4454 quia
508 4390 550 4433 ex
573 4379 640 4433 toto
664 4390 684 4432 a
708 4368 865 4455 religione
890 4367 1075 4433 Christiana
1098 4365 1261 4448 abhorret,
1285 4390 1327 4431 ne
1351 4367 1485 4433 ulterius
1508 4368 1575 4450 fiat,
1606 4366 1818 4434 inhibendum
1842 4380 1916 4466 est

357 4622 477 4672 XLilll.
507 4621 699 4674 dHludovico
719 4623 750 4673 P.
823 4623 1039 4687 'lexpectentur
1058 4621 1084 4670 Γ.
1105 4623 1136 4673 Ρ.
1211 4624 1243 4671 14
1262 4621 1391 4686 Agustini
1411 4621 1437 4672 l'.

357 4711 715 4776 xtt'.1ssaerequaet'.
788 4713 821 4761 26
841 4706 955 4774 hisdem]
974 4711 1059 4761 isdem
1080 4707 1109 4760 1².
1183 4711 1216 4761 35
1237 4711 1347 4760 aborret
1367 4704 1397 4760 P.

361 4918 389 5004 l)
423 4925 472 5000 Cf.
497 4927 663 4984 illudowici
694 4927 852 5003 cupibrlore
882 4926 1093 4983 ecclesiasticum
1118 4918 1236 5003 818l19
1260 4947 1283 4984 c.
1300 4931 1357 4987 21:
1387 4929 1432 4983 De
1455 4929 1564 4984 feminis
1586 4921 1634 5000 (de
1658 4927 1747 4985 viduis
1768 4926 1902 4984 nobilibus

250 5033 335 5092 verbo
358 5054 414 5091 non
431 5031 532 5112 fiunt),
556 5053 628 5107 quac
651 5036 723 5089 viros
747 5035 884 5104 amittmrt,
907 5035 1010 5104 placet,
1034 5051 1069 5089 ne
1093 5051 1122 5089 se
1146 5034 1216 5088 sicut
1238 5035 1370 5090 hactenus
1393 5035 1539 5090 indiscrete
1555 5037 1657 5100 velent,
1680 5036 1728 5090 sed
1744 5043 1774 5090 ut
1789 5036 1902 5106 triginta

204 5160 233 5200 eo
249 5142 308 5197 dies
330 5149 392 5213 post
415 5142 557 5196 decessum
580 5141 630 5195 viri
660 5142 699 5195 sui
724 5148 884 5211 exspectent
912 5149 940 5195 et
968 5149 1030 5210 post
1053 5140 1219 5212 trigesimum
1243 5142 1316 5196 diem
1339 5159 1390 5212 per
1412 5142 1554 5196 consilium
1577 5143 1699 5214 episcopi
1730 5142 1770 5196 sui
1793 5142 1848 5206 rel,
1878 5141 1900 5195 si

250 5250 394 5320 episcopus
417 5248 518 5304 absens
541 5249 633 5316 luerit,
663 5248 777 5302 conulio
807 5247 922 5302 aliorum
952 5247 1140 5319 religiosorum
1171 5249 1344 5302 sacerdotum
1375 5266 1539 5319 suommque
1561 5257 1705 5319 parentum
1728 5257 1811 5319 atque
1834 5249 1900 5302 arni·

249 5373 342 5410 corum
365 5356 402 5420 id,
425 5356 499 5427 quod
522 5356 625 5427 eligere
648 5355 760 5422 debent,
783 5355 887 5426 eligant
911 5347 999 5426 (JJG.
1026 5350 1259 5428 cupir.1,27s;
1284 5351 1493 5410 liutuactert
1516 5375 1545 5411 n.
1563 5351 1647 5426 674).
1720 5354 1749 5422 2)
1773 5354 1804 5410 V.
1828 5374 1901 5430 qnae

249 5462 360 5520 concilii
388 5461 628 5538 Aquiegrnnensis
651 5465 712 5521 816
742 5460 874 5518 imtitutio
903 5458 1156 5516 sancnmcniolium
1187 5479 1210 5516 c.
1236 5463 1325 5535 lsqq.
1357 5452 1459 5535 (supra
1484 5481 1519 5536 p.
1542 5457 1692 5537 lttsqq.)
1716 5461 1837 5536 profert
1866 5481 1902 5518 ex

244 5578 362 5644 patmon
385 5568 507 5644 scriptas,
531 5585 605 5644 quae
628 5587 693 5625 vero
716 5568 751 5624 de
773 5567 929 5645 Augustae
952 5574 1032 5622 tacet.
1103 5565 1133 5634 3)
1160 5565 1208 5637 Cf.
1233 5565 1333 5623 relatio
1357 5565 1548 5642 epsicoporum
1573 5587 1596 5623 c.
1621 5572 1679 5636 52;
1703 5568 1721 5623 l.
1742 5568 1759 5623 l.
1785 5566 1825 5636 Π,
1849 5571 1899 5626 42.

203 5694 231 5735 et
251 5674 281 5744 4)
307 5673 356 5746 Cs.
381 5675 479 5733 condi.
504 5674 680 5732 hodiernae
703 5693 726 5730 c.
743 5678 800 5742 445
832 5673 932 5730 ,transi
954 5672 994 5741 Π,
1011 5676 1081 5731 581.
1129 5672 1163 5728 In
1195 5671 1340 5730 relationis
1367 5673 1558 5748 episcoporum
1583 5674 1675 5748 capite
1697 5674 1814 5730 madata
1831 5692 1901 5748 per·

244 5801 349 5857 perum
373 5781 516 5838 mncilium
543 5779 769 5840 chalcedonense
788 5781 941 5856 allegatur.
1035 5779 1064 5847 5)
1087 5778 1212 5835 Decreta
1239 5776 1349 5836 Gelasii
1371 5798 1393 5836 c.
1411 5783 1454 5839 26
1477 5774 1641 5853 (tufi-K.
1666 5800 1694 5836 n.
1713 5776 1796 5854 636).
