4884 6717
718 499 769 555 44.
806 499 1026 555 euxermnn
1049 496 1277 555 Paulslausa
1301 499 1338 554 Α.
1359 497 1433 555 825.
1840 495 1903 557 527

249 687 561 768 intersecantium
583 686 670 773 qnod
694 710 807 751 sensns
831 686 885 751 ille
909 686 1060 773 postulat,
1084 685 1171 750 unde
1195 684 1365 771 agebatur,
1389 686 1503 749 merito
1527 698 1636 750 tamen
1660 685 1705 750 illi
1729 685 1771 751 ad
1795 686 1904 751 huius·

249 791 336 856 modi
362 793 636 857 examinationem
660 794 757 879 primi
780 805 952 879 ponantur,
978 794 1033 879 qui
1057 792 1098 857 de
1122 792 1183 856 hae
1207 815 1243 856 re
1267 792 1453 879 specialiter
1476 804 1509 856 et
1532 791 1574 856 ob
1598 792 1682 857 hane
1702 793 1904 858 solummodo

249 898 440 963 solvendam
464 900 688 985 quaestionem
713 901 883 986 scripsisse
907 900 1147 986 repperiuntur.

355 1005 384 1069 E
408 1004 527 1091 quibus
551 1005 645 1069 nobis
662 1004 776 1070 beatus
793 1029 881 1093 papa
897 1005 1077 1092 Gregorius
1093 1004 1187 1069 huius
1205 1017 1338 1070 sanctae
1354 1006 1420 1069 Dei
1437 1005 1596 1070 ecelesiae
1613 1007 1762 1093 pontifex
1781 1008 1904 1093 primus

213 1113 400 1192 succurrit,
432 1112 488 1197 qui
519 1111 562 1175 ad
586 1112 745 1177 Serenum
768 1112 990 1176 dissiliensern
1021 1114 1210 1199 episcopum
1236 1112 1297 1177 hoc
1321 1112 1507 1199 specialiter
1537 1103 1682 1200 scripsit,
1708 1115 1792 1178 sient
1815 1126 1847 1178 et
1870 1114 1904 1178 ia

249 1218 385 1305 epistola
415 1217 502 1282 illius
532 1217 574 1282 ad
606 1241 679 1281 eum
711 1219 798 1283 facta
828 1220 861 1283 in
892 1221 1032 1284 armario
1057 1233 1188 1284 sanctae
1212 1219 1278 1284 Dei
1301 1231 1431 1284 nostrae
1455 1220 1614 1284 ecclesiae
1640 1222 1832 1302 continetur,
1865 1243 1903 1285 eo

250 1324 336 1411 quod
360 1324 489 1389 audiret
512 1324 601 1388 illum
625 1339 769 1412 propter,
801 1339 836 1390 ut
865 1324 927 1390 sibi
952 1325 1134 1406 ridebatur,
1168 1326 1367 1413 superfluum
1398 1327 1576 1412 imaginum
1608 1327 1728 1391 cultum
1753 1328 1809 1392 tali
1834 1327 1903 1391 zelo

249 1454 440 1496 succensum
466 1455 577 1496 omnes
602 1434 771 1517 imagines,
788 1455 869 1519 quas
893 1435 927 1496 in
951 1433 1091 1497 ecelesia
1114 1456 1174 1497 sua
1197 1445 1397 1519 reppererat,
1421 1433 1622 1519 deposuisse,
1647 1433 1847 1518 confregisse
1872 1445 1905 1498 et

249 1551 343 1603 extra
373 1539 511 1603 eandem
542 1539 714 1604 eeclesiam
745 1539 891 1603 funditus
927 1541 1114 1626 proiecisse,
1150 1552 1186 1604 ut
1214 1539 1277 1604 hoc
1309 1540 1394 1604 facto
1425 1563 1445 1603 a
1476 1539 1601 1604 cultura
1629 1540 1683 1604 vel
1713 1540 1903 1604 adoratione

205 1671 232 1709 ιο
249 1645 373 1710 inlicita
396 1645 550 1732 populum
575 1657 808 1733 compesceret.
856 1647 931 1727 Qua
960 1646 1001 1710 de
1032 1669 1067 1709 re
1097 1646 1143 1711 nil
1172 1648 1403 1732 congruentius
1434 1647 1467 1710 in
1498 1646 1559 1710 bac
1588 1669 1688 1712 eausa
1712 1670 1808 1733 posse
1832 1647 1903 1710 fieri

249 1751 397 1816 arbitrati
428 1776 549 1833 sumus,
581 1776 678 1838 quam
709 1765 744 1817 nt
774 1755 878 1840 primo
910 1753 1024 1817 eadem
1056 1753 1193 1840 epistola
1220 1753 1296 1817 huic
1320 1765 1430 1817 nostro
1455 1753 1556 1840 operi,
1582 1752 1669 1839 qnod
1693 1756 1836 1818 maxime
1861 1753 1902 1818 ob

250 1882 392 1924 amorem
417 1882 495 1923 vere
519 1861 610 1946 pacis
629 1874 761 1924 sanctae
786 1860 945 1924 ecclesiae
962 1872 1084 1942 texere,
1109 1859 1271 1942 ordinare,
1297 1859 1338 1923 de
1355 1860 1478 1923 meritis
1495 1858 1665 1924 beatorum
1682 1859 1902 1946 apostolorum

250 1966 373 2047 confisi,
405 1966 493 2030 fideli
524 1977 631 2030 mente
662 1966 809 2052 adgressi
842 1989 963 2046 sumus,
994 1966 1165 2030 credentes
1195 1988 1255 2052 per
1285 1988 1341 2030 eos
1367 1989 1464 2052 posse
1495 1965 1653 2046 obtinere,
1685 1979 1719 2030 ut
1755 1977 1822 2031 tam
1845 1990 1905 2053 per

249 2074 470 2136 necessarium
496 2071 752 2137 ecclesiasticum
777 2097 857 2160 opus
874 2096 893 2136 a
909 2073 982 2137 Dec
1006 2072 1160 2159 placitam
1185 2073 1497 2137 consummationem
1518 2072 1695 2137 debeamus
1711 2072 1902 2159 perducere.

206 2203 231 2242 rs
251 2177 372 2244 Scribit
396 2181 482 2243 enirn
507 2181 569 2243 ita:
594 2186 722 2254 Indico¹,
748 2182 861 2266 inquit,
887 2190 922 2244 ad
947 2208 996 2243 nos
1021 2190 1126 2243 dudum
1150 2190 1328 2260 pervenisse,
1353 2190 1428 2260 quod
1452 2190 1615 2244 fraterintas
1639 2199 1744 2256 restra,
1768 2191 1903 2261 quosdam

250 2296 398 2366 imagirrum
413 2298 573 2350 adoratores
589 2296 733 2365 asprieicns.
749 2297 859 2350 casdem
878 2296 914 2349 ab
931 2297 1055 2350 eeclesiis
1073 2296 1206 2367 imagines
1221 2297 1357 2366 confregit
1373 2305 1457 2367 atque
1473 2296 1597 2365 proiecit.
1632 2297 1667 2350 Et
1684 2297 1796 2367 quidem
1812 2298 1902 2351 zelum

250 2421 308 2464 res,
330 2421 365 2456 nc
389 2404 455 2473 quid
479 2403 665 2456 manufactum
688 2404 795 2456 adorari
820 2404 914 2473 possit,
943 2403 1070 2457 habuisse
1101 2403 1284 2466 laudumnus,
1313 2403 1361 2456 sed
1392 2403 1521 2472 frangere
1552 2404 1662 2456 easdem
1693 2403 1826 2472 imagines
1848 2421 1903 2458 non

249 2510 375 2563 debuisse
399 2510 558 2563 indicamus.
606 2509 710 2563 idcirco
733 2510 805 2563 enim
828 2510 934 2580 pictura
958 2510 985 2563 in
1009 2510 1133 2563 ecclesiis
1156 2509 1312 2572 adhibetur,
1335 2517 1365 2563 ut
1387 2509 1425 2574 bi,
1448 2511 1495 2580 qui
1521 2510 1626 2563 litteras
1649 2510 1790 2576 nesciunt,
1804 2511 1902 2565 saltem

251 2619 277 2670 in
301 2617 453 2687 parictibus
476 2618 594 2670 ridendo
618 2617 711 2686 legant
735 2635 808 2687 ‹pnae
832 2618 925 2688 legere
949 2617 976 2671 in
999 2618 1138 2671 codicibus
1158 2635 1212 2670 nou
1236 2618 1338 2671 valent.
1372 2617 1435 2670 Tua
1451 2636 1517 2686 ergo
1540 2617 1698 2670 fraterintas
1717 2625 1744 2671 et
1765 2617 1827 2670 illas
1847 2635 1901 2670 scr·

204 2739 232 2778 ro
250 2741 315 2776 raro
340 2731 368 2776 ct
390 2723 426 2776 ab
449 2741 543 2777 eorum
567 2724 684 2778 adoratu
706 2724 836 2793 populum
861 2724 1006 2793 prohibere
1029 2724 1133 2784 ‹ahnir
1163 2724 1293 2794 quatinus
1323 2731 1350 2778 ct
1378 2724 1531 2778 litterarum
1560 2723 1643 2776 nescii
1672 2723 1806 2776 haberent
1829 2724 1902 2777 mide

250 2831 391 2883 seientiam
415 2830 543 2884 historiae
565 2831 728 2900 colligerent
753 2839 780 2883 et
803 2831 922 2900 populus
945 2831 972 2883 in
996 2831 1119 2900 pichrrae
1143 2830 1303 2884 adoratione
1327 2831 1436 2884 minime
1460 2839 1596 2900 peccaret.

356 2927 439 2994 Item
463 2927 549 2991 idem
574 2927 616 2991 ad
640 2926 796 2992 eundem:
828 2933 1000 3005 l'crlatmn‘2,
1030 2929 1144 3012 inquit,
1175 2938 1310 3008 siquidem
1334 2938 1370 2990 ad
1393 2956 1442 2990 nus
1469 2937 1568 3002 fuerat,
1595 2937 1670 3008 qrrcd
1701 2936 1901 2990 inconsiderato

250 3044 311 3098 zelo
334 3062 480 3098 succensus
502 3053 656 3097 sanctorum
680 3044 812 3114 imagines
842 3044 891 3097 sub
921 3044 973 3096 hac
1004 3044 1083 3114 clausi
1107 3043 1292 3100 excusatione.
1321 3061 1357 3097 ne
1380 3044 1487 3096 adorari
1511 3043 1678 3106 debuissent,
1706 3042 1900 3112 confringeres.

250 3152 285 3204 Et
308 3151 430 3220 quidem,
453 3151 518 3221 quia
543 3169 590 3204 eas
613 3151 728 3204 adorare
752 3150 893 3212 vetuisses,
916 3150 1024 3204 omnino
1042 3150 1223 3214 laudavimus,
1245 3150 1359 3220 fregisse
1375 3168 1441 3203 vcro
1458 3150 1689 3220 reprehendinnrs.
1721 3151 1783 3214 Iris,
1807 3149 1902 3218 frater,

205 3272 232 3312 ra
250 3276 267 3311 a
290 3276 346 3328 qus»
370 3258 473 3310 fuctum
497 3258 640 3311 sacerdote
665 3257 815 3327 aliqnando
838 3258 959 3310 auditura
984 3267 1024 3310 est
1048 3258 1122 3327 quaid
1149 3257 1259 3310 fecisti?
1297 3256 1326 3310 Si
1346 3275 1400 3310 tion
1419 3257 1493 3310 alind
1516 3258 1561 3310 vel
1586 3257 1653 3310 illud
1676 3266 1704 3310 te
1727 3275 1782 3310 ram
1805 3256 1902 3310 debuit

249 3383 390 3430 revocare,
413 3376 442 3418 ut
465 3365 596 3434 dispectis
619 3364 681 3417 aliis
704 3364 832 3418 fratribus
855 3365 943 3418 sedum
967 3371 994 3417 tc
1018 3373 1142 3417 sanctmn
1165 3372 1193 3417 ct
1216 3381 1276 3417 esse
1300 3364 1427 3416 crederes
1450 3363 1623 3432 sapientem?
1653 3363 1737 3418 Aliud
1761 3371 1802 3416 est
1830 3364 1901 3417 enim

249 3473 381 3542 picturam
413 3473 543 3534 adorare,
574 3473 649 3525 aliud
681 3472 804 3541 picturae
834 3471 946 3524 liistoria
977 3471 1042 3541 aluid
1074 3471 1109 3523 sit
1139 3471 1308 3524 adorandum
1337 3470 1488 3524 addiscere.
1539 3470 1611 3522 Nam
1641 3471 1715 3540 qairrd
1747 3470 1902 3538 legentibus

250 3580 392 3649 scriptura,
415 3579 466 3632 hoc
491 3579 581 3632 idiotis
603 3588 725 3648 praestat
749 3580 856 3648 pictura
879 3578 1061 3639 cernentibus,
1084 3578 1151 3648 quia
1174 3577 1201 3630 in
1225 3577 1285 3647 ipsa
1306 3577 1463 3647 ignorantes
1478 3576 1571 3630 sicient
1588 3577 1662 3646 qairrd
1679 3576 1756 3647 scqni
1773 3576 1902 3642 debcant,

251 3686 276 3738 in
301 3687 360 3756 ipsa
384 3686 479 3756 legunt
502 3686 548 3755 qui
574 3686 679 3738 litteras
702 3687 833 3738 nesciunt.
867 3685 946 3740 l'nde
970 3685 1119 3755 praecipue
1142 3684 1272 3754 gentibus
1295 3701 1344 3752 pro
1368 3683 1485 3735 lectione
1501 3683 1609 3752 pictura
1625 3692 1675 3742 est,
1698 3684 1772 3753 (parad
1790 3701 1901 3754 magum·

205 3807 232 3847 ιο
250 3811 315 3863 perc
339 3811 356 3844 a
379 3802 416 3858 tc,
439 3793 486 3863 crui
510 3792 581 3845 inter
603 3800 700 3862 gentes
723 3792 841 3854 habitas,
864 3792 967 3844 atteruli
990 3792 1131 3852 decuerat,
1154 3809 1199 3856 ne,
1221 3791 1286 3844 dnm
1310 3797 1384 3842 recto
1408 3790 1471 3842 zelo
1494 3790 1602 3842 incaute
1626 3791 1807 3850 succenderis,
1830 3790 1900 3844 feru·

249 3900 325 3952 cibus
348 3899 445 3952 animis
467 3899 626 3952 scandalum
649 3917 805 3966 gerrcrarcs.
853 3899 953 3966 l'raagi
982 3917 1048 3966 crgo
1078 3916 1133 3952 non
1164 3897 1261 3950 debuit
1292 3896 1366 3967 ‹rrrod
1390 3916 1443 3950 ianr
1468 3897 1502 3949 ad
1526 3897 1695 3950 adorandum
1720 3897 1745 3950 in
1770 3898 1903 3956 eeclesiis,

250 4008 299 4060 scd
321 4007 356 4058 ad
381 4006 553 4058 instnrendas
576 4007 746 4059 scdummodo
770 4017 874 4059 mentes
899 4005 948 4058 fnit
972 4005 1148 4058 rwseicntinnr
1172 4003 1346 4057 collocatum.
1393 4004 1427 4057 Et
1458 4003 1525 4073 quia
1555 4003 1581 4056 in
1607 4004 1673 4056 locis
1696 4003 1902 4057 venerabilibus

250 4121 404 4166 sanctorum
429 4112 540 4182 depingi
567 4112 693 4165 historias
720 4131 774 4166 non
802 4113 858 4165 siue
886 4112 992 4165 ratione
1019 4121 1142 4164 vetustas
1168 4110 1286 4172 admisit,
1313 4110 1334 4162 si
1363 4110 1452 4162 zelam
1479 4109 1642 4162 discretione
1670 4110 1817 4172 condisses,
1843 4110 1901 4163 sine

249 4219 332 4273 dubio
357 4229 384 4272 ct
408 4237 452 4278 ca,
478 4237 552 4289 quac
575 4219 747 4282 intendebas,
774 4219 920 4272 salubriter
946 4218 1071 4271 oldincrc
1096 4227 1122 4270 et
1146 4217 1293 4270 collectum
1320 4234 1432 4284 gregem
1461 4235 1514 4269 inin
1541 4216 1709 4285 dispergere,
1735 4217 1784 4269 sed
1811 4217 1902 4286 portius

205 4339 232 4378 aa
250 4337 361 4396 poteras
387 4344 573 4395 congregare,
600 4335 628 4379 nt
656 4326 772 4396 pastoris
800 4327 825 4379 in
853 4335 880 4378 tc
908 4326 1004 4378 rneritn
1030 4343 1129 4378 ironica
1157 4324 1322 4382 excelleret,
1348 4342 1402 4376 nrm
1429 4322 1511 4392 culpa
1538 4322 1698 4392 dispersoris
1724 4323 1901 4377 incumberet.

250 4434 322 4488 Hinc
346 4442 448 4492 antem,
470 4435 533 4487 ‹lrrm
558 4434 584 4487 iu
608 4435 659 4486 hoc
683 4434 764 4486 anina
788 4433 826 4486 tui
850 4433 959 4486 imaute
981 4432 1062 4486 trimis
1085 4439 1173 4484 ructus
1197 4430 1351 4500 exequeris,
1375 4430 1412 4483 ita
1435 4439 1497 4482 tnus
1520 4429 1722 4483 scandalizasse
1745 4427 1816 4482 filios
1840 4447 1900 4498 pcr-

249 4541 359 4603 hiberis,
382 4549 411 4592 nt
435 4541 552 4594 maxima
576 4559 668 4594 corum
692 4559 757 4610 pars
779 4557 797 4592 a
820 4549 867 4592 tua
891 4559 919 4592 sc
947 4539 1135 4592 ‹onnnuniorw
1151 4537 1341 4607 suspenderet.
1371 4537 1488 4601 Quando
1505 4555 1571 4604 ergo
1591 4536 1626 4588 ad
1649 4535 1721 4588 ovile
1737 4536 1901 4589 dominicum

249 4659 372 4702 errantes
399 4666 465 4701 oves
492 4649 622 4712 adducas,
648 4647 695 4716 qui
724 4665 794 4717 spiras
821 4645 908 4700 habes
935 4646 1058 4699 detincre
1086 4663 1138 4698 non
1167 4644 1333 4713 praevales?
1379 4643 1498 4697 l'roindc
1526 4643 1674 4712 hortamur,
1700 4651 1729 4695 ut
1757 4644 1800 4695 rel
1829 4661 1900 4696 rrtrrrc

248 4757 361 4809 studeas
388 4773 447 4809 esse
475 4755 606 4808 sollicitus
634 4763 717 4824 aterne
745 4754 781 4806 ab
808 4755 859 4807 hac
887 4765 915 4806 te
944 4752 1163 4822 praesumptione
1191 4769 1350 4820 compescas
1378 4759 1405 4802 ct
1437 4768 1529 4804 comm
1564 4750 1678 4810 animm,
1712 4767 1783 4819 qum
1809 4767 1826 4802 a
1853 4757 1900 4802 tna

203 4873 231 4912 ⁴⁰
248 4863 397 4916 disirnrctos
420 4863 525 4915 unitate
549 4862 699 4932 eogrrrsscis,
726 4870 842 4931 paterna
865 4861 900 4914 ad
924 4870 951 4914 tc
975 4859 1119 4914 dulcedine
1143 4859 1215 4911 (sirini
1239 4858 1336 4912 adnisu
1359 4857 1489 4927 ‹irrmiquc
1513 4857 1602 4910 stralio
1624 4873 1755 4909 revocare
1779 4856 1900 4909 festines.

249 4969 426 5022 (⁸0nr0eandi
450 4969 520 5022 enim
549 4979 609 5022 sumt
635 4969 735 5022 diversi
763 4968 898 5022 ccclesiae
925 4965 983 5026 lilii,
1010 4967 1105 5036 eisquc
1129 4965 1279 5035 scripturae
1307 4964 1467 5018 testimoniis
1493 4963 1701 5024 ostemlcrnlmn,
1727 4963 1794 5033 quia
1821 4981 1900 5016 (stirne

248 5077 434 5130 manufaetmn
459 5077 574 5129 adorare
598 5095 653 5129 non
677 5076 769 5134 liceat,
792 5075 922 5145 (picarium
946 5073 1074 5142 scriptrun
1099 5081 1154 5124 cst:
1184 5069 1335 5126 Donrinnnr
1360 5069 1451 5125 Imma
1482 5078 1556 5124 tunsa
1580 5067 1716 5124 adorabis
1739 5076 1764 5123 ct
1787 5067 1828 5124 illi
1848 5067 1902 5125 soli
1920 5081 2071 5132 astruam.

247 5182 361 5250 semies,
386 5201 418 5236 ac
442 5183 542 5236 deinde
565 5182 794 5252 subirmgcndnm,
818 5182 893 5252 spiriu,
916 5181 1045 5250 qnoniam
1068 5179 1189 5248 pichuas
1211 5178 1369 5246 inrugimun,
1392 5195 1465 5247 qnae
1489 5178 1525 5230 ad
1548 5175 1766 5230 aedificationem
1782 5175 1900 5246 imperiti

247 5291 343 5361 populi
367 5291 459 5344 factae
482 5290 601 5347 fuerant.
627 5298 657 5342 ut
684 5289 837 5342 nescientes
866 5288 969 5341 litteras
996 5287 1083 5356 ipsam
1110 5285 1250 5338 historiam
1278 5285 1449 5338 iutcrulcntcs
1476 5285 1550 5354 quod
1574 5284 1674 5337 dictum
1698 5283 1731 5336 sit
1755 5283 1901 5342 discerent.

201 5512 229 5551 st
355 5501 369 5549 ‘l
390 5493 548 5563 imaginum]
568 5499 758 5562 imaginarium
778 5514 789 5546 e
808 5515 871 5546 corr.
892 5495 922 5556 P,
942 5514 963 5545 r.
982 5513 1060 5559 aspira
1076 5513 1104 5559 p.
1118 5498 1170 5543 525
1190 5493 1263 5542 117.
1351 5496 1379 5541 11
1402 5486 1529 5557 epistola]
1548 5507 1620 5540 sensa
1637 5491 1797 5556 eliqrmtenur
1815 5490 1900 5540 laicate

248 5591 383 5639 inseratur
400 5597 446 5638 arat
463 5588 543 5637 ancile
561 5587 622 5651 quid
640 5586 784 5636 addendum
804 5595 845 5635 est.
940 5587 971 5634 16
998 5585 1031 5634 ab
1050 5584 1117 5633 deest
1135 5582 1166 5632 P.
1258 5583 1292 5631 30
1318 5599 1335 5631 a
1358 5581 1425 5631 deest
1449 5580 1480 5630 P.
1572 5583 1605 5630 13
1631 5581 1758 5645 quonium
1783 5580 1850 5630 deest
1869 5580 1898 5630 P.

248 5680 372 5745 picturae
393 5677 423 5727 P.
497 5681 530 5726 44
551 5678 656 5726 discere
677 5675 706 5725 P.

358 5860 386 5926 ll
400 5859 432 5915 V.
445 5879 535 5934 aspro
546 5879 578 5933 p.
591 5861 654 5917 487
666 5859 683 5913 1.
698 5861 809 5931 aasqq.
880 5855 910 5925 21
924 5856 954 5911 V.
968 5874 1058 5929 supra
1069 5875 1101 5930 p.
1112 5857 1177 5912 488
1192 5854 1209 5908 l.
1222 5856 1239 5910 1
1247 5871 1306 5927 sqq.
1314 5872 1324 5920 ,·
1337 5851 1378 5922 cf.
1391 5871 1423 5926 p.
1438 5854 1500 5910 507
1511 5852 1530 5906 l.
1543 5854 1579 5910 11
1587 5871 1648 5927 sqq.
1664 5855 1707 5910 27
1711 5871 1772 5927 sqq.
1789 5855 1897 5928 32sqq.
