4884 6717
521 534 584 597 742
937 540 989 597 56.
1026 540 1246 597 CONCILIUM
1271 538 1598 605 AQUISGRANENSE
1622 539 1660 594 A.
1680 537 1755 593 836.

340 755 498 805 umus-s.
519 754 587 794 cam
612 731 755 793 omnibus
786 731 872 793 cases
902 731 970 793 sats
999 730 1101 792 altare
1127 728 1277 792 similiter
1299 742 1329 792 et
1356 752 1434 792 vasa
1464 729 1541 792 cius.
1590 725 1777 812 Optulerunt
1800 728 1968 812 principes
1990 724 2118 788 israhel
2146 737 2175 788 et

519 839 626 922 capita
642 837 866 924 familiarum,
891 838 950 920 qui
970 849 1060 899 eram
1077 859 1139 921 per
1160 835 1305 921 sinqulas
1328 836 1428 899 tribus
1446 834 1590 921 prefecti
1613 856 1730 913 sorum,
1761 835 1820 918 qui
1846 835 2005 896 numerati
2024 832 2173 919 fuerant,

519 967 649 1006 munera
675 966 780 1005 caram
805 942 952 1006 Domino.
1002 939 1090 1020 Quid
1120 953 1232 1004 cutem
1254 940 1288 1003 in
1311 939 1518 1004 dedicatione
1549 937 1659 1003 altaris
1689 939 1891 1024 precipiente
1913 938 2056 1002 Domino
2085 938 2173 1023 prin·

407 1049 438 1143 ¹1²³,
439 1049 499 1144 ξιξ
519 1049 610 1135 cipes
633 1045 819 1129 obtulerint,
850 1048 1021 1133 sequentia
1052 1047 1155 1132 ipsius
1178 1045 1254 1110 libri
1277 1046 1509 1111 demonstrant.
1555 1044 1638 1109 Item
1660 1046 1694 1108 in
1718 1043 1850 1109 codem:
1881 1044 2019 1108 Locutus
2041 1058 2086 1109 est
2106 1043 2174 1107 Do·

518 1158 624 1220 vuinus
639 1156 684 1219 ad
698 1154 828 1241 Moysen
845 1155 971 1219 eliseus:
994 1154 1068 1218 Mea
1091 1168 1164 1218 sunt
1179 1156 1285 1218 omnm
1298 1156 1511 1242 primopenita
1526 1154 1674 1240 filiorum
1690 1152 1826 1232 Israhel,
1849 1166 1911 1216 tam
1935 1176 1974 1215 ec
1996 1152 2207 1216 hominibusi

519 1287 612 1347 quam
637 1286 676 1325 esc
699 1263 854 1326 incruentis
901 1261 956 1324 Ea
978 1261 1041 1340 die,
1073 1284 1133 1345 qua
1160 1263 1310 1346 percussi
1337 1284 1425 1324 omne
1448 1261 1695 1346 primayenitum
1719 1261 1751 1323 in
1777 1272 1861 1322 terra
1884 1257 2031 1344 Aepypti,
2058 1258 2174 1321 sancti-

511 1370 618 1455 ficavi
638 1393 689 1432 eos
711 1368 795 1431 milii
822 1382 850 1432 et
872 1369 934 1432 tuli
954 1367 1084 1431 Lecitas
1107 1390 1172 1452 pro
1200 1368 1320 1430 cunctis
1339 1368 1565 1454 primaqenitis
1587 1367 1735 1453 filiorum
1758 1365 1886 1429 Israhel
1910 1364 2093 1449 tradidique
2123 1387 2175 1428 eos

520 1475 601 1538 done
624 1475 736 1538 Aaron
760 1488 788 1538 et
809 1475 897 1561 filiis
927 1476 994 1537 eius
1019 1473 1057 1537 de
1080 1473 1184 1536 medio
1203 1474 1331 1558 populi,
1361 1487 1395 1536 ut
1420 1475 1561 1538 seruiunt
1582 1472 1666 1536 milti
1680 1495 1744 1558 pra
1769 1471 1895 1535 Israhel
1916 1474 1950 1535 in
1973 1471 2174 1535 tabernaculo

512 1581 663 1670 foederis
686 1596 714 1645 et
736 1595 823 1645 orent
837 1605 903 1667 pro
927 1582 982 1660 eis,
1013 1605 1050 1644 ne
1079 1582 1123 1643 sit
1151 1582 1185 1644 in
1205 1579 1326 1666 papale
1346 1580 1457 1667 playa,
1487 1582 1520 1643 si
1539 1581 1615 1644 ausi
1628 1579 1759 1666 fuerint
1787 1578 1933 1643 accedere
1963 1577 2008 1642 ad
2029 1591 2174 1641 sanctua-

519 1691 614 1752 rium.
660 1687 698 1750 In
723 1686 772 1750 his
796 1686 930 1750 Domini
955 1683 1065 1749 verbis
1090 1684 1154 1749 duo
1179 1683 1273 1749 nobis
1296 1684 1451 1748 videntur
1471 1685 1626 1772 precipue
1650 1685 1900 1770 necessarioque
1924 1681 2173 1761 consideranda,
2193 1708 2219 1747 n

519 1815 629 1873 unum,
654 1792 742 1879 quod
765 1792 888 1856 idcirco
912 1792 1073 1857 Dominus
1097 1790 1188 1855 iubet
1210 1791 1345 1855 Levites
1369 1789 1432 1855 sibi
1456 1791 1490 1855 in
1513 1790 1724 1856 tabernaculo
1748 1812 1807 1876 pro
1831 1789 1956 1855 Israhel
1980 1791 2114 1870 servire,
2138 1799 2175 1852 ut

520 1912 613 1964 orent
643 1922 700 1986 pro
729 1900 786 1981 eie,
819 1898 861 1962 ad
891 1921 1026 1985 quorum
1058 1896 1244 1984 exemplum
1279 1898 1446 1962 constituti
1480 1919 1552 1961 esse
1586 1896 1738 1961 videntur
1772 1895 1957 1961 sacerdotes
1988 1894 2109 1960 Christi
2139 1896 2173 1958 in

521 2004 670 2086 ecclesia,
695 2019 729 2069 ut
746 2007 891 2069 contenti
915 2002 1131 2069 oblationibus
1154 2003 1301 2068 fidelium
1325 2014 1418 2068 orent
1440 2003 1484 2068 ad
1506 2003 1683 2069 Dominum
1707 2027 1765 2090 pro
1789 2005 1852 2086 cis3
1877 2002 2014 2067 alteram
2030 2000 2173 2089 quidem,

398 2132 500 2182 mens.
522 2134 585 2197 quo
610 2111 743 2176 dicitur:
774 2113 824 2176 Ne
847 2115 889 2176 sit
912 2115 946 2176 ia
962 2113 1086 2198 populo
1103 2112 1218 2198 playa,
1241 2113 1274 2175 si
1295 2113 1370 2175 ausi
1383 2112 1515 2199 fuerint
1535 2111 1682 2176 accedere
1705 2111 1750 2175 ad
1771 2113 1997 2190 sanctuarium,
2029 2108 2086 2174 dat
2108 2131 2174 2172 non

521 2220 789 2282 inconvenienter
812 2240 907 2304 posse
931 2216 1075 2302 intellegi
1100 2216 1240 2280 eandem
1263 2218 1485 2281 accessionem
1509 2216 1650 2302 aliquam
1681 2218 1769 2281 eirca
1792 2217 2013 2281 sanctuarium
2036 2226 2173 2280 temera·
2192 2239 2220 2281 ra

522 2327 603 2389 riam
626 2327 922 2410 praesumptionem
947 2336 1003 2388 aut
1026 2322 1205 2409 quamlibet
1229 2324 1474 2408 surreptionem.

393 2435 501 2529 Nfflf·
628 2432 711 2495 Item
734 2432 768 2494 in
792 2430 921 2495 eodem:
952 2431 997 2495 Et
1026 2431 1111 2494 dicit
1133 2431 1291 2494 Dominus
1314 2431 1360 2494 ad
1381 2429 1531 2518 Moysen:
1566 2430 1729 2515 Usquequc
1760 2430 1901 2494 detrahet
1928 2430 2011 2494 milri
2034 2430 2176 2516 papulus

522 2542 603 2604 iste?
640 2539 805 2624 Questaque
829 2564 889 2602 non
915 2538 1018 2603 credet
1039 2538 1123 2602 midi
1145 2540 1179 2601 in
1202 2539 1346 2601 omnibus
1367 2539 1480 2624 siquis,
1504 2561 1584 2622 quae
1600 2538 1678 2623 feci
1697 2561 1804 2601 coram
1819 2538 1886 2601 eis?
1921 2536 2052 2601 Feriam
2076 2538 2177 2622 ipitur

344 2674 504 2724 ie.u,s1-ss.
522 2671 574 2711 eos
597 2648 779 2733 pestilentia
809 2659 902 2730 atque
931 2668 1121 2709 corisumam.
1168 2642 1211 2706 Et
1239 2653 1312 2728 post
1334 2664 1457 2728 pauca:
1497 2643 1574 2708 Viuo
1598 2668 1662 2730 eye,
1693 2643 1773 2708 dicit
1794 2643 1962 2723 Dominus,
1994 2643 2177 2729 implebitur

519 2755 626 2841 pieria
644 2753 780 2817 Deretini
800 2755 948 2817 universa
971 2766 1074 2831 terra,
1097 2751 1244 2814 adtamen
1267 2774 1372 2814 amires
1394 2750 1544 2829 homines,
1567 2753 1627 2835 qui
1646 2750 1794 2814 viderunt
1815 2752 2006 2814 maiestatem
2028 2773 2128 2813 meam
2148 2761 2177 2813 et
2193 2774 2221 2813 so

522 2864 625 2948 scurra,
649 2885 729 2945 quae
745 2861 822 2946 feci
842 2862 876 2923 in
893 2859 1034 2946 Aepypto
1051 2872 1080 2922 et
1101 2860 1136 2921 in
1158 2857 1329 2921 solitudine
1352 2871 1381 2920 et
1402 2870 1628 2942 temptauerunt
1648 2880 1696 2919 me
1719 2858 1783 2920 iam
1805 2856 1991 2942 perdecem
2015 2859 2098 2921 uices
2121 2879 2177 2919 nec

524 2967 725 3032 oboedierant
747 2969 819 3030 coci
839 2991 935 3046 meae,
958 2989 1019 3029 nen
1044 2965 1193 3029 ridebunt
1215 2978 1342 3043 terram,
1359 2987 1425 3050 pra
1448 2989 1512 3048 qua
1535 2965 1647 3028 iuraui
1663 2964 1811 3048 patribus
1833 2987 1948 3026 eorum.

630 3089 776 3154 XXXV.
814 3089 909 3153 Haec
932 3086 1035 3152 rerba
1059 3098 1242 3172 congruunt
1265 3085 1325 3166 his,
1350 3087 1464 3171 quiin
1486 3086 1641 3150 ministris
1664 3085 1800 3150 Domini
1822 3085 1965 3150 Domino
1990 3083 2175 3165 detrahunt,

366 3226 503 3276 nussum
524 3199 617 3262 iuxta
640 3196 730 3276 illud,
748 3195 834 3282 quod
850 3195 1013 3259 Dominus
1029 3192 1198 3280 discipulis
1215 3194 1282 3257 suis
1299 3194 1361 3257 ait:
1389 3193 1455 3271 Qui
1474 3217 1529 3257 eos
1551 3193 1644 3258 audit
1665 3218 1712 3256 me
1736 3193 1836 3273 audit,
1861 3209 1889 3258 et
1907 3196 1967 3278 qui
1987 3218 2041 3257 ves
2055 3195 2178 3279 spernit

523 3331 571 3370 me
600 3306 729 3391 spernit.
778 3301 970 3387 Congruunt
1001 3302 1098 3364 ctiam
1130 3311 1162 3363 et
1193 3322 1242 3381 ea,
1274 3321 1358 3386 quse
1389 3309 1578 3384 sequuntur,
1609 3298 1670 3380 his,
1701 3300 1758 3385 qui
1787 3309 1894 3362 errata
1922 3321 1983 3363 sua
2012 3301 2176 3384 corrigere
2194 3321 2223 3364 aa

523 3411 715 3496 promittunt
745 3419 778 3472 et
808 3407 895 3495 quod
925 3408 1117 3494 promittunt
1147 3403 1325 3492 adimplere
1357 3404 1541 3491 neglegunt.
1590 3404 1686 3469 Unde
1710 3405 1889 3469 verendum
1920 3417 1978 3484 est,
2010 3429 2061 3484 ne,
2092 3406 2178 3468 sieut

524 3516 577 3581 ille
602 3515 740 3602 populus
765 3514 905 3578 earnalis
928 3524 1061 3600 propter
1084 3513 1302 3577 detractiones
1326 3523 1358 3575 ct
1381 3512 1608 3598 temptationes
1633 3524 1665 3574 ct
1680 3534 1738 3597 pro
1755 3535 1804 3592 eo,
1830 3510 1916 3597 quod
1940 3511 1982 3575 ad
2005 3512 2177 3598 imperium

524 3623 659 3687 Domini
683 3621 896 3686 inoboediens
921 3621 1038 3701 extitit,
1064 3631 1182 3683 terram
1206 3619 1466 3704 repromissionis
1485 3619 1618 3681 minime
1634 3619 1776 3699 intravit,
1801 3617 1857 3682 sed
1874 3619 1981 3704 potius
1997 3619 2029 3682 in
2054 3617 2178 3681 heremi

524 3730 677 3793 vastitate
701 3726 864 3808 occubuit,
895 3728 950 3808 ita,
975 3724 1115 3812 populus
1132 3724 1253 3788 Christi
1277 3725 1407 3788 nomine
1431 3724 1614 3809 insignitus,
1639 3725 1783 3810 imperiis
1806 3724 1941 3789 Domini
1964 3723 2177 3788 inoboediens

525 3836 640 3916 factus,
665 3858 685 3898 a
708 3847 794 3898 terra
817 3835 997 3897 viventium
1023 3833 1064 3896 sit
1088 3842 1242 3895 secretus.
1279 3830 1362 3895 Item
1385 3832 1419 3893 in
1443 3831 1559 3895 eodem
1582 3832 1627 3895 ait
1641 3830 1773 3917 Moyses
1797 3831 1840 3895 ad
1862 3830 2017 3918 populum
2034 3828 2176 3894 Israhel:
2196 3853 2225 3893 m

399 3953 506 4045 Nflmssh
530 3943 595 4007 Cur
618 3942 882 4028 hanspredimini
903 3942 1026 4004 ceritum
1052 3939 1196 4018 Domini,
1220 3938 1307 4024 queod
1328 3939 1415 4002 cobis
1438 3963 1500 4002 non
1523 3938 1608 4002 cedet
1631 3941 1663 4002 in
1681 3941 1897 4024 prosperaruml
1941 3938 2049 4003 Nolite
2071 3961 2178 4001 ascen·

487 4034 492 4044 .
526 4050 608 4113 dere.
644 4048 718 4111 Non
741 4049 824 4111 euim
847 4062 891 4111 est
914 4047 1071 4110 Dominus
1095 4047 1272 4124 uobiscum,
1296 4071 1332 4110 ne
1356 4047 1513 4109 corruatis
1537 4070 1642 4108 eoram
1668 4047 1809 4109 inimicis
1831 4049 1950 4110 sesnes.
1987 4044 2048 4108 His
2067 4041 2178 4107 verbis

526 4152 713 4218 deterrendi
743 4163 817 4216 sunt
847 4152 891 4234 hi,
923 4153 989 4239 qui,
1021 4174 1095 4215 cum
1119 4151 1297 4215 Dominum
1329 4172 1439 4215 secum
1470 4173 1534 4214 non
1564 4150 1715 4231 habeant,
1746 4151 1817 4215 iure
1848 4151 2005 4214 adversus
2029 4150 2178 4213 inimicos

526 4283 601 4325 suos
625 4284 659 4324 sc
684 4283 774 4324 arma
799 4272 989 4324 convertere
1006 4281 1102 4343 posse
1119 4268 1243 4343 putant.
1279 4258 1375 4320 Prius
1392 4258 1478 4321 enim
1495 4256 1683 4321 enitendum
1700 4269 1732 4321 et
1747 4257 1921 4342 vigilanter
1937 4255 2178 4344 procurandam

527 4379 586 4448 cst,
609 4379 645 4431 ut
662 4366 839 4431 Christiani
854 4364 1032 4429 Dominum
1049 4387 1160 4427 secum
1176 4363 1329 4444 habeant,
1355 4372 1514 4448 quatenus
1530 4375 1643 4449 postea
1659 4364 1805 4428 securius
1829 4362 2055 4449 fidentiusquc,
2080 4363 2177 4426 immo
2197 4383 2225 4425 aa

526 4475 641 4538 fortius
664 4473 773 4537 hostes
797 4494 872 4536 suos
897 4494 1051 4557 superare
1076 4469 1277 4556 prevaleant.
1316 4469 1399 4532 Item
1422 4470 1456 4532 in
1480 4469 1611 4533 codem:
1637 4471 1790 4556 Dicitque
1809 4471 1966 4534 Dominus
1988 4470 2034 4534 ad
2047 4470 2176 4556 Moysen

349 4611 509 4659 iurem-is.
527 4582 697 4646 etriaron:
721 4580 869 4644 Recedite
894 4579 931 4643 ile
956 4578 1058 4642 medic
1082 4579 1176 4641 liuius
1200 4576 1423 4657 rreidtitudineh,
1448 4579 1541 4641 etiam
1566 4603 1646 4640 itanc
1667 4577 1773 4641 delebo
1789 4603 1848 4641 eos.
1889 4577 2027 4662 Cumque
2042 4579 2180 4641 tacerent

530 4692 562 4753 in
586 4703 681 4767 terra,
712 4687 796 4751 duait
818 4686 943 4774 Moyses
970 4685 1016 4748 ad
1037 4685 1167 4748 Aaron:
1202 4683 1232 4745 T
1230 4684 1290 4746 olle
1320 4684 1489 4747 turibulum
1522 4697 1550 4747 et
1572 4685 1681 4746 lausto
1707 4686 1778 4770 'rpite
1809 4684 1847 4747 de
1876 4685 1985 4762 altari,
2018 4686 2100 4747 mitte
2132 4684 2178 4746 in·

528 4821 650 4858 censuim
676 4794 820 4879 desuper,
837 4818 974 4878 perperis
997 4793 1057 4855 cito
1081 4791 1127 4854 ad
1145 4791 1310 4876 populum,
1334 4803 1368 4852 ut
1388 4813 1478 4874 nopes
1497 4814 1559 4875 pro
1583 4791 1637 4852 eis.
1674 4789 1743 4853 Iam
1768 4797 1848 4854 euim
1871 4815 1995 4876 opressa
2017 4804 2062 4854 est
2083 4792 2135 4853 ira
2158 4814 2179 4852 a

529 4902 667 4965 Doiru'no
691 4914 719 4964 et
735 4901 837 4986 playa
862 4899 1009 4962 desueuit.
1060 4897 1153 4975 Quod
1182 4921 1252 4959 cetra
1275 4897 1410 4981 fecisset
1432 4895 1544 4959 Aaron
1574 4910 1602 4960 et
1631 4898 1819 4960 circumisset
1848 4896 1894 4960 ad
1915 4896 2052 4960 mediam
2075 4895 2180 4959 multi·
2198 4914 2228 4955 so

529 5008 679 5088 tudinem,
703 5031 796 5091 quam
823 5008 886 5069 tum
910 5005 1052 5067 ¹uastabat
1077 5002 1267 5081 incendium,
1292 5001 1402 5064 obtulit
1424 5004 1575 5086 tpruiama
1598 5016 1626 5065 et
1643 5016 1729 5065 stans
1745 5005 1826 5066 inter
1842 5017 1978 5066 mortuos
1993 5028 2031 5066 ac
2047 5005 2182 5066 virentes

525 5141 588 5201 pro
608 5114 728 5201 populo
753 5113 937 5197 deprecatus
960 5123 1054 5175 estet
1073 5110 1173 5196 playa
1197 5109 1337 5172 cessauit.
1375 5106 1436 5170 His
1460 5104 1571 5169 vorbis
1595 5105 1789 5188 declaratur,
1814 5119 1971 5192 quantum
1986 5107 2051 5171 Dei
2075 5129 2182 5171 sacer·

636 5348 784 5397 XXXlIlI.
814 5341 907 5410 2qui]
930 5362 981 5410 que
1003 5344 1038 5394 Μ.
1094 5341 1287 5393 4οὓῑυΙθῐιιιιῑ
1306 5341 1338 5392 L.
1393 5343 1530 5407 eugypii
1549 5342 1587 5391 Μ.
1643 5337 2182 5408 theivitas]Laevit-133.Jtmeptm.

532 5440 563 5489 17
584 5436 740 5487 deterrahet
759 5436 818 5496 Be,
839 5437 943 5486 dctrnet
962 5433 998 5483 Μ.
1072 5435 1106 5482 20
1126 5432 1245 5481 viderint
1264 5430 1289 5480 B
1298 5435 1323 5480 3.
1397 5433 1427 5481 21
1449 5431 1547 5496 Bgipto
1567 5430 1603 5480 Μ.
1677 5437 1859 5481 temtaverent
1877 5431 1914 5480 Μ

637 5543 748 5592 XXXV.
778 5545 811 5592 24
832 5550 859 5592 ct
876 5541 942 5591 dcem
961 5539 992 5590 L.
1012 5539 1072 5588 Be.
1085 5543 1111 5588 3.
1131 5538 1167 5587 Μ.
1233 5539 1266 5587 25
1285 5543 1415 5586 secuntur
1433 5536 1464 5586 t.
1484 5537 1510 5586 B
1520 5540 1544 5586 2.
1564 5536 1601 5587 Μ.
1662 5532 1797 5598 26sicutl
1818 5538 1925 5601 siquid
1945 5537 1981 5586 Μ.
2044 5539 2076 5588 27
2096 5544 2182 5602 temp·
2201 5542 2230 5584 a

531 5628 659 5695 tationes]
678 5632 852 5682 temtationcs
872 5630 897 5679 Β
908 5635 931 5688 2,
952 5647 984 5679 ac
1005 5628 1232 5677 murmurationes
1251 5625 1311 5674 add.
1330 5625 1356 5674 B
1367 5629 1391 5675 2.
1405 5629 1429 5674 3.
1443 5625 1480 5675 M.
1536 5625 1569 5676 ad
1589 5620 1743 5690 imperium]
1762 5627 1875 5690 imperio
1894 5642 1988 5676 enarr.
2010 5627 2036 5679 C.
2091 5628 2125 5676 28
2144 5627 2184 5675 in·

530 5723 642 5773 traverit
657 5721 693 5770 Μ.
749 5721 780 5769 31
797 5718 1015 5782 transgredimini
1032 5716 1068 5765 Μ.
1124 5709 1248 5779 verbnm]
1268 5714 1423 5764 mandatum
1444 5712 1517 5775 aa(
1518 5710 1546 5775 )
1560 5719 1584 5763 3.
1598 5714 1634 5763 Μ.
1691 5713 1848 5763 sentiar.
1904 5713 2183 5766 adversusdessth.

531 5815 564 5861 34
585 5827 649 5861 euos
668 5809 735 5859 deest
752 5808 784 5858 L.
867 5810 901 5857 36
920 5799 1061 5870 Dixitque]
1081 5805 1158 5854 Dixit
1176 5819 1288 5868 quoque
1308 5802 1344 5852 Μ.
1428 5804 1461 5853 37
1481 5804 1552 5852 haro
1572 5801 1598 5851 B
1608 5807 1632 5851 2.
1716 5806 1750 5852 38
1770 5801 1932 5853 turribulum
1952 5803 1988 5853 Μ.
2072 5799 2184 5868 hausto]

531 5909 609 5950 aristo
630 5899 688 5949 Bz’.
762 5900 797 5948 40
816 5898 998 5947 succurrisset
1017 5894 1077 5945 ΒῙ.
1149 5895 1181 5942 41
1203 5892 1351 5956 thymiama
1370 5890 1431 5944 Br.
1452 5890 1482 5940 L.
1502 5890 1600 5941 1323.
1674 5894 1708 5941 42
1728 5891 1786 5956 Hya
1806 5891 1842 5940 Μ.
