4884 6717
541 497 607 558 640
1011 504 1062 560 50.
1099 504 1317 561 coxcrnlmr
1340 504 1568 561 PARISIENSE
1592 505 1628 561 Α.
1651 504 1725 561 829.

540 692 682 758 Proinde
699 694 921 778 unusquisque
942 692 1168 778 episcoporum
1189 690 1347 756 sollicitae
1366 693 1592 779 sagaciterque
1613 692 1792 779 provideat,
1812 713 1853 756 ne
1873 693 1906 755 in
1925 714 1984 756 sua
2002 691 2195 777 parroechia

540 799 604 862 tale
628 798 707 885 quid
730 798 801 862 fieri
825 798 980 885 deinceps
1005 798 1098 862 sinat.

647 922 749 1009 Cap.
783 923 903 986 xm.
964 922 1018 986 L't
1053 944 1284 986 accessus
1320 924 1661 987 canonicorum
1696 935 1740 987 et
1773 923 2105 988 monachorum
2140 922 2194 987 ad

539 1032 837 1094 monasteria
876 1028 1324 1093 sanctimonialium
1363 1031 1458 1093 nisi
1498 1052 1641 1094 causa
1679 1029 1926 1094 utilitatis
1964 1052 2053 1094 non
2090 1029 2193 1094 fiat.

540 1136 787 1224 Comperimusl
811 1138 907 1200 etiam
932 1136 1089 1222 quosdam
1114 1138 1290 1200 canonicos
1314 1149 1346 1201 et
1369 1136 1544 1201 monachos
1567 1134 1752 1222 posthabito
1776 1135 1942 1221 religionis
1966 1158 2044 1200 suae
2068 1135 2226 1223 pedores

539 1244 735 1307 monasteria
759 1243 1063 1320 sanctimonialium,
1089 1255 1153 1306 tarn
1176 1242 1409 1307 monacharum
1434 1264 1531 1330 quam
1555 1245 1795 1324 canonicarum,
1825 1242 2007 1307 inconsulto
2039 1245 2192 1329 episcopo

539 1373 596 1414 suo
620 1349 815 1436 inpudenter
838 1361 935 1436 atque
960 1351 1184 1413 inreverenter
1207 1348 1308 1412 adire.
1358 1348 1422 1429 Qui
1446 1347 1623 1413 obtendere
1647 1348 1751 1413 solent
1775 1372 1809 1413 se
1832 1372 1898 1412 non
1927 1348 1968 1414 ob
1999 1348 2088 1412 aliud
2117 1348 2193 1412 illuc

539 1456 697 1521 accedere
720 1458 783 1521 nisi
807 1469 863 1521 aut
886 1457 1135 1542 propinquitatis
1159 1469 1214 1519 aut
1238 1455 1466 1519 familiaritatis
1490 1466 1546 1519 aut
1577 1467 1665 1528 certe
1696 1457 1806 1520 nescio
1838 1457 1930 1519 cuius
1959 1455 2193 1519 conlocutionis

539 1564 653 1648 gratia.
702 1562 798 1645 Quod
821 1563 953 1640 factum,
985 1563 1061 1648 quia
1092 1584 1153 1626 nec
1184 1563 1342 1626 canonico
1372 1583 1433 1625 nec
1463 1562 1643 1626 monastico
1675 1564 1825 1647 congrunt
1854 1563 2030 1648 proposito,
2061 1584 2193 1648 prorsus

539 1669 778 1751 interdicimus3
803 1670 866 1733 nisi
890 1670 971 1733 forte
997 1691 1096 1732 eausa
1120 1668 1373 1754 praedicationis
1396 1680 1453 1732 aut
1475 1681 1563 1733 certe
1587 1667 1786 1733 inevitabilis
1809 1670 1988 1733 necessitas
2018 1667 2053 1732 id
2083 1669 2192 1732 facere
2213 1687 2239 1724 ¹⁰

540 1778 693 1862 coegerit,
718 1788 750 1839 et
773 1775 834 1840 hoc
858 1775 1041 1839 nullatenus
1066 1777 1135 1839 sine
1159 1774 1293 1839 licentia
1317 1776 1462 1862 episcopi
1486 1788 1541 1840 aut
1564 1774 1660 1856 illius,
1685 1776 1829 1861 quirice
1849 1774 2193 1860 illinsfungitur,fieri

539 1895 775 1969 praesumatur.
834 1881 959 1961 Quodsi
994 1905 1099 1945 senno
1135 1881 1387 1967 praedicationis
1422 1880 1592 1945 faciendus
1628 1893 1693 1959 est,
1730 1904 1873 1967 congruo
1908 1883 1942 1945 in
1976 1880 2047 1946 loco
2083 1903 2192 1944 coram

540 1987 690 2053 omnibus
713 1988 780 2053 fiat.
828 1988 863 2052 Si
886 2011 965 2052 rero
990 1987 1251 2075 conloquendum
1276 2010 1349 2052 cum
1374 1987 1483 2074 aliqua
1506 1987 1799 2052 sanctimonialium
1823 1989 1905 2052 ratio
1933 1986 2127 2073 expostulat,
2159 1987 2193 2051 id

540 2119 605 2160 non
628 2094 728 2160 aliubi
752 2097 814 2159 nisi
837 2096 871 2159 in
895 2096 1069 2158 constituto
1093 2094 1175 2170 loco,
1200 2094 1235 2158 id
1259 2105 1308 2158 est
1330 2095 1365 2157 in
1387 2093 1548 2158 auditorio
1559 2099 1580 2174 ²,
1605 2092 1665 2157 sub
1689 2094 1873 2159 testimonio
1897 2095 2038 2158 virorum
2063 2093 2192 2178 religio·

540 2225 648 2266 sorum
683 2214 715 2266 et
753 2201 977 2286 religiosarum
1016 2202 1210 2265 feminarum
1249 2201 1314 2264 fiat.
1373 2199 1513 2281 Quando
1547 2222 1626 2264 vero
1661 2198 1886 2265 sacerdotibus
1921 2202 1954 2264 in
1989 2201 2192 2264 monasteriis
2212 2217 2238 2257 rs

539 2307 738 2395 puellaribus
762 2310 933 2372 missarum
957 2307 1193 2372 celebrationes
1217 2305 1389 2371 faciendae
1420 2317 1504 2388 sunt,
1540 2329 1614 2370 cum
1643 2307 1799 2370 ministris
1830 2306 1893 2370 sibi
1924 2305 2086 2394 deputatis
2116 2305 2193 2370 illuc

539 2415 772 2502 ingrediantur,
798 2413 915 2501 quibus
939 2415 999 2478 rite
1024 2416 1165 2500 peractis
1188 2437 1255 2479 non
1278 2413 1320 2477 ad
1344 2425 1487 2477 secretas
1504 2412 1745 2478 conlocutiones
1762 2413 2056 2478 sanctimonialium
2073 2435 2107 2477 se
2127 2411 2192 2477 ullo

540 2522 636 2586 modo
661 2522 833 2601 divertant,
859 2521 918 2584 sed
942 2544 1015 2585 curn
1039 2522 1193 2585 ministris
1218 2522 1284 2584 suis
1308 2520 1383 2584 ilico
1407 2518 1626 2606 egrediantur.
1664 2520 1766 2584 Porro
1790 2520 1817 2583 si
1834 2517 2058 2585 sacerdotibus
2074 2521 2192 2583 saneti·

540 2628 698 2694 moniales
722 2642 858 2715 peecata
881 2650 941 2692 sna
967 2628 1114 2692 confiteri
1137 2626 1310 2708 volueriut,
1346 2626 1379 2691 id
1409 2627 1538 2690 nonnisi
1569 2628 1603 2689 in
1633 2625 1774 2691 ecclesia
1804 2647 1914 2690 coram
1944 2640 2057 2690 sancto
2088 2625 2192 2705 altari,

540 2734 744 2800 adstantibus
767 2734 856 2799 haud
879 2733 992 2821 procul
1015 2732 1161 2814 testibus,
1185 2734 1318 2798 faciant.
1367 2732 1402 2799 Si
1426 2744 1533 2797 autem
1557 2732 1728 2796 infirmitas
1759 2732 1991 2819 praepedierit,
2017 2735 2109 2798 utin
2140 2756 2191 2797 cc·
2211 2753 2238 2792 so

541 2841 641 2906 olesia
671 2841 786 2906 eadem
818 2842 978 2906 confessio
1009 2841 1080 2904 fieri
1102 2850 1255 2927 nequeat,
1287 2842 1321 2903 in
1351 2836 1637 2926 quacumquelibet
1668 2838 1763 2903 domo
1792 2838 1944 2903 facienda
1974 2850 2032 2920 est,
2064 2840 2193 2903 nonnisi

540 2947 676 3013 testibus
700 2947 848 3012 similiter
871 2947 959 3012 baud
983 2945 1096 3033 procul
1120 2946 1324 3011 adstantibus
1348 2947 1413 3010 liat.
1461 2944 1557 3009 Nullo
1581 2944 1678 3009 modo
1702 2946 1823 3031 quippe
1847 2945 1977 3010 ridetur
1998 2945 2093 3011 nobis
2117 2969 2192 3010 con·

539 3056 662 3136 venire,
686 3066 722 3118 ut
744 3054 921 3118 monachus
945 3053 1058 3118 relicto
1082 3053 1280 3118 monasterio
1305 3075 1362 3117 suo
1386 3051 1509 3116 idcirco
1533 3051 1827 3117 sanctimonialium
1857 3054 2055 3117 monasteria
2084 3051 2191 3134 adeat,

540 3173 575 3227 ut
599 3161 826 3226 confitentibus
849 3170 986 3248 peccata
1009 3183 1067 3223 sua
1091 3160 1223 3224 modum
1246 3160 1445 3246 penitentiae
1469 3159 1613 3245 inponat.
1652 3158 1723 3222 Nec
1743 3160 1841 3222 etiarn
1856 3158 1936 3223 illud
1952 3157 2046 3224 nobis
2063 3159 2193 3224 ridetur

541 3292 730 3354 congruum,
754 3278 789 3332 ut
809 3267 921 3331 clerici
940 3279 973 3331 et
996 3266 1080 3349 laici,
1106 3267 1333 3353 episcoporum
1353 3276 1385 3329 ct
1407 3263 1672 3351 presbyterorum
1696 3264 1925 3330 canonicorum
1949 3265 2070 3330 indicia
2094 3265 2192 3331 decli·
2211 3286 2239 3328 rs

541 3389 667 3456 nantes,
693 3375 890 3439 monasteria
914 3372 1147 3437 monachorum
1178 3384 1343 3458 expetant,
1374 3384 1409 3436 ut
1439 3369 1485 3434 ibi
1515 3371 1682 3435 monacbis
1706 3370 1929 3436 sacerdotibus
1953 3371 2192 3437 confessionem

541 3494 750 3569 peccaterum
773 3503 904 3544 suorum
928 3481 1059 3560 faciant,
1086 3481 1279 3565 praesertim
1310 3501 1384 3542 cum
1415 3476 1539 3541 eisdem
1569 3476 1792 3542 sacerdotibus
1823 3477 1990 3542 monacbis
2020 3478 2054 3542 id
2083 3479 2192 3544 facere

541 3590 591 3653 fas
613 3612 679 3653 nen
703 3590 753 3668 sit,
782 3588 928 3673 exceptis
958 3585 1008 3650 bis
1040 3585 1219 3664 dumtaxat,
1251 3587 1308 3671 qui
1338 3583 1398 3648 sub
1429 3586 1608 3648 monastico
1640 3583 1753 3648 ordine
1784 3606 1893 3649 secum
1925 3587 1958 3649 in
1989 3586 2192 3650 monasteriis

542 3693 674 3780 degunt.
720 3692 788 3758 Illis
812 3715 951 3779 namque
977 3702 1025 3756 est
1049 3692 1210 3755 confessio
1234 3701 1444 3777 peccatorum
1467 3690 1629 3774 facienda,
1653 3713 1673 3754 a
1697 3689 1815 3777 quibus
1846 3690 1984 3756 subinde
2015 3702 2048 3756 et
2077 3691 2192 3757 modus

542 3802 760 3889 paenitentiae
785 3812 817 3864 et
841 3798 1010 3864 consilinm
1034 3797 1147 3862 salutis
1171 3799 1319 3883 capiatur
1342 3808 1374 3862 et
1397 3821 1417 3862 a
1444 3796 1562 3883 quibus
1592 3809 1666 3884 post
1695 3808 1842 3884 tempora
1871 3799 2090 3884 paenitentiae
2120 3821 2192 3885 per·
2212 3818 2239 3858 ro

541 3919 625 3988 acta,
650 3906 828 3972 secundum
853 3907 1045 3970 eanonicam
1069 3905 1313 3984 institutionem,
1342 3905 1368 3968 si
1393 3905 1565 3990 episcopus
1596 3904 1736 3985 iusserit,
1766 3904 1988 3970 reconciliatio
2018 3917 2192 3969 mereatur.

541 4016 727 4080 Penitentia
756 4037 853 4101 porro
883 4036 948 4077 non
979 4014 1012 4076 in
1042 4011 1249 4076 multitudine
1280 4033 1453 4092 annorum,
1490 4010 1547 4075 sed
1582 4012 1689 4097 potius
1724 4013 1759 4076 in
1793 4013 1985 4077 contritione
2021 4011 2128 4076 cordis
2161 4023 2194 4076 et

543 4123 687 4209 corporis
723 4133 771 4185 est
801 4120 1002 4184 aestimanda
1012 4125 1033 4183 ⁸.
1087 4118 1260 4204 Episcopis
1296 4139 1374 4182 sane
1405 4117 1527 4181 idcirco
1557 4140 1761 4205 summopere
1791 4117 2030 4205 providendum
2061 4129 2120 4202 est,
2151 4141 2193 4183 ne

543 4230 772 4294 canonicorum
797 4238 853 4291 aut
876 4225 1107 4292 monachorum
1138 4246 1290 4288 accessus
1320 4224 1516 4288 indiscretus
1547 4224 1581 4287 in
1611 4226 1814 4289 monasteriis
1844 4225 2042 4312 puellaribus
2071 4226 2192 4312 passim

542 4337 607 4416 liat,
632 4336 710 4422 quia
733 4356 871 4421 persepe
895 4332 956 4397 hac
973 4333 1145 4397 occasione
1161 4330 1278 4396 multos
1294 4331 1462 4417 utriusque
1479 4330 1612 4412 ordinis,
1629 4332 1779 4395 canonici
1795 4330 1948 4396 videlicet
1964 4343 1996 4395 et
2011 4332 2191 4413 monastici,
2212 4350 2239 4392 aa

363 4467 524 4518 assensn.
542 4444 629 4507 viros
653 4439 867 4527 muscipulam
891 4437 1013 4504 diaboli
1043 4439 1218 4502 incurrisse
1250 4438 1471 4523 cognovimus.
1527 4435 1609 4501 Cum
1640 4438 1739 4523 igitur
1768 4439 1933 4502 canonicis
1964 4437 2121 4503 inlicitum
2152 4438 2193 4501 sit

542 4571 641 4636 supra
670 4561 867 4612 memoratae
903 4547 950 4610 rei
981 4546 1085 4631 gratia
1114 4546 1313 4608 monasteria
1343 4542 1523 4629 puellarum
1554 4541 1655 4625 adire,
1691 4542 1778 4607 unde
1808 4553 1896 4608 tante
1928 4535 2192 4631 transgressionis

541 4677 611 4719 mos
635 4654 780 4735 inolevit,
806 4663 841 4717 ut
864 4651 1015 4717 monachi
1039 4651 1122 4715 banc
1147 4649 1277 4715 sibimet
1300 4649 1466 4714 licentiam
1490 4647 1631 4713 faciendi
1660 4671 1816 4735 usurpare
1848 4651 2086 4736 temptaverint,
2119 4673 2193 4715 curn

542 4762 702 4825 canonica
725 4762 901 4824 auctoritas
926 4758 1041 4822 doceat
1064 4761 1236 4821 monachos⁴¹
1260 4767 1386 4837 quietem
1411 4753 1531 4819 debere
1555 4765 1673 4836 diligere
1699 4774 1729 4821 ct
1751 4767 1875 4822 intentos
1906 4783 1968 4822 esse
1999 4768 2193 4822 tantummodo

648 4978 729 5028 XLV.
760 4972 994 5042 lsagaciterquel
1014 4977 1204 5040 eacaciterque
1225 4975 1252 5024 Γ.
2211 4991 2240 5029 ω

647 5067 722 5117 XVI.
751 5068 919 5117 3acceusus
939 5065 969 5115 P.
1042 5060 1190 5131 sputore]
1212 5066 1314 5129 pedore
1334 5066 1365 5116 P.
1438 5065 1453 5114 'l
1475 5057 1538 5128 Qui]
1559 5063 1629 5124 Quia
1648 5063 1675 5113 Γ.
1748 5064 1953 5115 9monestich0
1973 5064 2004 5115 P.
2071 5057 2192 5130 prorsus]

542 5158 636 5224 prosui
656 5156 683 5205 Γ.
758 5157 790 5206 12
809 5155 964 5205 iaciendum
984 5153 1012 5203 Γ.
1088 5157 1119 5203 16
1140 5154 1266 5203 misarum
1286 5153 1313 5203 Γ.
1388 5154 1420 5202 19
1441 5151 1542 5203 eclesia
1560 5153 1588 5204 Γ.
1668 5155 1699 5203 21
1721 5147 1848 5218 nequeat]
1869 5153 1919 5203 DE
1939 5151 2192 5203 CONFESSIONE

541 5245 679 5310 damasit
697 5245 724 5294 V.
792 5237 1038 5310 quacumquelibet]
1061 5258 1232 5307 quacumque
1253 5241 1280 5291 t’.
1344 5243 1379 5292 28
1397 5242 1568 5292 monasticha
1586 5260 1651 5293 corr.
1669 5238 1715 5303 (al.
1733 5239 1833 5304 moad)
1852 5242 1879 5292 V.
1943 5243 1978 5293 30
1996 5236 2192 5309 paenitentiae]

542 5336 679 5401 paenitiae
699 5333 727 5383 V.
799 5340 922 5398 tempore
942 5331 968 5381 Γ.
1042 5333 1074 5382 31
1095 5331 1245 5398 secundum
1265 5329 1292 5380 Γ.
1365 5331 1398 5381 st
1418 5337 1595 5382 memoratum
1614 5331 1642 5382 Γ.

653 5535 681 5603 1)
707 5532 755 5605 Os.
780 5532 881 5591 relatio
904 5532 1095 5609 episcoporum
1120 5550 1143 5587 c.
1160 5534 1218 5598 53;
1243 5532 1261 5586 l.
1278 5531 1297 5586 l.
1321 5529 1361 5600 II,
1378 5533 1473 5607 42sq.
1549 5529 1579 5600 2)
1606 5529 1654 5603 Os.
1679 5531 1776 5588 macil.
1803 5528 1996 5590 Cobilloaarsc
2017 5532 2079 5590 813
2102 5549 2126 5587 c.
2144 5533 2192 5600 61,
2211 5544 2239 5585 ta

543 5639 640 5697 concil
664 5639 895 5717 Aquisqraaense
917 5641 979 5699 816
1001 5638 1065 5695 inst.
1089 5646 1179 5695 suaet.
1204 5656 1244 5694 cc.
1261 5640 1312 5696 20.
1328 5639 1371 5695 27
1393 5630 1496 5712 (supra
1513 5656 1547 5713 p.
1564 5640 1637 5697 285.
1657 5639 1771 5712 451sq.
1788 5633 1873 5712 455),
1896 5656 1970 5714 prae
1992 5637 2087 5714 capitu
2111 5635 2194 5694 edam

542 5746 744 5822 adaequantia
756 5746 885 5818 sanant.
955 5745 985 5814 3)
1012 5743 1061 5816 Cf.
1079 5765 1123 5800 er.
1138 5763 1184 5821 pr.
1203 5743 1300 5800 concil.
1319 5740 1512 5801 Cabillonense
1527 5746 1588 5804 313
1604 5764 1643 5801 cc.
1661 5747 1750 5803 32-
1762 5747 1810 5803 34.
1828 5747 1886 5812 385
1904 5763 1994 5820 supra
2007 5764 2040 5821 p.
2057 5747 2121 5804 279
2131 5763 2193 5821 sqq.

545 5854 575 5916 l)
601 5851 705 5911 Concu.
734 5853 961 5911 Chalcedoaease
984 5871 1007 5908 c.
1025 5855 1062 5920 4,·
1088 5850 1187 5907 linari
1208 5850 1271 5918 VII,
1289 5853 1362 5909 374.
1405 5849 1437 5905 V.
1460 5869 1551 5926 supra
1569 5871 1602 5926 p.
1621 5854 1678 5910 631
1703 5852 1721 5907 l.
1740 5853 1777 5910 14
1789 5869 1849 5926 sqq.
