4884 6717
516 509 580 573 722
934 518 986 574 56.
1023 518 1244 576 CONCILIUM
1266 517 1595 584 AQUISGRANENSE
1618 519 1656 575 A.
1678 518 1754 576 836.

514 714 550 768 de
573 713 672 768 vestris
694 713 835 785 obsequiis
858 721 887 770 ct
909 715 987 786 regni
1010 715 1145 770 atliutorio
1169 716 1299 770 solatium
1321 716 1443 772 debitum
1467 716 1577 780 minime
1600 716 1785 786 subtrahatur,
1807 718 1866 786 sed,
1889 718 1911 771 si
1933 717 2066 789 possibile
2081 718 2174 786 fuerit,

513 819 605 894 potius
628 828 771 892 augeatur.

623 935 705 1022 (57).
731 935 873 1022 (XVII).
898 934 992 1000 XVI.
1027 936 1180 1002 Vestram
1199 939 1334 1019 interea,
1358 938 1432 1004 Deo
1450 937 1600 1003 amabilis
1615 937 1774 1024 Auguste,
1798 939 1939 1025 petimus
1956 937 2171 1021 clementiam,

515 1040 562 1104 uti
587 1039 711 1128 absque
735 1040 917 1106 inevitabili
947 1045 1142 1108 necessitate
1172 1055 1320 1109 sanctum
1352 1055 1480 1132 tempus
1512 1044 1784 1131 quadragesimae
1813 1044 1912 1109 liceat
1942 1044 2172 1109 ecclesiasticis

517 1148 597 1211 viris
621 1146 681 1212 sub
706 1151 815 1235 quiete
840 1170 950 1242 agere,
975 1161 1135 1236 quatenus
1159 1160 1287 1237 tempus
1310 1149 1401 1233 illud,
1426 1150 1515 1239 quod
1537 1150 1721 1238 purificatio
1738 1149 1837 1216 debet
1852 1173 1924 1216 esse
1941 1151 2078 1216 aliorum
2094 1163 2205 1216 tem-s
2284 1219 2290 1227 ,

514 1276 641 1340 porum,
664 1237 731 1319 non
753 1256 953 1342 inquietetur
974 1255 1200 1343 inquietudine
1224 1255 1504 1343 perturbationum
1514 1262 1535 1323 ¹.

623 1379 707 1466 (58).
733 1379 890 1467 (XVIII).
915 1379 1024 1445 XVII.
1072 1380 1234 1446 Ieiunium
1265 1380 1382 1446 diebus
1412 1381 1584 1446 dominicis
1614 1390 1724 1445 tenere
1756 1391 1789 1445 et
1819 1384 1978 1447 canonica
2007 1380 2174 1447 interdicit

500 1486 714 1552 auctoritas²
737 1496 771 1550 et
793 1488 1040 1551 resurrectionis
1065 1486 1226 1552 dominice
1256 1499 1348 1552 tanta
1375 1487 1573 1552 solemnitas.
1618 1486 1663 1551 Et
1692 1486 1767 1551 ideo
1797 1487 1941 1573 placita³
1969 1487 2032 1552 illis
2056 1487 2173 1553 diebus

516 1614 623 1678 neque
647 1591 777 1657 nubtias
800 1615 861 1680 pro
884 1594 1070 1658 reverentia
1092 1605 1203 1658 tautae
1227 1594 1439 1659 solemnitatis
1462 1616 1527 1659 non
1552 1591 1711 1658 celebrari
1734 1594 1841 1658 visum
1865 1606 1924 1659 est.

624 1717 708 1805 (59).
733 1717 908 1805 (XVIIII).
932 1717 1059 1783 XVIII.
1094 1718 1295 1782 Monasteria
1312 1718 1431 1783 divinis
1448 1717 1649 1784 solummodo
1665 1716 1807 1783 cultibus
1831 1719 1940 1783 dicata
1962 1743 2027 1784 non
2051 1718 2172 1785 debere
2193 1743 2219 1782 so

517 1832 550 1887 et
573 1822 775 1889 secularibus
798 1822 869 1888 dari
894 1836 926 1889 et
949 1825 1109 1889 canonica
1131 1824 1240 1911 prodit
1263 1826 1460 1889 auctoritas⁴
1484 1834 1517 1889 et
1539 1826 1684 1911 ipsorum
1709 1824 1887 1890 destructio
1910 1825 2065 1891 locorum.
2106 1826 2172 1893 Sed

518 1930 596 2016 quia
620 1929 653 1994 id
677 1932 781 2016 exigit
803 1929 1004 2018 reipublicae
1027 1932 1217 2013 necessitas,
1243 1929 1356 1995 saltem
1381 1930 1537 2017 conlapsa
1559 1931 1633 1996 loca
1656 1932 1737 2018 erigi
1761 1930 1884 1996 debent
1899 1942 1932 1996 et
1947 1932 2057 1997 clerici
2081 1931 2172 2015 locis,

517 2038 551 2100 in
575 2035 693 2123 quibus
717 2037 855 2119 fueraut,
879 2038 1016 2120 restitui,
1041 2058 1210 2123 quousque
1235 2038 1437 2124 oportunitas
1460 2037 1496 2102 id
1517 2040 1684 2124 permittat
1707 2038 1875 2103 emendari
1897 2038 2035 2125 plenius.

625 2161 708 2247 (60).
733 2162 841 2248 (XX).
866 2161 1012 2226 XVIIII.
1047 2162 1142 2226 Laici
1158 2184 1237 2226 sane
1253 2162 1408 2226 monendi
1424 2172 1508 2246 sunt,
1532 2185 1574 2227 ne
1598 2162 1784 2228 sacerdotes
1809 2166 2008 2250 contemptui
2031 2162 2174 2228 habeant

516 2290 601 2331 neve
626 2291 737 2334 corum
761 2269 884 2333 monita
907 2267 1082 2355 dispiciant
1105 2279 1138 2333 et
1160 2280 1227 2333 tam
1248 2270 1386 2355 turpiter
1406 2279 1547 2334 tractent
1570 2271 1617 2334 uti
1633 2280 1778 2352 actenus,
1802 2293 1843 2334 ne
1860 2272 2070 2357 superveniat
2085 2269 2172 2358 quod
2193 2292 2219 2331 rs

351 2403 498 2454 essequa.
517 2375 564 2439 ait
586 2375 761 2460 propheta:
784 2375 928 2462 Populus
951 2391 1021 2441 taes
1043 2377 1191 2457 cicothi,
1222 2379 1282 2463 qai
1302 2376 1523 2441 conhadt'cuat
1543 2377 1710 2458 sacerdoti,
1739 2391 1768 2442 et
1788 2402 1916 2442 corrues
1938 2378 2032 2444 hodie
2055 2393 2084 2443 et
2105 2403 2172 2442 cor·

518 2496 587 2547 ruet
607 2484 701 2547 etaiam
722 2483 877 2569 propheta
900 2497 1007 2549 tecum.

626 2605 707 2694 (61).
741 2605 865 2694 (XXI).
897 2606 974 2671 XX.
1021 2606 1210 2672 Meminisse
1242 2607 1341 2671 etiam
1371 2605 1493 2671 debent
1527 2607 1583 2694 qui
1613 2629 1665 2671 res
1696 2607 1856 2673 ecclesiae
1887 2619 1985 2695 atque
2015 2608 2171 2673 familiam

517 2711 578 2777 sub
601 2735 701 2778 manu
724 2735 784 2778 sua
807 2711 929 2778 habent
950 2737 1016 2779 non
1040 2736 1095 2778 eos
1120 2712 1241 2778 debere
1266 2735 1380 2778 severe
1404 2724 1437 2778 et
1460 2713 1635 2778 crudeliter
1655 2736 1728 2779 cum
1745 2715 1792 2778 eis
1808 2737 1917 2800 agere,
1942 2714 1999 2779 sed
2017 2717 2172 2801 cogitare,

516 2821 594 2906 quia
617 2831 828 2907 utrorumque
844 2820 1006 2885 Dominus
1030 2821 1131 2885 estin
1151 2820 1261 2903 caelis,
1286 2831 1319 2885 et
1342 2831 1533 2886 consuetum
1556 2829 1654 2906 atque
1678 2822 1847 2908 antiquum
1871 2820 1913 2885 ab
1937 2822 1985 2885 eis
2004 2823 2171 2887 servitium
2190 2840 2219 2881 so

517 2927 661 3012 exigant,
684 2926 765 2991 nihil
789 2927 1057 3013 superaddentes.

624 3051 708 3138 (62).
734 3051 875 3139 (ΧΧΠ).
900 3051 995 3117 XXI.
1032 3050 1118 3117 Sane
1142 3052 1392 3116 communicatio
1417 3052 1563 3138 corporis
1582 3051 1717 3116 Domini
1740 3053 1828 3116 omni
1852 3051 1905 3116 die
1928 3052 2092 3117 dominico
2116 3052 2171 3117 de·

516 3156 587 3223 buit
610 3156 770 3222 celebrari
780 3163 802 3221 ⁵.
848 3157 994 3245 Ideoque
1017 3180 1152 3223 necesse
1176 3170 1236 3241 est,
1260 3168 1418 3245 quantum
1441 3158 1523 3223 ratio
1546 3159 1714 3245 permittit,
1745 3170 1781 3224 ut
1811 3159 1967 3223 moderna
1991 3161 2172 3245 corrigatur

516 3264 728 3347 consuetudo,
758 3287 799 3328 ne
830 3265 912 3330 forte
943 3266 1000 3352 qui
1030 3265 1126 3351 longe
1155 3275 1204 3330 est
1227 3286 1248 3329 a
1271 3265 1494 3347 sacramentis,
1526 3263 1645 3351 quibus
1675 3276 1725 3330 est
1754 3265 1929 3348 redemtus,
1960 3266 2056 3353 longe
2087 3267 2172 3331 sita

516 3370 630 3452 salute,
655 3393 753 3459 quam
776 3371 883 3436 fuerat
906 3383 1149 3436 consecuturus.
2190 3391 2217 3432 ss

624 3497 708 3584 (63).
733 3496 894 3584 (ΧΧΙΠ).
918 3495 1031 3560 XXII.
1074 3494 1232 3561 Similiter
1255 3506 1305 3560 est
1326 3494 1558 3582 postulandum
1582 3496 1622 3560 de
1646 3495 1847 3583 presbiteris,
1872 3498 1927 3583 qui
1951 3496 2105 3563 hincinde
2129 3498 2169 3562 de

516 3604 656 3668 diversis
678 3603 859 3690 parrochiis
882 3604 1020 3667 veniunt
1042 3613 1075 3667 et
1098 3604 1131 3666 in
1154 3602 1277 3690 palatio
1307 3613 1483 3684 morantur,
1515 3614 1549 3666 ut
1579 3603 1649 3667 sine
1679 3604 1803 3690 proprii
1834 3605 1979 3690 episcopi
2010 3627 2171 3670 consensu

517 3708 563 3774 ibi
586 3710 693 3775 locum
718 3709 917 3774 consistendi
940 3732 1006 3773 non
1021 3707 1165 3774 habeant
1180 3732 1242 3774 nec
1258 3710 1468 3795 recipiantur,
1493 3711 1569 3796 quia
1584 3709 1655 3773 fieri
1671 3719 1788 3795 potest,
1812 3720 1848 3774 ut
1863 3711 1948 3773 intra
1964 3709 2170 3797 parrochiam

516 3829 606 3882 metu
628 3817 806 3904 perpetrati
831 3816 986 3896 criminis,
1016 3838 1058 3880 ne
1089 3815 1124 3880 id
1152 3815 1261 3901 palam
1284 3817 1376 3880 iuxta
1400 3837 1561 3880 canonum
1584 3817 1769 3881 sanctiones
1793 3815 1979 3898 ulciscatur,
2010 3816 2170 3903 palatinas

518 3923 617 3988 aedes
636 3923 853 4011 frequentent,
873 3934 929 3986 aut
948 3934 1047 4004 certe,
1071 3922 1149 3987 licet
1163 3944 1229 3987 non
1245 3924 1287 3987 sit
1302 3921 1478 4005 ordinatus,
1502 3922 1572 4009 ipse
1589 3933 1698 3987 tamen
1714 3921 1837 4010 absque
1854 3922 1969 3987 litteris
1986 3923 2169 3989 ordinatum
2188 3943 2216 3983 so

516 4053 552 4095 se
575 4030 786 4095 adtesteturss.

625 4154 708 4241 (64).
733 4153 890 4240 (XXIV).
915 4152 1045 4216 XXIII.
1080 4152 1149 4217 Nec
1180 4154 1287 4217 minus
1318 4152 1360 4218 de
1390 4152 1558 4218 monachis
1588 4153 1819 4240 postulandum
1843 4165 1901 4234 est,
1932 4164 1968 4218 ut
1995 4155 2112 4241 stipsi
2136 4155 2169 4218 in

516 4261 657 4351 pubIIcis
686 4261 767 4325 locis
798 4262 868 4324 sine
899 4261 1023 4324 ratione
1054 4258 1184 4324 decenti
1214 4259 1397 4325 discurrere
1427 4258 1672 4346 prohibeantur,
1704 4259 1865 4347 quiahoc
1890 4283 1909 4324 a
1932 4262 2098 4347 proposito
2122 4262 2169 4348 ip-

624 4441 689 4509 (58).
709 4439 838 4507 (XVIII).
857 4443 945 4492 XVII.
974 4445 990 4493 9
1009 4437 1128 4504 nubtias]
1150 4444 1287 4493 nundinas
1301 4443 1422 4509 proponit
1441 4443 1575 4504 Biaten'm,
1596 4441 1707 4509 ‘Prepa
1727 4442 1823 4493 Gesehss
1842 4443 1880 4504 II,
1894 4447 1956 4495 492.

623 4531 689 4598 (59).
709 4527 854 4596 (XVIIII).
872 4531 978 4581 XVIII.
1009 4533 1041 4582 12
1060 4526 1134 4596 quial
1152 4533 1198 4597 qui
1219 4531 1251 4583 6.
1325 4534 1358 4583 13
1378 4533 1496 4583 restituti
1517 4531 1548 4582 G.
2187 4545 2215 4586 tt

623 4620 688 4688 (so).
708 4617 790 4686 (xx).
809 4621 930 4671 xvrrn.
961 4622 993 4671 rs
1012 4621 1056 4671 aas
1077 4620 1109 4670 o.

623 4709 688 4778 (62).
708 4707 821 4776 (XXII).
840 4710 915 4760 XXI.
943 4712 977 4760 24
997 4717 1038 4767 est
1057 4704 1083 4772 a]
1104 4716 1147 4760 est
1166 4710 1199 4760 G.

622 4799 689 4866 (69).
708 4795 833 4863 (XXIII).
853 4800 944 4849 XXII.
972 4801 1006 4849 28
1025 4793 1098 4863 quia]
1117 4800 1165 4865 qui
1186 4798 1217 4849 6.
1291 4793 1373 4862 intral
1389 4799 1459 4850 intra
1480 4798 1512 4849 6.
1585 4800 1618 4849 29
1637 4799 1788 4850 sanctionis
1808 4797 1840 4847 0.

623 4887 689 4954 (as).
710 4887 853 4953 (aaran.
873 4889 979 4938 xxrrr.
1008 4889 1042 4937 aa
1062 4882 1137 4952 qua]
1157 4889 1206 4952 qur
1227 4888 1259 4942 o.

625 5039 654 5108 1)
679 5037 713 5094 Ia
733 5035 924 5111 episcoporum
945 5035 980 5090 de
993 5032 1168 5108 poeniteatis
1182 5033 1350 5090 Hladoauci
1366 5031 1546 5107 imperatoris
1560 5032 1698 5089 relatione
1714 5031 1930 5106 Corrrpeadienst'
1944 5034 2006 5090 833
2022 5023 2062 5106 (o.
2078 5051 2169 5107 supra
2185 5051 2214 5090 so

509 5167 544 5222 p.
562 5145 636 5222 695)
661 5163 754 5200 triaue
773 5140 887 5200 chbri
904 5138 1092 5196 modoaldus
1110 5138 1296 5214 vituperatum,
1317 5141 1383 5211 quia
1402 5148 1501 5195 eontra
1517 5138 1703 5194 Christianam
1726 5139 1893 5212 religionem
1912 5147 1942 5195 θῖ
1958 5146 2057 5194 eontra
2072 5146 2168 5194 votum

513 5272 595 5308 suum
619 5253 679 5307 sine
703 5252 762 5306 ulla
785 5250 907 5304 utilitate
931 5247 1046 5319 publica
1069 5253 1119 5302 sut
1138 5253 1218 5302 certa
1241 5248 1413 5302 necessitate
1432 5265 1581 5318 pravorum
1599 5247 1714 5301 consilio
1733 5246 1849 5301 delusus
1872 5247 1901 5301 in
1920 5247 2021 5302 diebus
2045 5247 2167 5317 quadra·

514 5361 638 5433 gesimas
655 5358 864 5430 expeditionem
880 5353 1043 5426 generalem
1060 5352 1122 5409 fieri
1138 5354 1219 5407 iussit
1236 5347 1273 5426 (c.
1287 5357 1321 5422 3,·
1339 5350 1411 5410 Mc.
1429 5350 1522 5428 Capit.
1540 5352 1579 5420 ΙΙ,
1597 5347 1661 5426 54),
1677 5351 1710 5408 id
1722 5353 1919 5427 quodfactum
1937 5360 1977 5408 cst
1990 5371 2068 5410 anno
2084 5355 2167 5422 830,

515 5475 545 5523 ut
559 5473 697 5523 testantur
712 5465 832 5520 annales
847 5459 1013 5516 Bertiniaai
1027 5459 1070 5515 ed.
1095 5457 1186 5514 ll'uitr
1206 5479 1237 5534 p.
1254 5463 1283 5518 2.
1354 5457 1385 5528 2)
1410 5456 1460 5530 Os.
1477 5459 1574 5516 concil.
1594 5456 1765 5536 Gaaprmse
1780 5480 1803 5514 c.
1822 5461 1862 5517 18
1868 5481 1878 5526 ,·
1903 5458 2004 5514 Mami
2018 5457 2059 5528 II,
2077 5462 2166 5518 1103.

516 5574 547 5642 3)
570 5573 617 5628 De
634 5570 750 5646 placitis
772 5568 818 5624 die
839 5565 978 5622 desitiates
1001 5585 1056 5622 aon
1081 5564 1216 5622 habendis
1239 5585 1265 5622 v.
1289 5583 1362 5640 φιαθ
1385 5565 1522 5641 congressit
1545 5566 1660 5622 h'raase
1682 5559 1775 5640 (ΜΟ.
1801 5563 1894 5640 Capit.
1919 5564 1959 5634 II,
1977 5569 2038 5625 616
2061 5566 2112 5622 col.
2128 5563 2165 5642 2)
2184 5582 2214 5623 aa

514 5701 537 5736 s.
551 5699 576 5736 v.
594 5678 653 5734 (lies
665 5667 834 5742 doarinicas,
850 5694 876 5730 o.
890 5673 972 5728 etiam
984 5691 1075 5747 supra
1086 5692 1119 5748 p.
1129 5674 1189 5729 644
1205 5691 1275 5726 aaa.
1289 5675 1314 5740 1,
1328 5691 1362 5746 p.
1372 5674 1435 5730 672
1451 5690 1474 5727 c.
1488 5675 1507 5730 5
1516 5665 1592 5746 (72),
1604 5693 1637 5746 p.
1652 5674 1714 5730 676
1729 5692 1753 5728 c.
1765 5674 1804 5730 19
1813 5667 1889 5746 (867.
1959 5671 1990 5734 tl
2005 5671 2054 5744 Cf.
2068 5671 2166 5728 concil

517 5784 743 5843 Chalcedmease
766 5801 790 5837 c.
808 5785 866 5848 24;
893 5779 993 5835 Massi
1013 5778 1078 5848 VII,
1096 5783 1166 5836 880.
1251 5775 1282 5838 5)
1308 5775 1356 5849 Cf.
1382 5777 1564 5850 ll'alasridas
1588 5777 1700 5848 Strabo,
1725 5778 1771 5835 De
1794 5777 1920 5835 exordiis
1942 5787 1969 5835 et
1990 5777 2168 5836 incrementis

513 5909 572 5947 rer.
591 5891 655 5946 eccl.
672 5909 695 5944 c.
713 5891 770 5956 aa·
796 5885 870 5944 ΜΘ.
889 5885 982 5962 Cupit.
999 5885 1040 5953 II,
1057 5888 1127 5943 495.
1190 5885 1221 5954 6)
1247 5881 1296 5955 Cf.
1316 5883 1413 5941 concil.
1435 5883 1597 5942 Purisiense
1616 5888 1679 5943 829
1698 5883 1742 5941 lib.
1759 5884 1813 5941 ΙΙΙ
1827 5905 1849 5941 c.
1864 5888 1920 5953 II;
1938 5905 2028 5961 supra
2041 5905 2075 5961 p.
2094 5888 2165 5944 675.
