4884 6717
686 508 739 565 sl.
774 508 993 568 CONCILIUM
1017 511 1338 568 lNGELHEIMENSE
1361 513 1400 569 A.
1420 509 1495 568 840.
1852 502 1915 565 795

262 707 371 760 tamen
397 696 467 760 eius
491 717 652 761 concussa
674 696 775 760 nimia
798 696 995 762 adversitate
1020 696 1165 763 divinam
1189 699 1284 784 quasi
1307 697 1564 782 indignationem
1582 696 1670 761 illam
1686 718 1793 783 passa,
1817 719 1915 782 quam

262 802 302 867 de
326 803 511 866 novissimis
541 800 742 888 temporibus
767 804 817 867 vis
847 826 977 890 semper
1006 815 1106 869 terret
1135 803 1336 890 evangelica
1366 804 1493 869 dicens:
1531 804 1650 869 Tradet
1678 817 1779 868 autem
1803 806 1916 892 frater
1934 823 2093 874 sarmium.

254 911 398 998 fratrem
428 913 464 974 in
493 924 621 974 mortem
655 924 683 974 ct
708 925 802 997 pater
823 912 933 997 filiam
964 925 992 975 ct
1021 914 1183 998 insnrpcnt
1203 913 1280 999 filii
1308 916 1342 976 in
1364 926 1525 998 parentas,
1556 909 1648 974 multi
1675 908 1816 996 denique
1839 909 1915 974 hinc

262 1026 409 1102 potentes
433 1015 562 1103 expulsi
586 1028 661 1080 sunt
683 1038 704 1078 a
726 1018 849 1102 patria:
874 1018 1020 1104 episcopi
1043 1040 1172 1103 quoque
1197 1016 1294 1081 aliive
1319 1018 1385 1081 Dei
1408 1017 1547 1082 ministri
1571 1016 1735 1081 custodias
1760 1026 1792 1080 st
1815 1014 1916 1080 exilia

229 1123 365 1208 spassi3
401 1122 534 1209 quidam
566 1123 664 1186 etiam
695 1124 863 1209 utriusque
893 1145 992 1187 sexus
1021 1121 1148 1187 nobiles
1178 1122 1255 1188 laici
1279 1123 1322 1187 ad
1345 1125 1560 1188 monasticum
1584 1123 1731 1187 habitum
1756 1122 1914 1208 conpulsi,

260 1239 296 1293 ut
318 1228 425 1293 saltim
449 1228 499 1293 his
523 1227 660 1313 flagellis
684 1227 783 1293 celeri
807 1230 1019 1316 castigatione
1047 1231 1222 1316 conpuncti
1246 1229 1392 1295 remedia
1414 1230 1527 1294 salutis
1550 1230 1758 1316 perciperent
1780 1240 1837 1294 aut
1860 1227 1915 1294 ob·

260 1335 367 1399 durati
391 1334 512 1401 iudicia
538 1335 779 1422 dampnationis
803 1337 911 1401 futura
935 1337 1101 1418 sentirent,
1133 1337 1220 1423 quia,
1252 1359 1333 1424 quos
1356 1335 1479 1400 blanda
1502 1337 1684 1401 viciaverat
1706 1337 1914 1423 prosperitas,

260 1464 393 1507 necesse
424 1453 504 1524 erat,
540 1453 576 1506 ut
606 1441 678 1506 dira
708 1453 865 1529 purgaret
894 1442 1086 1524 adversitas,
1122 1466 1163 1507 ne
1192 1442 1234 1507 ad
1266 1454 1440 1507 tartaream
1470 1444 1650 1509 vindictam
1685 1442 1797 1507 divina
1831 1441 1914 1507 ultro

261 1550 383 1613 seviret
405 1550 568 1613 maiestas.

216 1677 243 1717 ro
366 1655 429 1719 His
458 1657 577 1720 etenim
607 1655 788 1720 manifestis
820 1657 958 1742 cognitis
988 1656 1143 1743 periculis
1174 1679 1235 1742 ego
1258 1656 1429 1720 Remensis
1452 1654 1525 1720 Ebo
1556 1655 1710 1741 indignus
1741 1656 1914 1743 episcopus

260 1763 346 1826 inter
369 1773 495 1826 ceteros
519 1762 636 1826 anxios
659 1759 763 1826 tribus
786 1761 936 1827 adflictus
959 1764 1129 1848 pressuris,
1154 1762 1188 1827 id
1212 1773 1262 1827 est
1285 1761 1421 1827 sublatis
1445 1762 1542 1827 rebus
1564 1761 1723 1845 omnibus,
1747 1764 1845 1826 inira
1861 1760 1913 1826 vel

260 1868 409 1933 custodia
432 1867 606 1954 obpressus
629 1869 798 1955 principis,
828 1870 961 1955 insuper
991 1880 1023 1933 et
1052 1869 1157 1933 fessus
1181 1868 1366 1955 egritudine
1396 1869 1552 1955 corporis,
1583 1881 1696 1934 sancto
1728 1892 1801 1934 cum
1828 1868 1913 1954 psal·

259 1977 355 2040 mista
385 1974 495 2039 dicere
526 1996 592 2038 non
622 1973 754 2039 erubui:
786 1975 988 2062 [niquitatem
1020 2001 1120 2041 meam
1150 1977 1351 2041 adnunciabo
1383 1990 1411 2041 et
1440 1978 1580 2064 cogitabo
1603 2001 1666 2064 pro
1686 1991 1813 2063 peccato
1835 2001 1911 2041 mco.
1932 1996 1969 2037 1³⁸.
1978 1995 2053 2046 tals.

259 2082 391 2146 Divinis
414 2080 552 2167 flagellis
576 2083 727 2162 monitus,
758 2082 786 2145 si
815 2083 848 2145 in
872 2083 1036 2169 prosperis
1059 2083 1165 2167 legem
1189 2082 1324 2147 Domini
1347 2081 1488 2168 neglexi,
1513 2082 1556 2146 ad
1580 2083 1684 2169 ipsam
1707 2083 1742 2146 in
1765 2081 1913 2147 adversis

216 2209 241 2250 rs
260 2188 436 2274 confugere
461 2187 570 2269 debui,
594 2189 708 2269 itaut,
733 2189 760 2253 si
776 2210 874 2275 quem
889 2212 949 2275 per
963 2189 1140 2275 potentiam
1157 2188 1322 2275 quondam
1341 2189 1459 2252 iniuste
1483 2188 1573 2270 laesi,
1597 2189 1673 2253 hinc
1696 2190 1730 2253 in
1754 2189 1913 2274 angustiis

260 2318 311 2360 me
335 2294 497 2359 ledentem
522 2294 607 2359 ferre
631 2296 792 2381 patienter
815 2294 944 2359 devovi.
980 2294 1015 2359 si
1033 2296 1086 2359 cui
1103 2296 1200 2359 etiam
1225 2293 1349 2381 aliquid
1372 2293 1517 2360 indebite
1541 2294 1671 2377 abstuli,
1695 2294 1811 2360 ablatis
1834 2294 1913 2359 mihi

260 2400 410 2466 omnibus
440 2423 504 2466 non
536 2400 730 2482 contradixi,
766 2400 824 2466 sed
855 2401 1016 2466 auferenti
1045 2403 1190 2466 tunicam
1220 2402 1318 2466 etiam
1349 2412 1382 2465 et
1411 2400 1545 2488 pallium
1579 2401 1706 2489 reliqui.
1760 2401 1796 2466 Si
1825 2403 1912 2465 enim
1930 2422 2047 2464 sauna.

261 2507 456 2594 quandoque
480 2509 621 2573 amicum
645 2508 787 2593 neglexi,
811 2509 978 2572 inimicum
1001 2506 1148 2594 diligere,
1172 2508 1248 2573 hinc
1273 2519 1306 2573 et
1328 2531 1387 2595 pro
1410 2507 1674 2594 persecutoribus
1691 2530 1783 2573 orare
1800 2508 1910 2573 didici.
1956 2475 2020 2526 W

261 2615 381 2701 Sicque
405 2614 518 2680 humili
542 2615 763 2679 satisfactione
787 2615 1014 2700 memetipsum
1038 2637 1196 2679 accusans
1220 2615 1346 2679 fureres
1369 2616 1636 2703 persequentium
1666 2615 1815 2700 mitigare
1839 2614 1912 2701 plus

215 2743 243 2784 so
261 2744 359 2808 quam
389 2720 517 2808 litigare
548 2720 692 2803 decrevi,
723 2731 836 2786 sancto
866 2721 1045 2786 instruente
1069 2721 1269 2804 Habraham,
1301 2723 1357 2809 qui
1388 2724 1473 2787 inter
1501 2722 1648 2810 pericula
1670 2745 1690 2786 a
1713 2720 1911 2807 praelatione
1931 2740 2054 2782 asnaa.

260 2830 371 2893 uxoris
395 2851 430 2892 se
454 2850 577 2893 exuens
601 2829 667 2892 vim
691 2826 887 2892 facientibus
910 2828 1075 2893 humiliter
1098 2827 1215 2893 cedere
1246 2830 1350 2914 magis
1381 2852 1478 2916 quam
1511 2827 1739 2893 damnabiliter
1761 2829 1912 2892 resistere
1938 2795 2046 2846 mm

261 2935 368 3021 elegit.
404 2935 543 3000 Sanctus
565 2936 678 3021 utique
701 2934 865 3022 apostolus
887 2958 954 2999 non
976 2937 1082 2999 minus
1106 2935 1220 2999 eadem
1245 2934 1365 3017 docuit,
1392 2958 1465 3000 cum
1490 2935 1589 3000 dixit:
1614 2935 1688 3000 Non
1711 2938 1914 3022 vosmetipsos
1932 2955 2076 3006 marsna.

261 3042 473 3130 descedentes,
497 3044 669 3123 carissimi,
692 3042 750 3106 sed
771 3043 842 3107 date
866 3043 966 3107 basim
990 3045 1068 3107 irae.
1115 3041 1205 3106 Inter
1229 3042 1342 3107 divina
1365 3041 1528 3128 siquidem
1552 3039 1692 3106 verbera
1714 3039 1830 3105 beatus
1852 3039 1912 3105 Iob

260 3170 326 3212 non
356 3170 567 3230 murmurare,
598 3147 657 3220 sed
687 3169 780 3212 orare
812 3158 910 3234 atque
942 3147 1089 3212 confiteri
1112 3161 1251 3234 peccata
1280 3147 1404 3230 maluit,
1436 3172 1510 3213 cum
1541 3150 1658 3212 anxius
1689 3149 1774 3212 inter
1804 3157 1914 3212 cetera

216 3281 243 3321 ss
261 3253 361 3318 multa
383 3254 526 3319 lamenta
548 3254 648 3319 dixit:
673 3254 826 3336 Peccavi,·
848 3255 930 3340 qaid
943 3257 1075 3342 faciam
1099 3258 1167 3336 tibi,
1191 3280 1210 3321 a
1233 3270 1333 3320 castos
1356 3256 1540 3320 dominnm?
1932 3275 2000 3326 1obr.
2009 3274 2041 3317 to.

369 3359 496 3442 Quibus
520 3359 716 3427 multimodis
746 3372 874 3447 patrum
905 3362 1066 3426 animatus
1090 3360 1259 3447 exemplis,
1291 3361 1408 3426 ductus
1439 3360 1554 3426 eodem
1586 3360 1749 3425 mundano
1777 3361 1912 3447 impetu,

261 3467 446 3554 compulsus
475 3466 517 3532 ad
547 3466 689 3532 tribunal
713 3467 901 3554 palatinum,
932 3490 997 3532 non
1028 3466 1070 3531 ad
1094 3467 1285 3553 synodalem
1309 3479 1494 3532 sauctorum
1519 3478 1725 3549 conventum,
1757 3489 1820 3554 quo
1845 3468 1912 3531 vio·

260 3574 365 3639 lenter
393 3596 459 3639 non
489 3573 566 3639 licet
596 3574 699 3656 trahi,
737 3573 796 3638 sed
834 3575 938 3660 magis
968 3573 1107 3639 liberum
1138 3577 1295 3639 canonice
1327 3575 1502 3639 convocari
1536 3576 1741 3661 episcopum,
1777 3574 1914 3659 contigit

260 3693 368 3746 tamen
393 3704 444 3745 me
467 3682 501 3746 iu
524 3680 633 3745 media
658 3680 864 3746 multitudine
889 3692 1075 3746 sanctorum
1098 3681 1261 3746 adstitisse
1285 3681 1420 3746 fratrum
1443 3680 1575 3746 hiemali
1595 3681 1770 3746 vexatione
1788 3680 1914 3746 diutina

216 3812 243 3853 so
261 3786 308 3852 ibi
331 3787 545 3870 adflictorum,
576 3810 713 3874 quorum
742 3789 798 3874 pia
827 3788 1047 3853 consolatione
1071 3798 1247 3869 recreatus,
1277 3787 1334 3852 illa
1363 3788 1442 3853 mihi
1473 3787 1629 3852 divinitus
1656 3789 1815 3874 inspirata
1838 3810 1909 3851 sen·

261 3895 362 3959 tentia
392 3896 537 3959 caritatis
567 3905 697 3981 praesto
728 3896 881 3981 apparuit
904 3895 1155 3976 condolentium,
1186 3896 1271 3959 sicut
1294 3895 1450 3981 scriptum
1474 3904 1538 3959 est:
1572 3895 1650 3960 Cam
1669 3899 1794 3983 patitur
1816 3919 1912 3959 anam
1933 3914 2092 3967 acernam.

261 4004 442 4080 membrum,
465 4005 698 4088 compatiantur
720 4005 827 4067 omnia
850 4005 997 4066 membra.
1035 4000 1247 4087 Quorumque
1272 4001 1405 4066 consilio
1429 4001 1560 4066 adiutus
1584 4013 1649 4065 tres
1672 4001 1751 4065 mihi
1775 4023 1817 4065 ex
1833 4001 1913 4087 ipsis

262 4107 346 4193 elegi
370 4108 604 4173 secretissimos
629 4107 805 4188 adiutores,
834 4105 1002 4171 Aiulfum¹
1027 4107 1180 4172 videlicet
1210 4107 1502 4195 archiepiscopum,
1533 4107 1765 4172 Badaradum²
1787 4106 1912 4171 Modoi·

262 4219 426 4301 numque³
449 4216 632 4301 episcopos,
657 4237 730 4279 cum
755 4212 873 4301 quibus
897 4214 938 4278 de
961 4213 1131 4279 salvatoris
1153 4216 1256 4279 nostri
1279 4215 1480 4279 institutione
1505 4225 1777 4300 peccatorumque
1801 4214 1912 4277 remis·

217 4347 243 4388 ss
260 4323 351 4386 sione
375 4322 549 4408 diligenter
571 4321 702 4402 contadi,
727 4343 850 4385 memor
873 4319 1056 4407 evangelici
1078 4323 1247 4407 praecepti
1264 4320 1420 4386 dicentis:
1446 4321 1487 4387 Si
1507 4324 1603 4409 offers
1625 4346 1738 4386 munus
1760 4335 1845 4386 taam
1869 4320 1916 4385 ad
1933 4324 2039 4418 ξῗξῑξὶξν

261 4430 362 4494 altare
385 4439 418 4493 et
440 4439 550 4493 cetera
572 4450 675 4514 usque
700 4430 842 4514 relinque
866 4430 915 4494 idi
935 4453 1048 4492 munias
1070 4443 1154 4493 mum
1179 4443 1250 4494 ante
1273 4430 1383 4494 aimrc.

368 4533 441 4599 Hac
471 4535 571 4621 igitur
600 4535 793 4599 auctoritate
825 4556 973 4615 cernens,
1005 4535 1082 4620 quia
1112 4534 1222 4615 frater,
1254 4544 1375 4621 quanto
1405 4535 1509 4620 magis
1540 4535 1618 4620 quia
1648 4536 1799 4620 princeps
1823 4555 1913 4597 meus

262 4651 441 4706 commotus
471 4640 646 4705 adversum
677 4663 729 4705 me
760 4651 839 4722 erat,
870 4641 986 4726 reliqui
1017 4663 1133 4706 munus
1164 4639 1337 4706 oblationis
1360 4663 1453 4706 meae
1485 4651 1559 4705 ante
1588 4640 1690 4705 altare
1715 4653 1757 4722 et,
1788 4661 1914 4704 summa

262 4747 482 4813 satisfactione
506 4747 570 4811 iam
595 4746 756 4812 dictorum
780 4769 941 4812 consensu
964 4747 1187 4812 confessorum
1211 4747 1264 4812 vel
1288 4748 1422 4812 fratrum
1447 4745 1673 4830 succumbens,
1702 4757 1835 4834 propter
1858 4744 1913 4809 de-

217 4852 364 4921 subitam
387 4853 603 4940 recuperandi
627 4853 835 4919 concordiam
858 4853 974 4918 inlatas
998 4877 1111 4918 omues
1135 4855 1272 4919 iniurias
1297 4856 1457 4941 patienter
1481 4855 1610 4940 suscepi
1628 4865 1660 4918 et
1676 4854 1817 4941 puritate
1837 4875 1913 4917 con-

263 4961 412 5026 fessionis
435 4962 659 5026 remissionem
682 4971 891 5047 peccatorum
915 4962 1110 5048 veniamque
1143 4972 1176 5025 et
1205 4984 1271 5026 non
1301 4961 1627 5048 condempnationem
1652 4961 1820 5047 percipere
1845 4981 1913 5024 cre-

372 5217 479 5266 lnima
499 5215 532 5265 0.
616 5213 755 5265 tsaltem
774 5214 805 5264 Ρ.
889 5213 990 5264 sulutis
1010 5216 1163 5279 reciperent
1181 5214 1213 5265 P.
1296 5216 1531 5265 aut-sentirent
1548 5214 1638 5265 damst
1656 5214 1687 5265 1‘.
1770 5209 1913 5276 ‘lblsndal

263 5305 328 5356 blan
347 5305 380 5356 P·
466 5306 498 5354 15
516 5305 616 5374 iniuste
637 5303 668 5353 0.
751 5298 825 5367 binc]
845 5304 910 5353 huic
929 5302 960 5352 P.
1044 5304 1075 5354 Π
1096 5304 1216 5354 tonicam
1238 5303 1269 5353 0.
1352 5305 1386 5354 20
1405 5303 1542 5354 Abraham
1561 5302 1592 5353 P.
1674 5304 1707 5353 22
1726 5297 1791 5367 non]
1811 5319 1861 5353 nec
1882 5302 1915 5352 0.

263 5388 453 5460 vosmetipsos]
473 5409 522 5444 vos
542 5393 574 5443 G.
648 5393 822 5443 asserentes
843 5391 875 5442 G.
942 5393 976 5441 23
997 5393 1168 5453 Quibusnam
1189 5393 1220 5445 θ.
1294 5393 1328 5442 28
1347 5393 1479 5458 canonice
1500 5391 1531 5441 G.
1599 5394 1633 5442 30
1651 5392 1696 5457 pia
1715 5386 1912 5453 consolatione]

219 5497 246 5536 ts
264 5482 453 5535 consolatione
471 5483 518 5548 pia
537 5481 568 5531 P.
641 5483 673 5532 31
693 5489 784 5546 presta
804 5479 836 5530 G.
909 5481 943 5531 32
962 5475 1063 5543 omnia]
1085 5488 1178 5530 cetera
1198 5481 1230 5530 0.
1304 5476 1379 5545 mihi]
1400 5481 1500 5531 utadd.
1522 5481 1554 5531 0,
1625 5483 1659 5532 33
1678 5480 1862 5531 Bsdarsldum
1883 5479 1914 5542 (3,

265 5573 438 5623 Badaradum
452 5571 484 5622 P.
546 5572 580 5621 35
600 5571 743 5636 praedspti
762 5569 792 5619 P.
855 5570 888 5620 st
909 5571 994 5634 magis
1014 5563 1089 5635 quia]
1110 5571 1195 5634 magis
1216 5569 1248 5620 θ.
1311 5571 1345 5620 39
1365 5586 1552 5621 consensensu
1572 5569 1604 5620 0.
1662 5569 1782 5620 debitam
1798 5569 1865 5620 deest
1883 5567 1915 5619 P.

265 5664 300 5711 40
318 5662 433 5712 iniurias
445 5685 480 5695 -
492 5654 612 5726 suscepi]
632 5659 767 5723 patienter
785 5659 893 5722 suscepi
912 5658 1027 5708 iniurias
1045 5657 1076 5707 P.
1149 5661 1181 5708 41
1203 5659 1314 5724 percipo
1335 5659 1366 5709 0.

376 5859 405 5929 l)
429 5859 641 5918 Bimriccnssm.
717 5856 747 5927 2)
773 5855 1044 5914 Padcrdorncnsem.
1126 5855 1157 5926 3)
1181 5858 1475 5934 Augustoduncnsem:
1497 5877 1522 5915 o.
1546 5857 1632 5929 infra
1649 5877 1683 5933 p.
1702 5860 1764 5917 797
1785 5858 1805 5914 1.
1822 5861 1915 5933 5sqq.

1635 5971 1703 6030 roo*
