4884 6717
545 493 609 556 840
636 498 849 555 APPENDIX.
874 497 904 553 9.
921 495 1028 554 ACTA
1044 496 1185 555 SPURIA
1200 498 1257 553 Al)
1274 494 1491 554 CONCILIUM
1509 493 1789 551 CARISIACENSE
1806 493 2052 551 SPECTAN'IIA
2067 493 2103 549 Α.
2118 493 2193 551 838.

543 708 625 767 mus,
655 707 837 772 precamur,
868 694 905 750 ιιι
933 683 1107 749 nonnullae
1138 683 1319 748 sententiae
1348 681 1391 746 ad
1420 681 1483 746 hoc
1511 682 1712 768 pertinentes
1742 703 1904 746 canonum
1936 691 1969 745 et
1990 679 2099 767 legum
2123 691 2198 746 ante

543 814 602 856 vos
624 790 734 877 legere
758 790 919 857 iubeatis’.

650 898 694 962 Et
716 909 794 964 tunc
817 896 949 985 publice
974 919 1083 962 coram
1107 895 1257 961 omnibus
1280 897 1437 961 recitatae
1461 905 1537 960 sunt
1558 895 1620 960 hae
1644 894 1824 959 sententiae
1845 916 2006 960 canonum
2030 905 2063 960 et
2077 893 2195 980 legum.

649 1005 874 1091 Excerptum¹
898 1027 941 1068 ex
968 1003 1108 1068 decretis
1131 1025 1217 1090 pape
1240 1002 1410 1067 Bonefacii
1435 1001 1576 1089 capitulo
1600 1001 1678 1066 ΙΠ.;
1702 1006 1902 1066 Manifestum²
1925 1018 1967 1066 est
1989 1011 2114 1066 confiteri
2136 1029 2198 1066 anm

543 1122 579 1175 de
602 1122 723 1193 crimine,
746 1122 794 1193 qui
816 1122 922 1176 indulto
946 1125 975 1176 et
997 1121 1126 1192 delegato
1149 1119 1249 1174 iudicio
1271 1119 1408 1191 purgandi
1437 1136 1466 1173 se
1496 1119 1641 1173 occasione
1670 1135 1726 1172 non
1754 1118 1846 1172 utitur.
1890 1118 1982 1172 Nichil
2010 1119 2082 1172 enim
2116 1119 2229 1173 inter-s

544 1234 594 1296 est,
616 1234 706 1282 utrmn
729 1227 918 1298 inpraesenti
941 1228 1066 1282 examine
1089 1227 1190 1296 onmia,
1213 1243 1268 1297 que
1291 1227 1365 1280 diets
1388 1231 1459 1296 sunt,
1482 1215 1523 1280 de
1547 1237 1586 1280 eo
1610 1225 1831 1295 comprobentur,
1852 1242 1914 1279 cum
1930 1225 1991 1295 ipsa
2006 1225 2130 1280 absentia
2146 1243 2198 1296 pro

545 1334 717 1390 confessione
740 1341 855 1389 constet.

650 1431 734 1495 Item
751 1453 793 1495 ex
810 1430 950 1495 decretis
967 1430 1113 1495 eiusdem
1129 1451 1214 1516 pape
1230 1429 1418 1494 BcnefaciI:
1443 1426 1555 1494 ΝιιΙΙί3
1570 1427 1705 1494 dubium
1721 1439 1780 1510 est,
1805 1439 1881 1509 qaod
1896 1439 1935 1492 ita
1950 1438 2078 1493 indiciam
2096 1456 2199 1493 nocens

544 1547 718 1620 subterfugit,
741 1548 983 1619 quemadmodum,
1005 1553 1037 1601 ut
1059 1546 1228 1616 absolvatur,
1251 1546 1299 1616 qui
1323 1551 1364 1600 est
1385 1545 1517 1600 innocens
1533 1545 1631 1617 querit.
1670 1544 1825 1600 Confitetur
1839 1546 1911 1599 enim
1934 1547 1970 1599 de
1986 1545 2110 1600 omnibus
2125 1546 2197 1617 quis·

545 1654 608 1725 quis
630 1672 659 1708 se
683 1654 875 1727 subterfugere
897 1654 1026 1708 indicium
1048 1652 1226 1708 dilationibus
1247 1658 1335 1723 putat.
2218 1666 2243 1704 ro

650 1751 734 1816 Item
752 1750 907 1833 eiusdem,
933 1751 1024 1828 cuius
1040 1772 1155 1836 supra:
1179 1748 1472 1814 Praecavendum⁴
1488 1758 1546 1830 est,
1562 1766 1603 1828 nt,
1618 1759 1640 1812 si
1656 1749 1729 1834 quis
1744 1760 1841 1814 adesse
1860 1759 2023 1831 neglexerit,
2038 1759 2197 1814 mationem

544 1869 678 1923 sententie
702 1870 737 1922 de
760 1868 887 1922 absentia
908 1885 964 1922 non
986 1869 1115 1936 lueretur,
1146 1856 1204 1921 sed
1228 1861 1306 1936 que⁵
1328 1867 1401 1920 male
1430 1866 1582 1936 pullulasse
1604 1873 1808 1920 noscuntur
1836 1866 1965 1920 radicitus
1992 1866 2149 1921 evellantur
2171 1875 2198 1920 ct

544 1965 767 2030 emendentur.

651 2072 706 2135 Ex
735 2071 875 2136 decretis
899 2070 1076 2136 Caelestini
1105 2093 1208 2157 pape:
1240 2073 1325 2134 Νοιι6
1347 2085 1423 2134 caret
1452 2070 1539 2133 enim
1569 2079 1718 2150 suspitione
1749 2070 1805 2156 qui
1832 2069 1875 2133 ad
1905 2069 2061 2135 iudicium
2085 2070 2197 2135 venire

545 2180 777 2265 contempserit
800 2189 832 2243 et
853 2179 988 2265 purgari
1012 2200 1046 2241 se
1071 2176 1242 2259 distulerit,
1267 2177 1345 2263 quia
1367 2177 1439 2263 ipsa
1462 2174 1611 2240 absentia
1633 2197 1693 2239 sua
1716 2186 1765 2240 est
1789 2174 2021 2263 comprobatio.
2060 2176 2199 2263 Insuper
2219 2201 2243 2241 rs

546 2301 701 2350 occurreret
730 2296 840 2364 veritas,
870 2296 892 2348 si
914 2295 1022 2348 falsitas
1048 2294 1222 2364 displiceret3
1252 2293 1349 2347 merito
1378 2310 1497 2363 namque
1527 2308 1612 2346 causa
1640 2309 1690 2347 nos
1717 2293 1837 2363 respicit,
1867 2294 1889 2346 ai
1919 2293 2026 2348 silentio
2057 2292 2199 2347 foveamus

547 2403 671 2457 errori.
709 2402 784 2474 Ergo
807 2402 987 2472 corripiantur
1010 2391 1066 2477 qui
1089 2390 1275 2455 huiusmodi
1298 2401 1372 2455 sunt
1395 2389 1500 2455 modis
1524 2386 1683 2471 omnibus,
1707 2399 1744 2453 ut
1766 2390 1887 2453 veritas
1912 2411 2023 2454 eorum
2047 2391 2197 2454 versutiis

544 2521 611 2563 non
631 2500 786 2585 sopiatur,
811 2497 870 2562 sed
892 2502 1004 2561 samta⁷
1023 2525 1116 2562 conam
1132 2507 1272 2561 cavillatio
1297 2497 1462 2584 aptissime
1487 2507 1519 2561 et
1543 2495 1722 2582 prudenter
1746 2494 1895 2562 omnibus
1918 2496 2144 2560 manifestetur
2166 2508 2198 2560 et

546 2605 736 2671 emendetur
759 2616 857 2692 atque
880 2606 1070 2669 restituatur
1093 2603 1181 2691 quod
1205 2615 1338 2668 actenus
1362 2601 1525 2667 occultum
1548 2614 1581 2668 et
1604 2602 1789 2687 neglectum
1812 2603 1883 2667 fuit.

652 2712 736 2776 Item
760 2721 951 2798 excerptum
976 2733 1019 2774 ex
1042 2710 1182 2775 decretis
1206 2731 1291 2796 pape
1307 2709 1507 2773 Innocentii:
1531 2715 1664 2774 Veritas⁸
1679 2719 1787 2790 saepius
1803 2711 1990 2774 examinata
2004 2720 2093 2792 magis
2108 2720 2198 2790 splen·
2216 2737 2243 2776 so

545 2829 632 2884 deecit
655 2818 697 2883 ad
720 2830 819 2899 lucem,
849 2834 878 2883 et
899 2828 1036 2899 pernicies
1057 2834 1187 2881 revocata
1209 2827 1238 2880 in
1260 2826 1389 2881 iudicium
1411 2825 1522 2896 gravim
1548 2826 1774 2896 condempnatur,
1803 2843 1867 2879 nam
1896 2826 2000 2880 frustm
2027 2827 2198 2882 divinasset

545 2937 676 2990 iustitiam
699 2935 790 3006 sapim
812 2911 950 2990 recenseri
973 2934 1006 2989 et
1029 2935 1138 2989 errata
1161 2926 1337 3009 corrigere,
1361 2921 1471 2987 ablata
1493 2931 1687 2987 restaurare.
1722 2927 1804 2987 Nec⁹
1826 2933 1915 2987 otiosa
1938 2944 2016 3008 ergo
2037 2911 2198 2988 Dominus

466 3073 469 3079 ·
545 3032 646 3098 iudex
669 3043 780 3097 noster
802 3042 832 3095 in
852 3041 932 3096 nobis
955 3058 1015 3096 esse
1037 3041 1141 3111 patitur
1164 3058 1218 3111 que
1242 3041 1406 3110 exercenda,
1428 3057 1483 3093 non
1504 3038 1672 3111 negligenda
1695 3039 1816 3093 donarit.

657 3236 686 3306 1)
713 3234 762 3308 Os.
788 3235 908 3306 Simeon,
933 3237 952 3291 l.
977 3237 994 3291 l.
1012 3255 1046 3311 p.
1065 3237 1105 3294 79
1116 3255 1178 3312 sqq.
1226 3235 1260 3291 P.
1287 3233 1440 3304 Foarnier,
1465 3232 1609 3291 ‘Nonoelle
1630 3253 1715 3291 revue
1738 3234 1889 3311 diemque
1912 3236 1946 3292 de
1969 3236 2045 3292 droit
2059 3235 2200 3311 frangeis

548 3352 574 3401 et
595 3343 744 3419 ἄναιμα)
769 3341 821 3398 XI
838 3336 955 3418 (1887),
973 3362 1008 3417 p.
1026 3344 1067 3401 78
1078 3362 1158 3419 sqq.;
1183 3320 1278 3398 dude
1299 3361 1350 3398 sur
1373 3341 1412 3397 les
1428 3340 1549 3411 somata
1572 3340 1733 3410 dicretales,
1759 3341 2013 3412 Manain'1907,
2033 3363 2066 3417 p.
2085 3345 2125 3401 75
2136 3362 2198 3419 sqq.
2217 3357 2243 3398 ss

547 3444 602 3525 (=
627 3449 733 3506 ‘Revue
756 3448 901 3506 dliamire
924 3448 1142 3524 ecclesiastique'
1176 3448 1240 3518 VII,
1266 3467 1301 3523 p.
1325 3449 1387 3506 776
1397 3442 1481 3523 sqq).
1594 3446 1625 3516 2)
1656 3447 1808 3520 Bonifatii
1837 3449 1954 3523 spannia
1983 3449 2025 3505 ad
2057 3449 2200 3525 episcopos

548 3554 680 3615 Galliae:
709 3596 716 3611 .
742 3598 749 3610 .
776 3597 783 3611 .
807 3556 987 3611 manifestum
1017 3563 1063 3612 est
1091 3555 1221 3611 confiteri
1252 3574 1316 3612 eum
1340 3556 1376 3611 de
1401 3555 1526 3623 crimine,
1557 3555 1605 3627 qui
1633 3556 1744 3610 indulto
1768 3564 1798 3611 et
1821 3557 1908 3612 toties
1938 3557 2073 3628 delegato
2096 3558 2199 3613 iudicio

546 3663 687 3736 purgandi
710 3680 741 3718 se
765 3663 912 3719 occasione
935 3680 991 3718 non
1014 3663 1114 3718 utitur.
1156 3662 1234 3717 Nihil
1257 3663 1332 3717 enim
1354 3662 1486 3728 interest,
1509 3669 1603 3716 utrum
1626 3662 1654 3715 in
1677 3663 1822 3733 praesenti
1847 3665 1974 3719 examine
1997 3665 2099 3744 omnia,
2124 3683 2198 3735 quae

548 3770 715 3837 dictasunt,
739 3771 967 3841 comprobentur,
992 3787 1054 3824 eum
1070 3770 1132 3841 ipsa
1148 3786 1262 3840 quoque
1278 3786 1329 3840 pro
1345 3769 1522 3824 confessione
1541 3774 1693 3839 procurata
1715 3770 1801 3824 toties
1824 3777 1936 3824 constet
1958 3771 2089 3826 absentia
2112 3763 2199 3838 (Call.

548 3895 687 3933 canonum
710 3874 822 3933 Isidoro
845 3874 1002 3951 adscripta,
1027 3874 1136 3952 Mipne,
1161 3874 1272 3932 Patrol.
1296 3876 1345 3931 lat.
1368 3873 1541 3944 LXXXIV,
1566 3877 1646 3943 680,·
1668 3873 1819 3946 Just-K.
1844 3895 1872 3931 n.
1888 3871 1974 3951 349).
2055 3876 2085 3946 3)
2108 3874 2198 3933 loia:
2219 3892 2245 3932 to

549 4024 556 4038 .
583 4024 589 4038 .
617 4023 624 4037 .
647 3982 741 4037 nullus
765 3983 887 4051 dubitat,
913 3984 987 4053 quod
1010 3982 1052 4036 ita
1073 3983 1208 4037 iudicium
1223 3999 1329 4038 nocens
1352 3981 1535 4054 subterfugit,
1560 3983 1804 4053 quemadmodum,
1829 3989 1861 4037 ut
1884 3984 2057 4051 absolvatur,
2082 3985 2130 4056 qui
2154 3993 2198 4040 est

547 4090 681 4145 innocens
712 4091 823 4161 quaerit
851 4079 1009 4165 (sequentia
1037 4108 1063 4146 v.
1092 4088 1177 4160 infra
1207 4107 1277 4146 man.
1302 4082 1346 4165 7)
1372 4131 1378 4144 .
1402 4130 1409 4144 .
1435 4131 1441 4144 .
1489 4086 1651 4144 Confitetur
1681 4089 1755 4144 enim
1786 4091 1822 4145 de
1853 4090 1981 4145 omnibus
2011 4092 2137 4163 quisquis
2167 4111 2198 4147 se

547 4196 747 4268 subterfugere
778 4196 912 4251 iudicium
943 4196 1124 4251 dilationibus
1153 4202 1238 4267 putat
1270 4187 1302 4269 (l.
1326 4196 1344 4251 l.
1372 4214 1403 4270 p.
1429 4189 1516 4271 677).
1630 4194 1661 4264 4)
1692 4194 1786 4252 Ibin.-
1817 4237 1825 4252 .
1851 4237 1858 4250 .
1885 4238 1892 4251 .
1923 4198 2099 4253 decrevimus
2124 4239 2131 4252 .
2157 4239 2164 4253 .
2190 4239 2198 4254 .

547 4303 714 4375 congregari
737 4304 875 4374 synodum
900 4344 907 4356 .
934 4343 941 4357 .
967 4343 992 4370 .‚
1024 4309 1066 4371 nt,
1097 4304 1120 4357 si
1143 4304 1245 4358 adesse
1268 4303 1401 4370 voluerit,
1425 4320 1572 4373 praeseus,
1603 4303 1625 4357 si
1650 4301 1776 4370 confidit,
1809 4304 1844 4358 ad
1874 4304 1987 4360 obiecta
2011 4306 2199 4377 respondeat;

547 4411 570 4464 si
593 4411 695 4464 adesse
719 4409 889 4481 neglexerit,
921 4409 1085 4465 dilationem
1114 4411 1276 4465 sententiae
1307 4427 1364 4465 non
1393 4413 1520 4465 lucretur
1542 4411 1579 4465 de
1603 4410 1734 4465 absentis
1764 4402 1796 4482 (l.
1820 4412 1838 4466 l.
1864 4430 1898 4486 p.
1923 4413 2047 4486 679sq,
2081 4411 2128 4468 abi
2155 4431 2198 4468 se·
2219 4425 2245 4464 ss

547 4525 670 4592 quantur
700 4535 773 4591 quae
801 4535 892 4591 supra
922 4519 1032 4575 ann.2
1062 4517 1230 4591 deprompta
1258 4510 1346 4591 sunt).
1445 4515 1475 4585 5)
1506 4515 1611 4572 Leonis
1633 4515 1658 4572 I.
1682 4516 1800 4591 epistola
1828 4518 1871 4574 ad
1890 4518 2035 4576 universos
2057 4518 2201 4593 epscopos

548 4642 571 4680 c.
594 4627 632 4682 2:
669 4663 676 4678 .
703 4664 710 4678 .
736 4665 743 4678 .
775 4630 806 4678 ιιι
838 4642 913 4695 quae
943 4624 1017 4679 male
1051 4622 1208 4695 pullulasse
1239 4624 1442 4695 dignoscuntur
1470 4623 1606 4678 radicitus
1634 4623 1795 4678 evellantur
1824 4632 1854 4679 et
1883 4643 2005 4681 messem
2035 4626 2198 4681 dominicam

546 4730 653 4785 zizania
682 4730 760 4784 nulla
790 4737 971 4801 corrumpant
1005 4721 1037 4802 (l.
1061 4730 1079 4785 l.
1105 4748 1138 4804 p.
1165 4731 1243 4797 762;
1276 4727 1379 4800 Jaffel·
1389 4729 1427 4785 K.
1449 4749 1478 4785 n.
1502 4721 1590 4805 402).
1689 4727 1719 4798 6)
1751 4727 1899 4787 Caelestini
1926 4730 2043 4806 spatula
2072 4733 2115 4789 ad
2142 4731 2200 4807 epi·

545 4855 645 4911 scopos
669 4834 785 4894 Galliae
808 4856 831 4892 c.
852 4839 886 4895 1,·
916 4836 950 4891 In
980 4836 1086 4891 talibus
1109 4837 1201 4891 causis
1224 4854 1280 4892 non
1303 4844 1382 4892 caret
1405 4837 1565 4908 suspicione
1588 4837 1776 4903 taciturnitas,
1807 4838 1875 4908 quis
1897 4847 2059 4894 occurreret
2083 4840 2198 4906 veritas,

546 4944 571 4998 si
599 4943 709 4998 falsitas
739 4943 922 5015 displiceret3
953 4944 1054 4998 merito
1083 4961 1205 5015 namque
1237 4960 1322 4998 causa
1350 4961 1401 4999 nos
1431 4943 1557 5015 respicit,
1589 4944 1612 4998 si
1636 4943 1749 4999 silentio
1776 4944 1921 5000 foveamus
1945 4964 2078 5002 errorem.
2125 4947 2200 5019 Ergo
2219 4963 2246 5002 lo

548 5050 734 5121 corripiantur
756 5050 914 5106 huiusmodi
938 5091 945 5104 .
972 5091 979 5105 .
1005 5092 1011 5104 .
1038 5041 1071 5125 (l.
1096 5050 1114 5105 l.
1140 5069 1174 5125 p.
1197 5052 1257 5108 681
1265 5071 1275 5118 ;
1308 5048 1412 5121 Jaffc'·
1422 5050 1459 5105 K.
1483 5069 1511 5106 n.
1529 5043 1613 5126 381).
1712 5050 1742 5120 l)
1765 5050 1917 5123 Bonifatii
1939 5051 2055 5128 epistola
2078 5054 2120 5110 ad
2141 5053 2199 5128 epi-

546 5175 645 5231 scopos
676 5153 800 5226 Galliae,
830 5164 899 5232 post
925 5156 1012 5214 verba
1043 5175 1134 5231 supra
1163 5155 1193 5213 in
1223 5155 1415 5213 onmnsbonis
1439 5159 1458 5215 3
1481 5157 1582 5232 prims
1606 5164 1695 5233 parte
1724 5158 1900 5233 deprompta,
1931 5159 1971 5215 ita
1995 5159 2109 5236 perpit:
2141 5159 2199 5215 Sed

547 5270 644 5319 astuta
666 5262 808 5317 cavillatio
833 5281 939 5330 eorum,
964 5265 1010 5334 qni
1033 5264 1155 5319 versutis
1178 5265 1320 5334 agendum
1343 5266 1465 5319 credunt
1489 5282 1552 5319 esse
1576 5264 1707 5331 consiliis,
1731 5282 1876 5336 nunquam
1896 5267 2073 5322 innocentiae
2098 5283 2199 5321 nomen

547 5370 668 5441 accipiet
693 5361 726 5442 (l.
743 5371 763 5425 l.
781 5389 816 5444 p.
834 5372 896 5428 677
900 5390 911 5438 ,⁰
940 5367 1090 5440 leffe-K.
1114 5365 1240 5446 a349).
1346 5369 1377 5439 8)
1399 5369 1560 5426 Innocentis
1577 5369 1602 5426 l.
1626 5369 1743 5445 epistola
1765 5371 1807 5427 ad
1828 5371 1971 5447 episcopos
1995 5371 2199 5429 Macedoniae:

549 5517 557 5532 .
583 5517 590 5530 .
617 5515 624 5530 .
648 5476 753 5532 veritas
785 5477 929 5547 exagitata
958 5477 1072 5548 saepius
1102 5477 1190 5548 magis
1221 5476 1397 5548 splendescit
1426 5476 1454 5531 in
1484 5476 1586 5544 lucem,
1619 5484 1648 5532 et
1680 5478 1822 5549 pernicies
1849 5485 1984 5535 revocata
2012 5479 2042 5534 in
2067 5479 2200 5535 iudicium
2218 5495 2246 5534 as

547 5583 659 5656 gravius
684 5590 714 5637 et
737 5584 797 5638 sine
821 5583 1000 5654 poenitentia
1022 5583 1243 5652 condemnatur,
1267 5601 1331 5638 narn
1354 5582 1464 5638 fructus
1488 5584 1597 5638 divinus
1617 5590 1661 5639 est
1676 5584 1808 5640 iustitiam
1824 5586 1938 5657 saepius
1952 5587 2096 5642 recenseri
2113 5627 2120 5641 .
2139 5627 2146 5641 .
2165 5627 2199 5641 ..

549 5681 581 5764 (l.
599 5689 617 5744 l.
634 5708 669 5763 p.
688 5691 766 5756 655,·
793 5687 941 5760 Jafft-K.
964 5709 993 5745 n.
1012 5681 1096 5764 304).
1188 5687 1220 5759 9)
1245 5687 1394 5746 Coelsrtint'
1415 5689 1531 5764 epbtoln
1554 5691 1596 5746 ad
1616 5709 1759 5766 episcopos
1783 5688 1899 5749 Galliae
1921 5712 1945 5749 e.
1963 5695 2019 5752 12.-
2044 5711 2200 5749 ....nec

547 5797 637 5851 otiosa
667 5796 696 5849 in
724 5795 805 5851 nobis
836 5813 898 5851 esse
929 5797 1038 5867 patitur
1067 5793 1136 5866 (scil
1167 5796 1279 5851 bonitas
1303 5795 1370 5864 Dei)
1402 5814 1474 5867 quae
1499 5798 1670 5865 exercenda,
1700 5815 1756 5853 non
1778 5798 1952 5872 negligenda
1978 5800 2093 5856 donavit
2123 5791 2156 5874 (l.
2179 5800 2199 5856 l.

543 5921 576 5976 p.
595 5905 674 5970 686;
703 5900 854 5972 Jaffe-K.
878 5922 907 5959 n.
924 5895 1009 5979 381).
