4884 6717
539 523 604 586 600
849 569 853 577 ι
1119 527 1171 583 50.
1207 526 1395 582 CONCILIA
1418 527 1516 582 ANNI
1539 525 1613 581 829.

644 715 727 781 Item
752 713 1042 794 consideravimus,
1074 726 1109 778 ut
1139 716 1254 777 missos
1277 725 1405 778 nostros
1429 736 1488 800 per
1510 714 1698 777 universum
1721 735 1857 798 regnum
1882 723 2025 776 nestrum
2050 713 2191 777 mittere·

538 846 620 904 mus,
646 824 701 909 qui
726 822 766 886 de
791 821 940 887 omnibus
965 822 1083 903 causis,
1114 843 1199 907 quae
1231 819 1274 883 ad
1305 822 1539 885 correctionem
1570 820 1732 905 pertinere
1761 818 1959 900 viderentur,
1991 829 2112 904 quanto
2135 842 2191 906 po·

538 930 675 993 tuissent
709 929 833 1009 studio,
870 928 1076 993 decertarent
1109 938 1142 990 et
1176 925 1332 1013 quicquid
1365 925 1519 1013 possibile
1549 926 1733 990 invenirent
1767 948 1826 1011 per
1859 926 2050 1011 semetipsos
2080 937 2192 989 nostra

539 1036 733 1100 auctoritate
759 1037 959 1121 corrigerent
983 1047 1024 1114 et,
1050 1035 1078 1098 si
1101 1032 1211 1120 aliqua
1236 1033 1410 1098 difficultas
1435 1035 1467 1097 in
1492 1031 1637 1119 qualibet
1660 1055 1694 1096 re
1720 1033 1767 1096 eis
1784 1031 1965 1112 obsisteret,
1990 1031 2033 1096 ad
2048 1043 2190 1097 nostram

537 1143 685 1208 notitiam
717 1141 845 1206 deferre
877 1151 1039 1205 curarent.
1095 1139 1304 1227 Quapropter
1333 1139 1492 1222 volumus,
1523 1151 1559 1203 ut
1588 1161 1647 1203 vos
1679 1161 1790 1203 omnes
1820 1153 1953 1225 propter
1987 1161 2224 1204 communems

699 1401 919 1454 Christianorum
953 1407 982 1454 et
1015 1398 1233 1453 interfectiones
1267 1416 1409 1453 servorum
1444 1398 1501 1453 Dei
1536 1399 1678 1453 audenter
1709 1404 1738 1452 et
1769 1398 1885 1469 inpune,
1920 1399 2002 1453 immo
2037 1398 2192 1453 crudeliter

698 1508 840 1562 fecerunt.
888 1506 992 1577 Agitur
1015 1505 1153 1575 siquidem
1178 1506 1252 1558 iusto
1276 1506 1379 1560 indicio
1402 1505 1468 1570 Dei,
1500 1512 1541 1572 ut,
1567 1505 1641 1576 vqnia
1664 1505 1691 1559 in
1716 1505 1824 1559 ermetis
1848 1505 2048 1576 delinquimus,
2072 1506 2191 1560 interius

698 1614 779 1668 simul
803 1621 833 1668 et
858 1614 982 1668 exterius
1005 1612 1192 1684 flagellemur.
1229 1610 1381 1667 Beneficiis
1399 1612 1505 1683 quippe
1522 1613 1578 1667 Dei
1595 1612 1745 1667 evidenter
1762 1612 1906 1666 existimus
1922 1612 2035 1683 ingrati,
2060 1613 2191 1683 quoniam

698 1722 741 1774 lris
764 1738 821 1774 non
844 1720 880 1774 ad
904 1720 1080 1774 voluntatem
1096 1719 1162 1784 Dei,
1187 1720 1238 1773 sed
1263 1720 1299 1773 ad
1322 1718 1433 1773 libitum
1456 1724 1580 1773 nostrum
1605 1719 1746 1774 carnalem
1769 1719 1812 1772 uti
1835 1719 2009 1785 invenimur3
2034 1727 2064 1773 et
2087 1719 2191 1773 idcireo

698 1828 799 1882 merito
829 1834 977 1881 creaturae
1001 1827 1058 1880 Dei
1089 1826 1169 1880 nobis
1199 1826 1334 1880 divinitus
1365 1843 1499 1880 concesse
1529 1844 1581 1896 pro
1604 1826 1668 1880 Dee
1700 1833 1798 1880 contra
1827 1842 1878 1878 nos
1908 1826 2033 1896 ingratos
2063 1832 2191 1896 pugnant
2211 1838 2237 1876 ro

699 1937 778 1989 iuxta
801 1933 887 1987 illud:
913 1931 1056 2008 Pugnabit
1080 1951 1138 2007 pro
1162 1953 1193 1988 eo
1216 1931 1291 1988 orbis
1320 1939 1462 1987 terrarum
1486 1939 1585 1987 eontra
1608 1930 1776 1988 insensatos.
1816 1931 1924 1986 Verum
1947 1932 2013 2002 quia
2036 1938 2079 1986 tot
2102 1932 2191 1985 modis

698 2059 831 2096 vexamur
849 2047 936 2110 atque
956 2041 1138 2111 percutimur,
1163 2040 1199 2093 ad
1220 2058 1295 2106 eum,
1319 2057 1337 2094 a
1355 2055 1412 2109 quo
1426 2038 1609 2109 percutimur,
1635 2038 1796 2092 totocorde
1813 2038 1927 2108 dignum
1942 2039 2191 2110 necessariumque

700 2156 744 2203 est
760 2156 791 2201 ut
806 2155 992 2214 revertamur,
1010 2153 1151 2216 quatenus
1167 2146 1236 2200 illud
1252 2146 1448 2217 propheticum
1465 2145 1492 2198 in
1509 2145 1590 2200 nobis
1605 2144 1767 2216 impleatur,
1785 2162 1840 2216 quo
1856 2145 1974 2199 dicitur:
1996 2143 2065 2201 Sola
2080 2145 2192 2201 venado

698 2253 863 2310 intellectum
880 2252 957 2308 dabir
970 2252 1087 2308 audaci.
1124 2251 1181 2308 Sed
1199 2253 1264 2323 quia
1278 2253 1341 2324 pius
1359 2258 1388 2306 et
1405 2252 1529 2306 clemens
1545 2252 1680 2307 Dominus
1696 2252 1736 2306 sic
1752 2252 1843 2322 ipsum
1858 2251 2003 2324 flagellum
2017 2253 2190 2317 moderatur,

699 2370 730 2415 ut
754 2378 809 2415 non
832 2362 868 2414 ad
893 2360 1048 2426 interitum,
1080 2360 1131 2414 sed
1156 2360 1250 2430 potius
1274 2360 1309 2414 ad
1334 2359 1537 2413 correctionem
1560 2367 1680 2414 nostram
1704 2359 1809 2415 inferre
1832 2360 1973 2426 videatur,
2002 2359 2139 2414 debemus
2162 2360 2191 2413 in
2210 2368 2237 2408 rt

699 2477 854 2539 conspectu
886 2468 946 2522 eius
975 2468 1116 2522 veraciter
1144 2466 1284 2521 harniliari
1315 2472 1344 2520 et
1375 2464 1477 2520 faciem
1507 2465 1581 2520 illius
1612 2466 1639 2519 iu
1671 2465 1849 2521 confessione
1876 2465 2044 2536 praevenire
2073 2466 2191 2536 eiusque

699 2577 837 2647 pietatem
856 2575 951 2646 pronis
970 2574 1111 2629 mentibus
1130 2591 1258 2640 exorare,
1282 2581 1313 2626 ut
1333 2573 1380 2644 qui
1399 2572 1469 2628 fecit
1488 2591 1539 2626 nes
1558 2573 1709 2627 iustissima
1727 2573 1938 2644 dispensatione
1955 2571 2070 2643 flagella
2085 2573 2191 2627 sentire

699 2682 785 2737 faciat
810 2683 890 2737 nobis
908 2689 1027 2752 peccata
1044 2688 1150 2746 nostra,
1174 2698 1227 2751 pro
1246 2680 1348 2750 quibus
1367 2680 1440 2734 iuste
1460 2680 1495 2734 alr
1516 2697 1549 2734 eo
1569 2679 1753 2750 flagellamur,
1778 2697 1949 2750 cognoscere
1974 2686 2014 2746 et,
2038 2680 2067 2732 in
2091 2679 2192 2750 quibus

698 2790 817 2844 maxime
848 2788 926 2843 illurn
956 2788 1123 2842 offendimus
1155 2794 1183 2842 et
1215 2788 1284 2841 iram
1307 2786 1382 2840 illius
1405 2787 1627 2857 provocavimus,
1657 2786 1832 2841 rnanifestius
1856 2785 2037 2857 intellegere,
2061 2793 2093 2839 ut
2116 2792 2191 2857 post,

700 2915 734 2952 eo
758 2898 922 2960 miserante,
946 2911 1034 2964 prava
1057 2893 1218 2949 deserendo
1243 2900 1272 2948 et
1295 2893 1473 2962 corrigendo,
1505 2892 1581 2946 bona
1612 2893 1697 2946 etiam
1721 2893 1857 2946 sectando
1882 2901 1911 2948 et
1935 2900 1996 2948 tota
2019 2911 2080 2947 cnm
2104 2892 2192 2947 devo·
2212 2902 2238 2940 se

699 3004 776 3058 tione
801 3003 996 3072 exsequendo,
1020 3000 1164 3056 valeamus
1187 3019 1241 3071 per
1264 2999 1389 3070 spiritum
1413 2999 1578 3053 humilitatis
1603 3006 1633 3053 et
1649 3000 1769 3053 animam
1785 3000 1933 3054 contritam
1949 2998 2113 3054 sacrificinm
2128 2998 2193 3054 Deo

700 3109 827 3164 debitum
851 3108 953 3163 offerre
978 3108 1103 3178 iramque
1128 3106 1202 3161 illius
1227 3106 1426 3178 indignationis
1451 3106 1573 3161 evadere
1598 3115 1629 3160 et
1652 3123 1705 3177 per
1728 3107 1840 3177 diguam
1856 3123 2065 3177 congruamque
2082 3123 2193 3160 correc-

699 3216 803 3270 tionem
828 3222 857 3270 et
881 3215 1017 3269 bonorum
1040 3233 1156 3285 opernm
1181 3213 1380 3268 exhibitionem
1404 3213 1521 3284 gratiam
1546 3213 1607 3266 eius
1630 3213 1851 3283 propiciationis,
1883 3213 1950 3267 licet
1977 3213 2095 3284 indigni,
2127 3231 2192 3283 pro·

699 3323 811 3377 mereri.
858 3321 898 3375 At
928 3322 994 3393 quia
1023 3338 1074 3375 nos
1097 3321 1185 3392 magis
1209 3321 1237 3373 in
1261 3320 1313 3374 hoc
1337 3337 1471 3390 peccasse
1503 3319 1706 3391 cognoscimus,
1738 3320 1787 3390 qui
1817 3320 1907 3374 forma
1936 3320 2035 3374 salutis
2065 3319 2193 3373 omnibus

701 3447 764 3484 esse
789 3429 938 3483 debuimus
963 3435 993 3482 et
1016 3428 1136 3481 omnium
1160 3446 1255 3482 curam
1279 3444 1380 3499 gerere
1407 3434 1437 3480 et
1460 3443 1512 3496 per
1536 3425 1733 3480 auctoritatem
1757 3426 1930 3497 imperialem
1953 3444 2101 3497 pravorum
2117 3434 2192 3492 acta,
2211 3435 2238 3474 ro

699 3555 735 3591 ne
760 3543 869 3590 tanturn
894 3537 1106 3600 adcrescerent,
1131 3535 1284 3605 corrigere,
1309 3533 1437 3604 cupimus
1455 3532 1575 3587 Domino
1598 3532 1680 3586 nobis
1703 3533 1825 3604 propitio
1848 3534 1877 3586 in
1901 3541 2054 3604 conspectu
2077 3533 2193 3604 pietatis

700 3644 773 3697 illius
797 3661 850 3714 pcr
873 3643 985 3713 dignam
1010 3641 1232 3696 satisfactionem
1261 3640 1373 3694 veniam
1404 3639 1521 3710 adipisci
1553 3645 1582 3694 et
1604 3657 1657 3709 per
1686 3640 1896 3694 saluberrimam
1920 3639 2123 3695 correctionem
2146 3637 2194 3693 vel

700 3768 752 3821 per
778 3751 883 3805 bonurn
910 3749 1035 3802 studium
1059 3749 1135 3818 quod
1158 3755 1255 3801 nestra
1278 3746 1388 3802 desidia
1412 3754 1441 3801 et
1464 3746 1622 3817 ignorantia
1645 3745 1784 3799 hactenns
1807 3748 1971 3817 neglectum
1995 3755 2039 3800 est
2064 3744 2193 3799 consultu

700 3855 825 3911 fidelium
849 3863 978 3926 ternpore
1002 3863 1151 3925 oportuno,
1176 3860 1313 3924 quantum
1338 3854 1366 3906 in
1389 3853 1470 3907 nobis
1495 3859 1549 3920 est,
1574 3852 1777 3907 studiosissime
1795 3854 1946 3907 emendare
1964 3859 1993 3907 et
2016 3862 2141 3906 nostram
2165 3852 2192 3905 in

699 3963 752 4018 lroe
776 3962 950 4018 voluntatem
974 3962 1102 4014 omnibus
1125 3960 1303 4015 manifestam
1327 3960 1434 4014 lacere.
2212 3971 2239 4009 so

808 4067 990 4140 Quapropter
1019 4067 1166 4122 statuimus
1197 4073 1282 4136 atque
1314 4067 1491 4120 decrevimus
1518 4084 1580 4119 cnm
1611 4066 1743 4122 consultu
1770 4067 1949 4121 sacerdotum
1978 4073 2192 4137 ceterorumque

699 4175 827 4230 fidelium
850 4183 1007 4229 nostrorum
1030 4174 1113 4227 huius
1132 4174 1173 4228 rei
1193 4174 1295 4245 gratia
1320 4174 1356 4226 ob
1379 4172 1549 4243 placandum
1573 4173 1682 4227 scilicet
1706 4179 1805 4226 eontra
1827 4190 1878 4225 nos
1896 4173 2033 4243 uobisque
2049 4172 2192 4227 subiectos

700 4283 813 4338 Domini
838 4282 972 4347 furorem,
996 4288 1153 4334 conventus
1177 4280 1332 4334 eorundem
1356 4281 1550 4350 episcoporum
1574 4279 1602 4333 in
1626 4285 1759 4350 quattuor
1789 4278 1899 4350 imperii
1922 4279 2009 4333 nostri
2032 4280 2101 4333 loeis
2125 4296 2191 4334 cou-

699 4389 896 4463 grucntissime
920 4388 992 4456 ficri,
1023 4382 1132 4459 prim0¹
1157 4386 1267 4441 scilicet
1291 4387 1317 4439 in
1342 4387 1571 4458 Mogontiacensi
1594 4387 1674 4452 urbe,
1708 4387 1755 4440 ubi
1787 4385 1956 4440 conveniant
1985 4385 2192 4457 metropolitani

701 4491 888 4569 Autgariusl,
913 4491 1113 4560 Adubaldus3,
1139 4489 1260 4560 Hetlri⁴,
1285 4488 1468 4547 Bernuinus⁵
1491 4512 1552 4546 eum
1575 4492 1760 4564 suffragancis
1784 4493 1857 4558 suis3
1882 4493 2007 4547 secundo
2027 4509 2141 4563 quoque
2164 4493 2192 4546 in
2211 4504 2238 4544 so

700 4604 868 4658 Parisiorum
899 4602 978 4668 urbe,
1011 4602 1059 4655 ubi
1089 4600 1201 4655 suturas
1234 4601 1353 4655 antistes
1385 4594 1563 4654 Senonicus⁶
1587 4607 1616 4654 et
1640 4594 1753 4666 Ebbol,
1785 4593 2013 4670 Rangnoardus⁸
2043 4606 2072 4653 et
2095 4599 2191 4652 Land-

700 4707 835 4764 ramnusl
858 4708 1065 4780 metropolitani
1088 4726 1151 4762 curn
1174 4707 1360 4778 suffraganeis
1391 4708 1448 4761 suis
1479 4707 1666 4774 conveniant3
1699 4706 1785 4761 tertie
1812 4724 1879 4761 vero
1910 4707 1987 4777 apud
2011 4706 2191 4778 Lugdunum,

646 4923 662 4971 3
681 4936 730 4985 per
748 4913 919 4982 semetipsos}
939 4915 1127 4982 presentaliter
1146 4915 1171 4966 B
1182 4921 1205 4965 1.
1298 4918 1313 4965 o
1333 4916 1531 4966 interfectionis
1553 4916 1579 4964 Γ.
1670 4915 1803 4965 audenter
1822 4920 1848 4965 et
1866 4909 1985 4980 impune]
2007 4915 2147 4965 audientes
2167 4921 2193 4965 et

538 5011 657 5075 inpane
678 5010 705 5059 Γ.
778 5002 888 5071 lquia]
907 5009 953 5072 qui
972 5006 1004 5057 P.
1024 5005 1079 5056 Sa
1153 5007 1184 5055 21
1206 5005 1367 5070 exequendo
1388 5003 1444 5054 St).
1518 5006 1551 5054 24
1571 4999 1703 5067 debitum]
1726 5002 1831 5054 libitum
1853 5004 1879 5057 Γ.
1947 5005 1980 5054 25
1997 5019 2141 5068 pravarum
2161 5003 2191 5053 P.

540 5100 573 5149 26
593 5091 795 5160 adcrescerent]
815 5095 1003 5147 adolescerent
1022 5095 1077 5145 Sa
1146 5097 1176 5144 31
1200 5092 1353 5143 consultum
1373 5091 1403 5142 P.
1471 5101 1623 5144 ceterorum
1642 5093 1702 5142 Ba.
1767 5093 1801 5142 34
1820 5092 2038 5156 Mogontiaecnsi
2056 5091 2116 5142 Ba
2137 5090 2191 5142 Sa.
2211 5095 2238 5134 4⁰

540 5182 749 5253 metropolitani]
772 5186 973 5251 archiepiscopi
993 5183 1023 5234 P.
1043 5183 1069 5233 B
1079 5187 1102 5233 2.
1164 5185 1196 5232 35
1217 5176 1389 5244 adubaldus]
1410 5181 1590 5232 Hadubsldus
1609 5181 1671 5231 Ba.
1691 5180 1747 5231 Sa
1811 5176 1903 5244 Hethi]
1923 5181 1967 5230 Hi.
1987 5180 2015 5230 Γ.
2069 5180 2191 5231 secundo

540 5277 774 5327 -Landramnus
793 5273 992 5340 metropolitani
1010 5267 1432 5336 cumsuffraganeisauis(l.3r')
1450 5270 1540 5321 desum
1557 5270 1588 5320 P.
1644 5273 1678 5321 36
1698 5269 1949 5336 Ragnoardusle.
1964 5269 2018 5320 Sa.
2073 5270 2192 5321 Landra·

540 5382 591 5416 nus
611 5365 633 5416 S
642 5369 666 5415 2.
741 5367 775 5415 39
795 5362 998 5429 metropolitani
1015 5362 1081 5412 deest
1100 5361 1125 5411 B
1136 5365 1160 5410 2.

650 5546 678 5615 1)
706 5546 836 5622 Epistola
859 5545 1030 5620 interpolato
1054 5541 1119 5598 inde
1134 5561 1220 5617 esque
1243 5540 1380 5618 adfinem
1400 5540 1501 5616 repetit
1515 5540 1566 5598 etri
1588 5560 1645 5597 non
1668 5540 1762 5597 errroiu
1786 5541 1881 5610 verbm
1905 5542 1957 5598 sed
1970 5550 2043 5597 certe
2057 5561 2193 5598 curaturam

540 5653 740 5710 constitutionis
763 5655 797 5709 de
820 5651 1011 5727 cpiscoporum
1036 5647 1220 5717 coeredibus,
1244 5667 1335 5723 supra
1352 5667 1385 5723 p.
1402 5651 1464 5706 596
1488 5648 1505 5703 l.
1524 5650 1562 5706 34
1580 5678 1622 5685 -
1637 5667 1669 5722 p.
1686 5649 1748 5706 597
1771 5648 1855 5706 a15.
1947 5647 1976 5717 2)
2002 5647 2193 5724 Mopuntinus.
2211 5663 2238 5703 st

542 5759 572 5828 3)
599 5757 779 5817 Coloniam.
870 5759 900 5826 4)
932 5754 1117 5812 Treuereasis.
1209 5753 1240 5823 5)
1264 5753 1455 5810 Vesontierrsis.
1547 5753 1578 5824 6)
1600 5753 1631 5809 V.
1655 5773 1727 5829 quae
1745 5773 1777 5828 p.
1794 5757 1856 5812 597
1879 5755 1955 5812 aa?
1965 5774 2006 5829 sq.
2032 5755 2194 5812 monuimus.

546 5866 577 5935 l)
601 5865 755 5923 [latreusis.
847 5865 877 5933 8)
903 5861 1124 5939 Retonrupcnst's.
1216 5859 1248 5928 9)
1280 5860 1457 5917 Turonensis.
