4884 6717
450 559 503 617 55.
539 555 758 617 CONCILIUM
782 559 838 615 ΑΙ)
861 557 1265 616 rnaonortls-VILLAM
1288 557 1592 617 concatenatur
1615 559 1652 616 Α.
1673 557 1747 616 832.
1862 551 1927 616 697

269 748 466 834 propriaque
501 747 678 833 scriptione
713 746 908 811 confirmans
950 767 1022 811 sese
1064 746 1208 810 omnium
1250 768 1411 812 consensu
1445 758 1542 832 atque
1577 745 1699 811 iudicio
1734 745 1777 810 ab
1811 745 1927 811 eodem

269 854 449 918 ministerio
472 853 615 918 reddidit
638 852 798 935 ahenum
823 855 868 941 ef.
894 856 987 918 etiam
1016 853 1163 940 Tbepans'
1183 857 1249 919 uita
1271 854 1460 918 Hludeteiei
1479 879 1504 918 c.
1522 862 1576 933 56,
1599 854 1679 918 MG.
1706 853 1765 918 SS.
1783 853 1831 932 II,
1849 864 1925 922 ⁶00.

376 961 510 1026 Accedit
530 962 663 1047 epistola
685 959 804 1048 synodi
828 960 1032 1024 Tricassinee
1056 961 1116 1048 (cf.
1141 960 1257 1024 ‘Neues
1272 959 1409 1025 Arcds’o’
1425 959 1555 1039 XXVI,
1573 965 1653 1045 638)
1677 964 1759 1025 uani
1780 969 1857 1027 867.
1882 961 1930 1025 ad

269 1067 440 1132 Nicetium
464 1068 491 1131 I.
513 1091 645 1154 papam,
673 1069 732 1132 ubi
760 1069 805 1131 ita
836 1066 874 1131 de
903 1065 1097 1132 Hludewt‘eo
1128 1069 1316 1153 imperatore
1345 1081 1437 1153 atqae
1466 1067 1574 1132 Elone
1605 1070 1772 1154 exponitur
1802 1067 1931 1149 (Massi

237 1207 252 1247 s
269 1173 306 1238 X
313 1174 346 1255 V,
365 1181 443 1253 792,
467 1187 607 1260 respecta
626 1174 754 1238 leca'one
771 1173 891 1237 cedebas
906 1172 1132 1238 Loaduaeass's
1147 1182 1216 1240 407
1233 1197 1314 1238 saec.
1331 1172 1392 1237 IX.
1406 1197 1452 1237 ea.
1470 1174 1538 1261 fol.
1556 1182 1617 1241 151
1630 1175 1733 1260 aqq.).·
1757 1173 1925 1258 (Eboaem)

269 1302 328 1366 per
352 1279 535 1344 Rothadum
558 1279 812 1365 eoepiscopum¹
834 1301 928 1342 suum
952 1288 985 1342 et
1011 1300 1072 1365 per
1094 1277 1375 1361 Erchenradum²,
1406 1279 1440 1342 in
1471 1279 1563 1343 cuius
1594 1279 1735 1345 ecclesia
1764 1279 1925 1360 latitabat,

269 1385 328 1451 sed
351 1396 384 1451 et
406 1407 466 1472 per
489 1385 569 1450 alios
592 1406 667 1450 suos
690 1384 804 1448 fideles
829 1432 836 1447 .
862 1432 870 1448 .
895 1432 903 1448 .
928 1384 971 1449 ad
994 1404 1030 1449 se
1047 1386 1244 1471 imperator⁸
1267 1384 1328 1450 sub
1345 1384 1494 1449 custodia
1509 1383 1628 1450 deduci
1646 1387 1803 1473 precepit,
1827 1409 1925 1473 quem

268 1494 302 1557 in
325 1495 523 1558 monasterio
546 1494 650 1557 sancti
674 1490 867 1556 Bonefscii⁴
890 1513 993 1577 usque
1017 1490 1060 1555 ad
1083 1502 1211 1576 tempus
1240 1490 1357 1577 synodi
1388 1492 1512 1555 servari
1542 1493 1699 1578 precepit.
1746 1492 1800 1558 Ad
1827 1517 1925 1579 quam

269 1622 354 1664 anno
377 1600 609 1664 incarnationis
632 1597 816 1663 dominicae
839 1595 1108 1662 DCCCXXXV.
1132 1618 1257 1678 omnes,
1284 1598 1340 1683 qni
1371 1607 1604 1678 convenerunt,
1637 1599 1784 1685 episcopi
1814 1599 1925 1685 singil-

226 1739 251 1779 ιο
268 1706 358 1771 latim
381 1705 508 1771 libellos
532 1706 572 1770 de
596 1706 800 1771 restitutione
831 1704 1036 1790 imperatoris
1067 1705 1232 1768 communi
1262 1702 1398 1768 consilio
1428 1715 1526 1791 atque
1556 1725 1718 1769 consensu
1741 1704 1924 1786 ediderunt,

269 1836 351 1901 quos
381 1814 414 1877 in
446 1834 563 1899 corpus
593 1812 688 1888 unius
718 1810 892 1875 voluminis
927 1809 1021 1874 nobis
1052 1811 1174 1874 ostensi
1204 1820 1377 1897 congestos
1407 1811 1549 1897 propriis
1579 1808 1730 1875 manibus
1761 1810 1924 1899 subscrip·

268 1931 389 2000 serunt,
414 1941 488 1984 cum
512 1917 630 2006 quibus
654 1929 686 1983 et
709 1917 782 1982 Ebc
806 1915 952 1982 libellum
976 1938 1074 1982 manu
1097 1939 1156 1980 sua
1179 1918 1371 1983 auctoritate
1403 1916 1674 2004 archiepiscopali
1706 1915 1923 2005 subscriptum

269 2025 381 2105 edidit,
405 2029 440 2090 in
463 2048 527 2112 quo
551 2025 715 2112 professus
739 2025 801 2089 fuit
824 2022 982 2110 quiequid
1004 2024 1037 2086 in
1061 2024 1163 2110 ipsius
1187 2024 1392 2110 imperatoris
1423 2023 1678 2089 dehonoratione
1708 2034 1807 2111 atque
1830 2026 1924 2111 regni

269 2135 452 2220 privatione
476 2131 710 2197 contumeliose
734 2143 861 2217 gestum
885 2130 992 2194 iuerat
1014 2151 1076 2193 nec
1100 2131 1258 2195 canonice
1281 2152 1343 2195 nee
1359 2130 1443 2194 iuste
1459 2130 1581 2195 factum
1597 2130 1716 2214 fnisse3
1741 2143 1923 2197 ceterorum

224 2272 250 2311 rs
268 2241 366 2304 etiarn
390 2240 628 2326 episcoporum,
660 2238 716 2326 qui
746 2237 789 2302 ad
812 2235 953 2302 eundem
984 2246 1180 2301 conventum
1204 2234 1442 2318 confluxerant,
1465 2235 1567 2301 libelli
1591 2236 1632 2301 de
1657 2236 1794 2303 obiectis
1817 2239 1924 2303 crimi-

268 2345 363 2411 nibus
387 2348 421 2411 in
443 2348 672 2432 imperatorem
698 2344 865 2431 compilati
888 2364 952 2407 non
976 2353 1095 2408 tacent
1142 2342 1187 2407 Et
1215 2354 1289 2430 post
1317 2341 1410 2408 datos
1434 2341 1561 2408 libellos
1584 2345 1753 2409 venientes
1777 2346 1923 2432 episcopi

268 2476 343 2518 cum
365 2453 561 2539 imperatore
585 2463 617 2516 et
641 2474 739 2538 quarn
762 2449 911 2538 plurimis
935 2451 1005 2514 eius
1028 2448 1219 2537 proceribus
1243 2461 1341 2535 atque
1363 2448 1516 2515 fidelibus
1531 2451 1565 2514 in
1582 2449 1696 2515 urbem
1713 2450 1923 2516 Mettensium

268 2562 300 2624 in
324 2559 461 2624 basilica
482 2557 571 2624 beati
595 2557 753 2645 Stephani
775 2558 862 2622 inter
884 2555 958 2638 alia,
990 2579 1074 2644 quse
1105 2567 1183 2621 tune
1206 2555 1252 2620 ibi
1276 2556 1367 2620 fuere
1392 2567 1476 2638 acta,
1507 2555 1581 2621 Ebo
1612 2555 1743 2643 publice
1773 2569 1840 2623 tam
1863 2580 1923 2644 pro

267 2668 471 2753 imperatoris
495 2664 657 2751 placanda
680 2663 804 2728 offensa
829 2686 926 2750 quam
942 2686 1001 2750 pro
1017 2663 1123 2748 gratia
1139 2663 1208 2727 eius
1224 2662 1451 2749 recuperanda
1466 2673 1499 2727 et
1514 2684 1574 2727 sua
1589 2664 1708 2729 iniuria
1724 2664 1923 2729 removenda

222 2806 250 2846 ω
268 2772 429 2859 quaedam
452 2774 558 2836 minus
582 2783 686 2852 caute,
718 2790 776 2856 pro
800 2771 851 2834 sui
874 2780 984 2833 tamen
1008 2771 1185 2856 ereptione,
1212 2771 1246 2833 in
1270 2770 1474 2855 imperatoris
1497 2769 1727 2836 iustificatione
1751 2782 1784 2836 et
1806 2772 1840 2835 in
1863 2794 1924 2836 sua

268 2879 475 2945 denotatione
499 2877 731 2965 pronuntiavit
774 2876 923 2962 indeque
948 2875 989 2940 sd
1006 2875 1171 2940 Teodonis
1190 2874 1289 2940 villae
1312 2875 1469 2962 palatium
1491 2898 1565 2940 curn
1589 2876 1708 2963 quibus
1732 2888 1923 2964 perrexerat

268 2988 462 3072 imperatore
486 3008 646 3070 regresso,
678 2985 712 3048 in
743 2984 972 3071 episcoporum
1002 2982 1127 3070 synodo
1151 2981 1224 3046 Ebo
1254 3004 1389 3068 presens
1413 2980 1455 3046 ab
1478 2983 1673 3069 imperatore
1696 2995 1848 3070 presente
1873 2995 1923 3049 est

267 3103 449 3173 aecusatus,
481 3091 568 3179 quod
599 3114 673 3156 eum
703 3089 785 3155 falso
816 3090 923 3156 fuerat
952 3089 1141 3153 criminatus
1165 3100 1199 3153 et
1221 3088 1345 3153 eisdem
1369 3087 1459 3153 falsis
1483 3088 1674 3154 criminibus
1696 3091 1878 3177 impetitum
1902 3114 1923 3156 a

267 3221 368 3285 regno
392 3198 558 3264 deiecerat
587 3220 742 3285 armaque
772 3195 815 3261 ab
847 3219 885 3261 eo
916 3193 1026 3260 ablata
1055 3217 1117 3260 nec
1148 3195 1331 3260 confessum
1359 3218 1422 3260 nec
1446 3197 1631 3261 convictum
1656 3207 1768 3261 contra
1791 3197 1923 3284 regulas

222 3338 249 3379 ,s
268 3306 507 3371 ecclesiasticas
542 3303 584 3369 ab
619 3304 780 3369 ecclesiae
815 3303 906 3368 aditu
941 3326 981 3369 ac
1016 3302 1274 3367 Christianorum
1309 3303 1465 3367 societate
1501 3302 1733 3368 eliminaverat
1787 3305 1826 3368 ln
1857 3326 1921 3390 quo

266 3412 528 3477 molestissimum
552 3413 585 3475 in
609 3434 644 3475 se
668 3413 811 3476 sentiens
835 3412 1065 3497 imperatorem
1082 3410 1175 3495 petiit
1190 3407 1264 3472 Ebo
1281 3431 1456 3492 secessum,
1481 3412 1633 3496 quatinus
1649 3411 1719 3474 sine
1735 3412 1922 3497 praesentia

267 3520 470 3606 imperatoris
489 3518 604 3584 liceret
626 3518 656 3582 ei
680 3519 714 3581 in
738 3517 863 3604 synodo
888 3517 1114 3603 episcoporum
1139 3537 1231 3580 suam
1255 3537 1353 3601 agere
1378 3537 1521 3581 cansam.
1558 3515 1655 3597 Quod
1671 3515 1821 3581 obtinens
1845 3539 1922 3581 con·

266 3627 397 3691 vocavit
426 3625 469 3690 ad
499 3648 534 3690 se
565 3623 724 3712 quosdam
755 3625 927 3711 episcopos
951 3635 1118 3687 eteorum
1142 3644 1219 3686 usus
1250 3622 1395 3704 consilia,
1426 3633 1463 3687 ut
1485 3634 1518 3688 et
1540 3625 1610 3710 ipse
1634 3622 1844 3710 obprobrium
1867 3623 1920 3688 vel

266 3731 447 3819 periculum
470 3733 642 3796 imminens
666 3731 708 3796 de
732 3731 887 3817 impetitis
904 3730 956 3795 vel
979 3728 1174 3816 impetendis
1191 3727 1370 3794 declinaret
1386 3740 1419 3794 et
1435 3729 1614 3794 sacerdotis
1630 3730 1773 3816 dignitas
1789 3730 1920 3795 insulta·

221 3870 249 3912 ω
266 3840 387 3904 tionem
411 3838 627 3904 saecularium
651 3838 821 3918 devitaret,
846 3836 991 3901 libellum
1015 3837 1251 3923 temperantiae
1275 3836 1367 3900 iuxta
1387 3835 1521 3900 decreta
1536 3837 1656 3901 Leonis
1672 3859 1778 3924 papae
1789 3841 1811 3918 ⁵,
1836 3839 1921 3902 sieut

265 3959 343 4011 tunc
363 3947 489 4011 cautius
513 3946 660 4010 invenire
684 3955 866 4031 potuerunt,
892 3943 1029 4008 dietavit
1051 3953 1085 4007 et
1107 3941 1207 4008 scribi
1227 3965 1337 4008 eoram
1360 3965 1396 4006 se
1419 3943 1498 4007 fecit
1520 3966 1558 4008 ac
1575 3945 1706 4030 propria
1724 3967 1822 4009 manu
1845 3943 1920 4009 sub

267 4054 396 4140 scripsit
411 4052 615 4139 eundemque
632 4052 762 4138 proprie
779 4073 818 4115 ac
834 4050 979 4114 iudicum
995 4072 1126 4114 suorum
1142 4050 1234 4113 vocis
1250 4049 1451 4135 professione
1468 4060 1655 4114 attestatum
1672 4050 1797 4137 synodo
1813 4053 1847 4115 in
1863 4049 1919 4115 ab·

266 4159 462 4224 dicationem
486 4160 535 4223 sui
560 4173 674 4244 sponte
698 4158 881 4244 porrexitt3
907 4159 951 4245 cf.
973 4159 1083 4222 concil.
1106 4157 1411 4224 tirassonensis&
1434 4172 1493 4221 oct.
1511 4156 1576 4239 II.;
1600 4157 1713 4221 illaesi
1729 4157 1825 4239 XIV,
1843 4169 1918 4226 9⁸5.

372 4267 514 4331 Alteram
538 4267 703 4352 epistolam
725 4265 831 4330 eodem
855 4279 990 4351 tempore
1006 4264 1139 4328 Romam
1164 4266 1294 4327 missam
1317 4264 1428 4327 habuit
1443 4263 1658 4342 Flodoardas,
1686 4266 1716 4327 in
1742 4291 1804 4350 qao
1828 4291 1919 4330 uecta·

221 4404 248 4446 m
267 4376 367 4438 ratius
390 4373 428 4437 tle
451 4375 543 4437 rebus
559 4372 680 4437 Edonis
696 4372 863 4460 aqebatar3
887 4373 1097 4435 necessarium
1122 4372 1226 4456 itaque
1249 4370 1394 4433 ducimus
1417 4395 1453 4432 ea
1471 4385 1616 4456 repetere,
1640 4395 1720 4456 quoe
1738 4373 1768 4435 ia
1785 4373 1919 4436 historia

266 4481 430 4544 lisiacensis
453 4481 600 4545 ecclesiae
623 4479 667 4542 II
685 4504 710 4542 c.
727 4485 774 4547 20
799 4477 893 4560 (JIG.
920 4477 978 4542 SS.
1004 4476 1106 4557 XIII,
1122 4485 1187 4543 471
1199 4481 1283 4562 sqq.)
1309 4477 1470 4562 leputatur:
1496 4474 1549 4540 De
1571 4474 1697 4540 Ebonis
1722 4526 1729 4541 .
1755 4526 1763 4541 .
1788 4526 1796 4540 .
1821 4477 1919 4564 depo·

266 4587 381 4650 sitione
401 4586 586 4672 requirente
606 4584 811 4671 postmodum
830 4606 918 4671 papa
937 4582 1125 4664 Nieholaol,
1150 4581 1192 4646 ab
1211 4583 1375 4668 episcopis
1393 4581 1522 4646 Galliae
1541 4583 1748 4669 maximeque
1764 4584 1919 4670 Belgicae

266 4694 454 4780 provinciae
473 4691 554 4755 haec
573 4691 658 4754 inter
676 4690 741 4755 alia
762 4692 796 4755 in
820 4691 984 4776 responsis
1001 4690 1145 4776 accepit:
1169 4687 1278 4769 ‘Quod
1294 4686 1366 4752 Ebo
1383 4688 1558 4753 Remorum
1575 4691 1757 4777 episcopus,
1782 4703 1920 4778 accepta

266 4823 286 4864 a
300 4799 456 4864 Lothario
472 4821 530 4885 pro
546 4799 647 4885 patris
664 4798 846 4884 proditione
863 4795 997 4861 abbatia
1013 4796 1117 4861 sancti
1134 4794 1270 4860 Vedasti
1281 4801 1305 4875 ⁸,
1328 4794 1506 4859 falsarum⁹
1526 4794 1747 4860 abiectionem
1770 4798 1920 4862 incentor

221 4939 249 4978 m
267 4908 411 4971 extiterit
441 4917 473 4969 et
504 4905 611 4969 taliter
634 4906 841 4969 criminatum
872 4902 1012 4969 eundern
1036 4905 1264 4990 imperatorem
1288 4901 1393 4966 isdem
1416 4900 1500 4985 Ebo,
1529 4925 1549 4965 a
1572 4903 1638 4966 suis
1662 4903 1920 4990 complicibusa

266 5011 432 5077 liminibus
456 5011 614 5076 eeclesiae
646 5011 827 5096 proiectum
858 5033 897 5074 ac
928 5009 1079 5097 publicae
1111 5008 1328 5095 poenitentiae
1360 5009 1581 5094 mancipatum
1612 5010 1767 5074 custodiri
1794 5011 1919 5092 fecerit,

267 5143 369 5205 usque
394 5118 471 5183 dum
494 5119 528 5181 in
551 5140 637 5181 anno
660 5118 893 5182 incarnationis
917 5116 1099 5181 dominicae
1124 5115 1393 5199 octingentesimo
1417 5115 1580 5178 tricesimo
1602 5126 1718 5202 quarto
1734 5116 1919 5198 Letharius‚

266 5228 396 5291 territus
421 5235 585 5290 conventu
607 5225 743 5288 fratrum
767 5246 898 5287 suorum
923 5246 962 5288 ac
985 5222 1198 5310 plurimorum
1213 5219 1359 5285 fidelium
1375 5222 1477 5308 patris
1493 5221 1697 5308 imperatoris
1714 5223 1792 5308 fuga
1808 5222 1918 5311 lapsus

377 5484 406 5552 l)
432 5481 666 5539 Suessioaeasem.
774 5480 805 5550 2)
830 5479 1032 5537 Parisieasem.
1139 5479 1169 5546 3)
1195 5479 1388 5536 Hladowicus.
1496 5479 1528 5549 4)
1560 5480 1705 5538 Faldensi.
1814 5482 1844 5550 5)
1871 5481 1920 5554 (II.

221 5615 250 5656 m
269 5590 373 5648 Leonis
390 5590 432 5647 II.
452 5589 569 5664 epistola
589 5590 616 5645 d.
634 5590 662 5644 d.
679 5591 741 5648 459
759 5588 849 5644 Mart.
868 5591 887 5645 6
895 5608 905 5656 ;
931 5586 1031 5643 diensi
1048 5584 1096 5654 VI,
1112 5588 1172 5643 410
1188 5579 1350 5658 (ᾹαῙῙέ·Κ,
1375 5606 1403 5642 a.
1421 5581 1504 5662 545).
1596 5587 1628 5656 6)
1652 5588 1683 5644 V.
1707 5588 1792 5660 infra
1811 5609 1844 5664 p.
1862 5591 1921 5648 701

267 5698 285 5752 l.
302 5701 344 5756 22
353 5717 414 5771 sqq.
471 5696 503 5752 'll
521 5698 714 5754 sss-867.
773 5694 804 5764 8)
822 5695 863 5752 st.
880 5693 976 5750 Vacat.
1035 5692 1066 5762 9)
1086 5691 1177 5749 Verbo
1193 5691 1325 5748 salsarum
1342 5694 1533 5749 obiectionum
1548 5695 1678 5750 incentor
1694 5696 1823 5770 leputatur
1839 5695 1922 5752 etiam

267 5803 297 5860 in
312 5801 463 5858 annalibus
479 5801 656 5858 Bertiaiaais
678 5802 720 5857 ad
741 5821 770 5858 a.
788 5804 859 5860 833.
884 5801 927 5856 etl.
952 5800 1043 5856 ll'aitz
1061 5819 1095 5874 p.
1113 5802 1133 5857 7
1149 5794 1186 5871 (v.
1207 5818 1297 5873 supra
1315 5821 1348 5874 p.
1367 5803 1428 5858 695
1447 5801 1465 5856 l.
1483 5795 1543 5874 10),
1568 5820 1685 5876 qaorum
1710 5802 1842 5858 rtemann
1860 5821 1921 5858 rum

267 5908 471 5985 insequentibus
494 5908 631 5985 conprut't.
671 5908 730 5966 Illa
754 5908 802 5966 aix
823 5928 843 5964 a
865 5906 1031 5964 Flodoardo
1054 5905 1154 5962 adtlita
1178 5925 1237 5962 esse
1259 5913 1350 5962 censet
1371 5904 1473 5975 ll'aitr,
1497 5907 1515 5962 l.
1532 5907 1551 5963 l.
1571 5906 1658 5976 XIII,
1675 5911 1735 5966 471
1759 5927 1828 5965 aaa.
1845 5913 1875 5968 t.

322 6024 365 6066 121».
379 6023 481 6064 Corellia
494 6024 525 6068 11.
1674 6031 1708 6079 88
