4884 6717
559 533 623 597 622
1027 537 1079 594 50.
1115 538 1334 596 CONCILIUM
1357 538 1584 596 PARISIENSE
1609 541 1645 595 A.
1666 537 1742 595 829.

632 726 992 814 -CapituloXV.
1033 725 1263 807 Qualiter
1290 724 2210 813 tractandaevelquidsintreseccle·

559 836 670 899 siae.
718 833 814 914 Quod
844 832 925 898 nulli
955 833 1161 898 sacerdotum
1190 833 1288 897 liceat
1317 855 1369 898 res
1392 832 1465 897 Deo
1489 833 1614 897 dicatas
1637 831 1764 919 sibique
1789 834 1979 897 commissas
2002 842 2114 919 utpote
2137 855 2209 919 pro·

558 942 646 1028 prias
669 951 809 1005 tractare
833 951 866 1005 et
888 938 931 1004 ad
954 939 1145 1005 multifarios
1168 939 1348 1004 secundum
1371 938 1497 1004 libitum
1521 963 1613 1005 suum
1633 962 1689 1003 eas
1707 962 1786 1004 usus
1801 949 2000 1025 retorquere,
2025 938 2083 1004 sed
2103 939 2210 1025 potius

559 1045 736 1112 secundum
762 1048 953 1111 canonicam
977 1048 1202 1111 auctoritatem
1229 1059 1480 1133 sanctorumque
1503 1057 1631 1132 patrum
1656 1045 1744 1110 dicta
1760 1057 1793 1110 et
1808 1045 1961 1133 exempla
1983 1044 2209 1110 administrare

557 1153 612 1218 vel
636 1153 836 1241 dispensare,
857 1176 906 1233 ea,
931 1175 1015 1240 quae
1033 1163 1197 1235 secuntur,
1214 1153 1386 1240 perspicue
1403 1152 1621 1217 manifestant.
1661 1151 1758 1232 Quod
1774 1163 1881 1216 autem
1898 1175 1947 1234 ea,
1967 1174 2052 1239 quae
2068 1151 2210 1216 Domino
2229 1175 2243 1214 ι

559 1258 861 1342 sanctificabantur,
897 1258 940 1324 ad
970 1261 1020 1324 ius
1051 1262 1251 1346 pertinerent
1281 1258 1503 1341 sacerdotum,
1538 1258 1659 1345 legalia
1680 1260 1826 1323 instituta
1850 1259 2010 1324 sanciunt
2055 1259 2094 1322 In
2124 1281 2209 1323 novo

422 1385 541 1436 macta,
560 1368 681 1454 quippe
704 1377 914 1448 testamenm,
946 1368 978 1430 in
1003 1367 1093 1430 initio
1117 1364 1272 1431 videlicet
1302 1379 1434 1430 sanctae
1458 1366 1622 1430 nascentis
1646 1365 1824 1447 ecclesiae,
1855 1377 1931 1430 vota
1959 1365 2104 1430 fidelium
2134 1379 2209 1430 ante

440 1440 521 1488 Μ’
560 1473 661 1561 pedes
684 1472 889 1560 ponebantur
912 1473 1129 1560 apostolorum
1154 1495 1329 1559 eorumque
1354 1472 1474 1537 iudicio
1497 1474 1684 1560 uuicuique,
1711 1483 1808 1558 prout
1830 1495 1911 1559 opus
1934 1484 2015 1554 erat,
2039 1471 2210 1537 distribue·

559 1578 688 1644 bantur.
727 1580 770 1644 Et
793 1579 869 1644 licet
892 1591 1060 1644 crescente
1083 1578 1228 1644 fidelium
1253 1579 1426 1643 devotione
1450 1580 1681 1665 copiosissimis
1705 1601 1744 1643 ac
1767 1579 2075 1644 munificentissimis
2098 1601 2210 1644 eorum

559 1685 807 1751 liberalitatibus
830 1699 944 1752 sancta
967 1685 1086 1750 donata
1110 1687 1152 1750 sit
1175 1685 1325 1766 ecclesia,
1349 1685 1489 1750 eundem
1513 1696 1622 1750 tamen
1645 1708 1739 1749 usum
1763 1684 1981 1772 apostolorum
2003 1707 2209 1750 successores
2231 1708 2256 1747 m

559 1795 593 1857 in
616 1792 793 1857 tractandis
813 1806 844 1857 et
868 1792 1095 1880 dispensandis
1120 1791 1350 1857 ecclesiasticis
1366 1791 1464 1857 rebus
1481 1814 1515 1856 se
1533 1814 1664 1856 servare
1681 1789 1800 1856 debere
1817 1792 2032 1874 meminerint,
2056 1794 2209 1879 quoniam

561 1906 629 1982 qui¹
653 1910 757 1981 stipem
782 1910 921 1965 ecclesiae
945 1900 1037 1964 iuxta
1060 1898 1290 1963 documentum
1314 1897 1402 1964 beuti
1425 1899 1609 1963 Hieronimi
1639 1909 1668 1962 in
1690 1926 1755 1962 suos
1779 1909 1919 1964 convertit
1939 1927 2017 1976 usus,
2048 1910 2143 1964 scribe
2165 1917 2209 1964 cst

560 2023 591 2072 et
625 2016 775 2072 Phariseus
810 2016 962 2087 similisque
997 2016 1085 2071 Iudae
1120 2015 1245 2086 perdito.
1293 2004 1454 2070 Scribitnr
1484 2006 1517 2068 in
1549 2004 1686 2069 concilio
1709 2004 1892 2069 Antioceno
1917 2005 2057 2092 capitulo
2082 2006 2207 2070 XXV.:

560 2120 739 2195 lipiscopus‘2
763 2123 1017 2178 ecclesiasticarum
1040 2140 1133 2177 rerum
1156 2121 1260 2176 habeat
1284 2128 1456 2193 potestatem
1480 2122 1516 2176 ad
1541 2122 1760 2192 dispensandum
1779 2139 1848 2194 erga
1865 2139 1972 2191 omnes,
1998 2123 2047 2194 qui
2069 2124 2209 2195 indigent,

561 2247 624 2284 cum
646 2249 752 2284 summa
775 2231 936 2286 reverentia
960 2238 989 2284 et
1013 2229 1112 2285 timore
1129 2229 1194 2283 Dei.
1234 2229 1392 2300 Participet
1416 2235 1511 2284 autem
1536 2234 1566 2283 et
1589 2228 1651 2299 ipse
1675 2229 1777 2300 quibus
1793 2229 1913 2301 indiget,
1938 2230 1960 2283 si
1977 2237 2073 2284 maren
2088 2231 2209 2302 indiget,
2230 2240 2256 2281 rs

561 2344 615 2391 tam
638 2338 696 2391 anis
720 2355 802 2408 quam
826 2336 953 2404 fratrum,
989 2336 1036 2407 qui
1060 2335 1095 2390 ab
1120 2353 1154 2391 eo
1177 2336 1378 2406 suscipiuntur,
1411 2335 1579 2390 necessariis
1613 2335 1710 2389 usibus
1743 2335 1908 2407 profuturis,
1945 2337 1986 2390 ita
2018 2343 2052 2391 ut
2082 2337 2111 2390 in
2133 2336 2210 2392 nullo

418 2444 689 2515 cr.1.‘r1m.qualibet
712 2443 857 2498 occasione
881 2443 1063 2508 fraudentur,
1095 2442 1173 2496 iuxta
1201 2449 1327 2496 sanctum
1357 2442 1514 2513 apostolum
1544 2443 1584 2497 sic
1615 2443 1774 2498 dicentem:
1799 2441 1943 2499 Habentes
1964 2441 2064 2499 victum
2088 2451 2114 2499 et
2136 2450 2211 2518 tepu-

453 2510 501 2554 θ’θ’
560 2557 678 2606 meotma
701 2549 745 2606 dis
767 2548 888 2606 contami
907 2568 1010 2605 suerrus.
1057 2547 1162 2612 Quodsi
1190 2555 1342 2603 contentus
1368 2549 1427 2602 istis
1456 2549 1569 2604 minime
1592 2549 1688 2617 fuerit,
1713 2555 1861 2605 convertat
1884 2556 1980 2604 autem
2002 2567 2049 2605 res
2073 2549 2210 2605 ecclcsiae

558 2657 587 2712 in
610 2675 675 2712 suos
697 2676 763 2711 usus
786 2657 953 2711 domesticos
978 2662 1008 2710 et
1032 2657 1093 2710 eius
1116 2656 1261 2710 commoda
1283 2655 1329 2710 vel
1352 2672 1480 2727 agrorum
1504 2655 1614 2709 fructus
1630 2674 1685 2710 non
1706 2674 1768 2710 cum
1784 2656 2024 2727 praesbiterorum
2040 2657 2212 2712 conscientia

559 2763 795 2835 diacononmrque
825 2771 1003 2834 pertractet,
1036 2763 1086 2817 sed
1116 2762 1213 2816 horum
1243 2768 1415 2834 potestatem
1446 2762 1609 2817 domesticis
1640 2763 1695 2816 suis
1726 2771 1775 2817 aut
1803 2764 1970 2835 propinquis
1993 2770 2044 2818 aut
2066 2763 2210 2831 fratribus,
2230 2775 2256 2813 so

558 2871 679 2941 filiisque
710 2870 882 2936 committat,
913 2877 945 2923 ut
975 2887 1028 2940 per
1056 2869 1214 2923 huiusmodi
1244 2886 1380 2939 personas
1403 2868 1515 2924 occulte
1539 2876 1654 2924 ceterae
1678 2869 1812 2925 ledantur
1835 2870 1985 2938 ecclcsiae,
2015 2870 2123 2942 synodo
2146 2888 2210 2941 pro·

558 2978 663 3033 rintiae
688 2995 794 3048 poenas
818 2978 872 3033 iste
896 2975 1049 3048 persolvat.
1097 2973 1126 3030 Si
1151 2981 1246 3030 autem
1271 2982 1301 3029 et
1329 2975 1414 3030 aliter
1443 2982 1593 3031 accusetur
1621 2977 1771 3049 episeopus
1801 2984 1850 3031 aut
1873 2977 2045 3049 presbyteri,
2077 2978 2126 3048 qui
2149 2995 2211 3032 cum

557 3086 619 3157 ipso
643 3091 719 3150 suut,
745 3084 821 3155 quod
853 3101 897 3151 ea,
929 3100 984 3153 que
1009 3083 1157 3153 pertinent
1180 3083 1216 3137 ad
1241 3082 1402 3150 ecclesiam,
1432 3087 1479 3138 vel
1503 3101 1539 3137 ex
1561 3084 1635 3154 agris
1658 3083 1705 3138 vel
1730 3083 1843 3139 exalia
1867 3084 1994 3155 qualibet
2019 3083 2212 3139 ecclesiastica

558 3191 696 3246 facultate
732 3190 843 3244 sibimet
879 3195 1027 3261 usurpent,
1062 3189 1103 3242 ita
1136 3196 1168 3242 ut
1204 3207 1238 3244 ex
1272 3188 1325 3244 hoc
1359 3189 1531 3261 adfligentur
1558 3189 1672 3261 quidem
1695 3207 1847 3261 pauperes,
1883 3190 2067 3245 criminationi
2090 3208 2158 3246 vero
2182 3197 2211 3245 ct

558 3298 739 3369 blasphemiis
763 3304 820 3351 tam
844 3313 933 3351 sermo
956 3296 1158 3367 predicationis
1182 3313 1265 3367 quam
1288 3295 1327 3364 bi,
1355 3297 1404 3368 qui
1427 3297 1603 3367 dispensant,
1633 3296 1731 3351 taliter
1754 3302 1941 3367 exponantur,
1972 3307 2003 3352 et
2026 3297 2076 3353 hos
2099 3305 2212 3370 oportet
2230 3308 2257 3347 as

559 3405 670 3475 corrigi,
706 3410 804 3458 sancta
827 3403 935 3474 synodo
958 3403 996 3468 id,
1032 3404 1108 3474 quod
1139 3403 1290 3470 condecet,
1326 3403 1538 3474 comprobante.
1584 3393 1623 3457 In
1647 3393 1784 3458 concilio
1809 3392 2046 3459 Calcedouensi
2070 3393 2211 3481 capitulo

559 3502 715 3566 vicesimo
740 3511 849 3564 sexto:
875 3504 1036 3572 Quoniam³
1058 3511 1086 3563 in
1111 3509 1279 3580 quibusdam
1303 3509 1440 3577 ecclesiis,
1471 3519 1503 3564 ut
1527 3529 1635 3566 rumore
1660 3512 1856 3582 comperimus,
1887 3519 2003 3582 praeter
2023 3511 2212 3585 hechouomos

561 3618 686 3689 episcopi
709 3616 864 3671 facultates
888 3617 1095 3671 ecclesiasticas
1118 3625 1262 3684 tractant,
1294 3616 1401 3687 placuit
1431 3633 1542 3672 omnem
1571 3617 1720 3672 ecclesiam
1742 3618 1896 3673 habentem
1920 3619 2082 3690 episcopum
2105 3618 2211 3672 habere

561 3723 781 3779 bacchonomum
811 3724 847 3778 de
879 3723 955 3778 clero
986 3724 1114 3794 proprio,
1148 3724 1195 3793 qui
1227 3723 1374 3793 dispenset
1404 3740 1451 3777 res
1482 3723 1690 3779 ecclesiasticas
1714 3726 1868 3779 secundum
1892 3725 2064 3780 sententiam
2087 3725 2211 3796 episcopi

559 3831 677 3902 proprii,
708 3830 750 3885 ita
772 3839 803 3884 ut
828 3830 967 3885 ecclesiae
993 3830 1166 3900 dispensatio
1188 3839 1288 3901 preter
1311 3830 1501 3885 testimonium
1526 3849 1582 3885 non
1605 3831 1641 3885 sit
1666 3838 1696 3886 et
1720 3849 1755 3886 ex
1778 3831 1829 3887 hoc
1853 3832 2054 3903 dispergantur
2076 3831 2212 3888 ecclesia·
2232 3840 2259 3880 ⁸⁰

560 3937 649 3991 sticae
673 3936 826 3991 facultates
851 3943 880 3990 et
903 3935 1062 3991 sacerdotio
1085 3936 1290 3990 maledictionis
1321 3937 1467 4008 derogatio
1496 3944 1675 4009 procuretur.
1722 3937 1831 4001 Quodsi
1865 3938 1917 3993 boc
1952 3939 2064 3993 minime
2098 3938 2211 4004 feeerit,

561 4043 662 4097 divinis
697 4043 944 4098 constitutionibus
979 4042 1147 4096 subiacebit.
1201 4032 1241 4095 Iu
1275 4032 1464 4114 canonibus,
1500 4036 1556 4120 qui
1590 4034 1808 4122 apostolorum
1843 4035 1936 4100 titulo
1970 4045 2212 4122 praenotantur,

561 4139 703 4227 capitulo
728 4138 978 4226 quadragesimo
1001 4140 1105 4225 primo
1130 4140 1175 4202 ita
1198 4137 1332 4224 legitur:
1357 4146 1582 4221 Praecipimus‘,
1606 4158 1638 4205 nt
1661 4153 1690 4206 in
1712 4159 1856 4222 potestate
1875 4170 1927 4206 sua
1946 4153 2095 4224 episeopus
2119 4151 2213 4207 cccle-

560 4257 619 4312 siae
642 4275 688 4311 res
711 4256 826 4310 habeat.
865 4253 894 4309 Si
918 4255 992 4310 enim
1014 4255 1106 4309 anime
1130 4255 1270 4310 homiuum
1292 4257 1453 4326 praetiosae
1476 4256 1516 4310 illi
1540 4264 1605 4311 sunt
1628 4258 1766 4326 creditae,
1789 4258 1989 4331 multomagis
2011 4265 2124 4330 oportet
2150 4277 2214 4314 eum

562 4381 657 4418 curam
680 4363 862 4433 pecuniarum
881 4380 994 4434 gerere,
1018 4363 1059 4416 ita
1081 4369 1112 4416 ut
1136 4369 1280 4432 potestate
1306 4364 1367 4417 eius
1390 4364 1585 4435 indigentibus
1609 4365 1701 4419 omnia
1724 4365 1925 4436 dispensentur
1946 4384 2000 4436 per
2021 4366 2213 4437 praesbiteros
2233 4378 2260 4419 re

562 4477 593 4525 et
616 4470 748 4524 diaconos
772 4478 802 4524 ct
825 4487 887 4523 cum
911 4470 1011 4523 timore
1035 4468 1167 4540 omnique
1191 4468 1381 4524 sollicitudine
1405 4471 1608 4524 ministrentur.
1652 4460 1804 4526 Gelasius
1827 4463 1861 4525 in
1885 4460 2102 4526 decretalibus
2126 4464 2213 4550 capi-

561 4566 628 4631 tulo
652 4567 807 4630 vicesimo
831 4568 985 4652 septimo:
1012 4570 1174 4639 Quattuor⁵
1197 4585 1304 4640 autem,
1334 4568 1448 4652 inquit,
1481 4584 1538 4631 tam
1562 4578 1598 4632 de
1623 4578 1718 4633 reditu
1742 4595 1824 4648 quam
1849 4578 1885 4633 de
1909 4579 2052 4634 oblatione
2077 4578 2214 4646 fidelium,

562 4691 646 4755 prout
669 4682 821 4737 cuiuslibet
846 4683 984 4738 ecclesiae
1008 4682 1129 4736 facultas
1158 4683 1309 4754 permittit,
1342 4684 1414 4738 sicut
1446 4684 1551 4737 dudum
1581 4684 1788 4739 rationabiliter
1819 4692 1863 4740 eat
1893 4685 2051 4754 decretum,
2083 4687 2215 4742 convenit

562 4789 623 4845 fieri
647 4790 806 4860 portiones:
832 4807 949 4860 quarum
973 4790 1010 4843 sit
1032 4807 1089 4843 una
1112 4787 1263 4860 pontificis,
1289 4790 1381 4844 altera
1404 4789 1579 4857 clericorum,
1603 4791 1690 4845 tertia
1712 4809 1880 4864 pauperum,
1905 4801 2007 4863 quarta
2029 4793 2144 4848 fabricis
2163 4794 2214 4848 ad·

561 4896 694 4969 plicando
724 4896 873 4951 ecclcsiae.
920 4897 965 4951 De
991 4896 1092 4967 quibus
1124 4897 1196 4950 sicut
1220 4897 1377 4952 sacerdotis
1401 4897 1454 4952 erit
1478 4898 1617 4969 integram
1640 4898 1773 4952 ministris
1797 4898 1935 4954 ecclesiae
1959 4907 2140 4956 memoratam
2163 4901 2214 4955 de·
2234 4910 2262 4948 ⁴⁰

668 5124 726 5172 XV.
766 5127 776 5172 l
806 5124 871 5188 Cap.
898 5122 924 5183 V,
955 5121 1080 5186 Capitale
1107 5121 1137 5172 P.
1229 5123 1373 5172 tractanda
1400 5123 1426 5171 l'.
1520 5125 1552 5172 13
1578 5118 1674 5186 Iudae]
1698 5124 1790 5174 iudice
1811 5124 1841 5175 P.
1932 5121 2026 5190 XXV.]
2054 5127 2111 5177 XV.
2138 5126 2165 5176 Γ.
2185 5126 2216 5177 P.

565 5215 596 5263 19
617 5214 835 5277 presbyterorum
856 5211 886 5262 P.
960 5213 1125 5262 cousticntia
1146 5210 1171 5259 V.
1246 5213 1276 5261 21
1300 5213 1385 5261 ceteri
1406 5212 1432 5261 l'.
1453 5211 1483 5261 P.
1557 5213 1591 5262 22
1611 5208 1787 5278 presby(i)ter
1806 5214 1834 5263 V.
1854 5213 1885 5263 Ρ.
1952 5217 1985 5266 25
2006 5215 2170 5282 desponsant
2189 5215 2217 5265 l'.

563 5309 672 5367 oportet
690 5301 757 5350 deest
775 5301 801 5350 l'.
857 5302 890 5351 27
911 5301 1043 5350 vicesimo
1063 5294 1151 5362 sexto]
1173 5299 1274 5349 XXVI.
1295 5299 1326 5349 P.
1381 5295 1577 5368 lrcchonomos]
1595 5300 1632 5351 ito
1651 5302 1678 5363 V,
1699 5303 1866 5354 echonomus
1880 5302 1910 5363 P,
1929 5304 2052 5370 ineuipe:
2070 5321 2216 5358 οωοιιοιιιοι.

564 5392 598 5441 29
618 5384 842 5453 haechouomurn]
860 5389 897 5438 ite
916 5388 943 5450 1³,
973 5390 1152 5439 echonomum
1173 5388 1203 5438 Ρ.
1287 5391 1321 5439 33
1341 5390 1551 5455 quadragesimo
1571 5386 1758 5456 primo]XL1.
1778 5392 1809 5443 Ρ.
1883 5394 1916 5445 3ἵ
1936 5394 2068 5444 vicesimo
2087 5389 2214 5459 septimo]

563 5478 678 5528 XXVII.
699 5478 729 5529 P.
802 5480 835 5528 39
854 5473 1015 5543 pauperum]
1037 5479 1306 5543 pracsbptittcrorum
1326 5477 1352 5527 1⁷.
1372 5477 1402 5531 P.
2235 5503 2263 5543 ω

673 5677 702 5746 1)
727 5676 926 5750 Hieronymus,
959 5675 1110 5734 Cornmcnt.
1135 5676 1163 5733 in
1191 5676 1384 5746 Mattianum
1416 5674 1489 5753 opp.
1513 5677 1578 5748 VII,
1595 5682 1666 5738 242.
1782 5679 1812 5750 2)
1838 5678 1991 5738 &acilium
2015 5680 2216 5738 Αιιίίοοὶιειιιιιιι

566 5805 588 5840 c.
605 5789 647 5844 25
654 5806 664 5854 ;
689 5783 789 5840 illaesi
810 5783 850 5852 II,
868 5786 958 5843 1328.
1052 5784 1082 5851 3)
1109 5781 1262 5840 Conudmu
1290 5781 1516 5841 Cdalccdeamse
1539 5804 1562 5840 c.
1578 5788 1638 5854 26;
1663 5783 1763 5842 Masuri
1783 5786 1847 5857 VII,
1866 5789 1935 5846 380.
2028 5787 2060 5856 4)
2087 5785 2218 5845 Οαιισιιει

566 5892 753 5966 apostolorum
779 5911 801 5946 c.
818 5893 874 5956 41;
900 5890 999 5946 Murmi
1021 5889 1156 5965 Lodsq.
1251 5889 1283 5960 5)
1308 5889 1432 5947 Decreta
1457 5887 1567 5947 Getusii
1590 5911 1613 5948 c.
1630 5894 1673 5951 27
1696 5886 1809 5967 (Jaffd
1818 5893 1856 5950 K.
1881 5913 1909 5950 a.
1928 5887 2011 5969 636).
