4884 6717
551 538 615 601 626
1021 542 1072 600 50.
1109 542 1327 600 CONCILIUM
1350 541 1576 598 PARISIENSE
1600 543 1637 598 A.
1658 541 1732 598 829.

551 730 706 817 deinceps
731 753 766 795 se
790 740 929 795 caveant
953 730 1057 794 ethis
1081 728 1179 794 rebus
1203 730 1365 810 resistant,
1390 727 1508 815 quibus
1532 727 1594 792 sibi
1619 728 1734 810 ethis,
1765 727 1882 816 quibus
1905 741 2070 816 praesunt,
2094 730 2202 794 Deum

550 839 724 924 propitiam
748 837 857 901 facere
888 848 1082 901 mereantur.
1131 836 1238 916 Quam
1272 835 1439 899 moderata
1473 845 1581 899 autem
1617 834 1770 900 discretio
1805 837 1839 899 in
1873 837 2012 900 vestium
2047 837 2137 901 cultu
2171 850 2203 900 et

551 966 662 1008 mense
679 955 836 1030 apparatu
853 942 1076 1007 sacerdotibus
1093 942 1235 1007 tenenda
1251 944 1302 1024 sit,
1320 941 1408 1006 dicta
1423 940 1511 1005 beati
1525 940 1677 1027 Gregorii
1693 943 1726 1005 in
1743 942 1946 1028 expositione
1959 942 2201 1030 evangeliorum

550 1073 678 1114 necnon
703 1062 735 1114 et
758 1052 826 1114 vita
850 1060 1034 1114 sanctorum
1060 1050 1202 1114 virorum
1226 1049 1402 1134 Augustini
1425 1059 1458 1112 et
1480 1042 1646 1112 Ambrosii
1669 1048 1855 1134 plenissime
1880 1048 2008 1113 docent.

660 1191 888 1278 Capitulo
923 1192 1001 1255 XX.
1061 1191 1118 1256 Ut
1155 1190 1470 1256 conversatio
1509 1189 1840 1254 sacerdotalis
1879 1203 2032 1255 testes
2070 1192 2234 1256 vitaes

551 1297 829 1386 probabilis
865 1297 1047 1362 habeat.
1096 1297 1213 1379 Qu0d1
1244 1296 1392 1361 moderni
1422 1297 1591 1383 pontifices
1615 1307 1799 1361 sanctorum
1824 1296 2050 1361 decedentium
2074 1309 2200 1385 patrum

553 1404 703 1493 exempla
727 1428 961 1491 usquequaque
986 1405 1103 1468 sectari
1127 1402 1285 1484 debeant,
1315 1405 1349 1467 iu
1380 1402 1652 1489 praecedentibus
1681 1405 1746 1468 iam
1777 1403 1897 1468 dictum
1930 1415 1988 1471 est.
2036 1403 2102 1469 Sed
2126 1406 2203 1491 quia

553 1511 725 1575 nonnullos
750 1513 855 1576 socios
879 1512 1001 1576 ordinis
1025 1512 1125 1575 nostri
1150 1512 1219 1574 sine
1244 1510 1294 1574 his
1317 1511 1482 1596 personis,
1514 1533 1678 1596 quassua
1700 1510 1853 1596 religiosa
1877 1512 2080 1575 conversatio
2103 1522 2202 1574 testes

552 1618 674 1682 habere
699 1632 731 1683 et
755 1617 873 1705 quibus
898 1617 1082 1703 exemplum
1107 1616 1229 1682 bonurn
1254 1615 1366 1680 debuit
1389 1615 1561 1703 praebere,
1593 1615 1714 1681 cubilia
1743 1618 1860 1682 secreti
1884 1618 1933 1680 sui
1959 1616 2131 1681 didicimus
2154 1618 2202 1680 in·

553 1724 671 1804 colere,
706 1725 739 1788 id
763 1748 827 1788 non
852 1727 920 1788 sine
944 1747 1064 1809 magna
1091 1722 1286 1809 turbidaque
1321 1722 1543 1808 indignatione
1578 1722 1663 1786 ferre
1698 1724 1859 1810 potuimus
1895 1734 1936 1802 et,
1971 1747 2011 1787 ne
2046 1723 2202 1809 deinceps
2222 1749 2249 1787 ιο

553 1833 714 1917 quispiam
739 1830 955 1917 praelatorum
981 1831 1013 1896 id
1037 1831 1145 1894 facere
1168 1841 1373 1917 pertemptet,
1398 1831 1467 1915 pari
1490 1852 1649 1894 consensu
1665 1827 1872 1910 inhibuimus,
1897 1830 1974 1916 quia
1990 1831 2022 1893 in
2038 1830 2099 1894 boc
2115 1830 2202 1894 facto

554 1940 757 2002 corn'crsatio
788 1937 998 2001 sacerdotalis
1029 1936 1283 2001 commaculatur
1312 1947 1344 2000 et
1376 1936 1620 2000 detrahentibus
1650 1934 1741 2000 locus
1771 1934 1946 2022 praebetur
1969 1948 2001 2001 et
2024 1938 2203 2001 animarum

554 2044 693 2130 perditio
717 2055 900 2129 generatur.
941 2044 985 2108 L't
1002 2067 1079 2129 ergo
1097 2043 1250 2107 sacerdos
1275 2042 1443 2129 discipulis
1466 2045 1533 2107 suis
1552 2043 1592 2107 de
1610 2066 1644 2107 se
1661 2044 1731 2128 ipso
1748 2042 1933 2129 exemplum
1949 2042 2068 2107 bouum
2085 2042 2204 2108 debeat

436 2174 537 2225 neat.
554 2150 723 2237 praebere,
755 2151 918 2237 apostolus
943 2149 1088 2214 scribens
1119 2150 1161 2214 ad
1185 2150 1293 2214 Titum
1319 2150 1414 2214 docet
1436 2149 1566 2214 dicens:
1597 2151 1635 2214 In
1667 2152 1810 2214 omnibns
1837 2165 1864 2214 te
1896 2154 1997 2236 ipsum
2025 2153 2121 2237 prebe
2152 2176 2202 2214 ar-

556 2261 692 2347 emplum.
716 2261 863 2321 horrorum
896 2282 1034 2344 operum,
1066 2261 1098 2322 in
1124 2258 1279 2337 doctrino,
1314 2260 1347 2321 in
1381 2261 1564 2344 integritate,
1599 2261 1632 2322 ‘in
1668 2260 1809 2322 castitate
1839 2266 1872 2319 et
1902 2256 2035 2342 reliqua.
2080 2257 2202 2320 Beatus
2222 2279 2248 2319 ra

555 2387 683 2451 quoque
709 2363 887 2449 Gregorius
911 2366 944 2427 in
968 2363 1108 2428 decretis
1132 2365 1198 2427 suis
1230 2365 1275 2427 ita
1305 2365 1366 2426 ait:
1397 2369 1606 2428 Verecundus²
1628 2390 1687 2427 mos
1710 2380 1822 2442 torpore
1847 2373 2053 2427 indiscretionis
2076 2374 2202 2440 inolevit,

553 2489 584 2534 ut
608 2481 689 2534 huius
713 2482 789 2534 sedis
812 2479 991 2551 pontificibus
1015 2481 1050 2534 ad
1074 2488 1186 2535 secreta
1216 2480 1316 2534 cubilis
1346 2480 1462 2534 servitia
1491 2480 1554 2534 laici
1585 2481 1666 2550 pueri
1691 2480 1731 2533 eis
1754 2479 1896 2534 seculares
1920 2480 2130 2551 obsequentum
2163 2487 2203 2546 et,

553 2606 615 2642 cum
639 2588 759 2658 pastoris
782 2588 841 2641 sita
865 2607 927 2642 esse
952 2588 1096 2658 discipulis
1120 2605 1233 2658 semper
1262 2588 1369 2642 debeat
1399 2588 1427 2641 in
1459 2587 1628 2657 exemplum,
1659 2586 1825 2657 plerumque
1855 2586 1960 2653 clerici,
1992 2587 2082 2657 qualis
2106 2588 2134 2641 in
2158 2605 2203 2640 se·

554 2703 633 2749 creto
663 2695 699 2747 sit
728 2695 787 2748 vita
809 2694 852 2747 sui
875 2693 1034 2764 pontificis,
1069 2695 1200 2748 nesciunt
1237 2701 1283 2760 et,
1314 2700 1346 2747 ut
1369 2694 1475 2748 dictum
1500 2700 1560 2754 est,
1589 2693 1749 2748 saeculares
1772 2693 1853 2762 pueri
1877 2693 1978 2746 sciunt.
2024 2694 2070 2748 Dc
2094 2711 2151 2764 qua
2172 2712 2204 2747 re

556 2802 683 2871 presenti
703 2802 820 2855 decreto
845 2801 995 2866 constituo,
1020 2808 1052 2854 ut
1077 2801 1191 2870 quidam
1216 2819 1251 2855 ex
1275 2801 1384 2855 clericis
1407 2800 1453 2854 tel
1478 2802 1562 2855 etiam
1583 2799 1777 2855 exmonachis
1797 2800 1882 2853 electi
1905 2800 2059 2854 ministerio
2083 2800 2205 2854 cubiculi
2224 2812 2251 2852 ω

555 2906 724 2979 pontificalis
744 2907 949 2978 obsequantur,
974 2906 1074 2972 uthis,
1099 2907 1146 2977 qui
1170 2907 1199 2960 in
1222 2911 1284 2960 loco
1308 2914 1352 2961 cst
1376 2906 1529 2979 regminis,
1553 2906 1658 2962 habeat
1682 2913 1773 2961 testes
1797 2911 1879 2973 tales,
1906 2907 1952 2977 qui
1973 2908 2033 2962 eius
2049 2907 2077 2960 in
2093 2915 2204 2960 secreto

555 3014 797 3068 conversationem
821 3015 937 3068 videant
961 3021 991 3067 et
1016 3031 1049 3068 ex
1074 3014 1179 3066 risione
1204 3012 1305 3066 sedula
1327 3018 1485 3083 exemplum
1507 3021 1658 3083 provectus
1681 3014 1812 3068 subeant.
1852 3004 1944 3068 Haec
1968 3005 2068 3089 igItur
2089 3002 2204 3068 beatus

555 3109 733 3192 Gregorius
758 3112 931 3197 scripserit.
977 3109 1129 3174 Ceterum
1160 3111 1186 3173 si
1212 3111 1266 3195 qui
1290 3109 1331 3172 de
1355 3110 1416 3174 hac
1439 3133 1474 3173 rc
1500 3111 1682 3195 copiosiora
1700 3111 1850 3195 exempla
1874 3132 2009 3196 querere
2033 3108 2205 3190 voluerint,

555 3219 639 3281 vitas
662 3216 750 3281 beati
773 3213 948 3302 Augustini
979 3229 1011 3280 ct
1034 3215 1198 3280 Ambrosii
1231 3227 1263 3279 et
1293 3227 1473 3280 ceterorum
1504 3216 1641 3280 aliorum
1665 3227 1849 3281 sanctorum
1873 3218 2018 3280 virorum
2040 3215 2150 3302 legant
2173 3225 2206 3280 et

555 3326 727 3410 perspicue
758 3325 933 3406 invenient,
966 3323 1052 3410 quod
1076 3325 1144 3386 vita
1174 3336 1206 3387 et
1230 3325 1434 3388 conversatio
1458 3324 1619 3410 pontificis
1644 3346 1771 3409 semper
1794 3335 1893 3387 testes
1917 3324 2003 3387 vitae
2027 3321 2204 3409 probabilis
2224 3345 2250 3384 ss

554 3430 675 3495 habere
700 3429 827 3494 debeat.

662 3553 889 3640 Capitulo
929 3555 1024 3619 XXI.
1086 3555 1142 3619 Ut
1187 3556 1410 3642 episcopi
1457 3556 1709 3641 ceterique
1751 3554 1988 3641 praelati,
2026 3554 2122 3618 nisi
2160 3553 2204 3617 id

556 3661 830 3726 necessitas
884 3660 1204 3726 inevitabilis
1251 3661 1555 3747 impedierit,
1607 3663 1804 3726 maxime
1852 3684 1948 3725 cum
1999 3659 2204 3724 clericis

557 3770 655 3832 suis
680 3768 818 3832 horas
843 3770 1105 3833 canonicas
1129 3767 1410 3832 custodiant
1434 3779 1477 3832 et
1500 3770 1775 3855 scripturas
1801 3767 1995 3831 divinas
2019 3767 2204 3831 cotidie

556 3876 599 3938 in
625 3873 906 3939 conlatione
930 3886 1147 3939 tractent
1174 3877 1341 3961 eisque
1365 3876 1410 3938 in
1434 3876 1664 3940 convictu
1692 3876 1966 3961 participes
1990 3876 2251 3938 existentia

557 3982 630 4045 Hoc
662 4004 790 4067 quoquc
822 3983 1024 4045 correctione
1056 4005 1264 4068 congruaque
1289 3981 1515 4045 emendatione
1540 3981 1674 4067 dignum
1699 3983 1915 4067 conperimus,
1947 4003 1985 4044 eo
2010 3979 2096 4067 quod
2126 4003 2204 4044 non·

556 4088 634 4152 nulli
658 4087 874 4174 praelatorum
898 4087 986 4152 nulla
1009 4089 1245 4152 interveniente
1269 4090 1462 4152 necessitate
1486 4110 1550 4152 non
1575 4111 1647 4152 cum
1673 4088 1809 4168 clericis,
1841 4087 1899 4151 sed
1921 4089 2028 4173 potius
2060 4110 2202 4151 scorsum

558 4218 631 4259 eum
657 4194 749 4259 laicis
773 4207 805 4258 et
829 4194 1024 4281 quibusdam
1049 4194 1261 4260 familiaribus
1286 4197 1351 4258 suis
1376 4196 1587 4258 sermocinari
1611 4205 1642 4257 et
1672 4196 1840 4259 convivari
1870 4194 2086 4276 delectentur,
2118 4195 2203 4257 simi·

556 4301 695 4387 litesque
721 4313 752 4364 et
775 4325 794 4364 a
825 4300 1019 4387 quibusdam
1043 4300 1217 4366 abbatibus
1242 4313 1274 4366 et
1298 4300 1470 4365 abbatissis
1494 4302 1565 4365 fieri
1588 4301 1770 4365 didicimus.
1810 4300 1904 4381 Quae
1928 4323 1991 4382 res,
2016 4302 2092 4386 quia
2107 4300 2202 4364 valde

557 4431 576 4471 a
600 4423 737 4494 paterna
760 4408 977 4472 sollicitudine
1001 4407 1131 4471 aborret
1154 4421 1186 4472 ct
1210 4407 1356 4472 subditos
1376 4409 1408 4471 in
1425 4418 1644 4494 contemptum
1660 4408 1888 4493 magistrorum
1904 4408 2203 4471 murmurationem·
2222 4429 2249 4470 ao

558 4538 620 4600 que
645 4525 676 4578 et
700 4516 733 4578 in
757 4513 939 4577 diuinorum
965 4513 1192 4599 obsequiorum
1218 4516 1507 4599 transgressionem
1532 4514 1699 4600 pertrahit,
1726 4537 1858 4600 prorsus
1888 4513 2102 4577 resecandam
2132 4535 2203 4577 esse

557 4623 741 4685 censuimus
766 4633 808 4702 et,
833 4635 866 4685 ut
891 4620 1010 4684 abhinc
1034 4620 1172 4706 praelati
1195 4622 1229 4684 in
1253 4621 1312 4701 his,
1341 4644 1423 4707 quac
1455 4623 1635 4707 praemissa
1665 4633 1748 4702 sunt,
1780 4631 1935 4706 quantum
1966 4619 2103 4684 facultas
2132 4642 2203 4705 per-

557 4729 691 4806 miserit,
728 4727 789 4790 sibi
822 4726 958 4791 subditis
990 4728 1165 4813 participes
1197 4729 1349 4808 existant,
1385 4729 1564 4792 statuimus.
1622 4727 1674 4791 De
1710 4750 1774 4813 qua
1809 4728 1907 4790 etiam
1942 4749 1976 4790 re
2010 4727 2043 4790 in
2077 4724 2203 4790 actibus

558 4834 775 4920 apostolorum
807 4846 839 4898 ct
867 4835 900 4897 in
924 4836 991 4896 vita
1007 4832 1101 4897 'beati
1118 4834 1293 4919 Augustini
1309 4844 1341 4896 ct
1357 4836 1389 4897 in
1406 4835 1543 4898 concilio
1560 4833 1748 4899 Sardicensi
1767 4832 1908 4919 capitulo
1926 4845 2040 4918 quarto
2057 4833 2205 4897 decimo³

557 4943 691 5027 copiosa
713 4940 873 5005 habentur
896 4941 1056 5026 exempla.
1096 4942 1208 5005 Socios
1232 4963 1309 5004 vero
1335 4940 1455 5004 ordinis
1472 4942 1573 5005 nostri
1590 4943 1643 5004 in⁴
1660 4938 1881 5026 gubernandis
1898 4937 2203 5025 congregationibus
2222 4963 2251 5000 ro

664 5195 785 5244 xvllll.
814 5197 829 5242 4
848 5195 977 5258 Agnstini
999 5194 1027 5243 P.

664 5285 721 5333 XX.
751 5282 853 5345 bcap.
873 5283 899 5331 l'.
972 5278 1189 5344 XX.lvicesimo
1210 5282 1240 5332 P.
1323 5282 1513 5348 tiprobabiles
1534 5283 1564 5333 P.
1650 5285 1682 5333 10
1701 5283 1871 5347 tnrbadaque
1891 5282 1921 5333 P.
1997 5283 2028 5332 te
2048 5289 2156 5347 torpere
2176 5280 2203 5331 V.

558 5376 589 5424 21
612 5369 662 5422 hir
686 5375 761 5421 —-·is.
836 5374 1014 5434 ilAgustIni
1036 5371 1066 5421 P.
1140 5374 1172 5421 25
1192 5373 1332 5422 invement
1352 5371 1382 5422 P.

664 5463 738 5510 xxr.
767 5463 799 5511 et
821 5461 886 5525 cap.
907 5461 933 5509 ι’.
1007 5461 1236 5524 congessere.

669 5679 696 5732 ll
730 5676 778 5746 Cf.
803 5677 902 5732 relatio
933 5676 1122 5752 cpiscoportmr
1148 5698 1170 5733 c.
1189 5681 1245 5745 rr;
1269 5679 1286 5732 l.
1313 5679 1330 5733 l.
1355 5678 1395 5746 II,
1414 5681 1505 5753 3daq.
1620 5678 1650 5747 2)
1684 5677 1835 5736 Concilium
1860 5677 2019 5734 Rauranum
2044 5679 2106 5734 595
2129 5695 2153 5730 c.
2169 5679 2204 5743 2,·
2222 5697 2252 5736 se

560 5783 634 5859 opp.
660 5783 795 5858 Gregorii
820 5784 861 5839 II.
887 5784 926 5852 II,
951 5805 1018 5858 opp.
1042 5784 1073 5852 V,
1099 5785 1149 5840 col.
1168 5787 1258 5843 1289.
1341 5783 1371 5852 3)
1397 5783 1445 5856 Cf.
1471 5784 1613 5842 concilium
1638 5784 1809 5841 Sordicense
1832 5804 1854 5840 c.
1878 5787 1932 5850 II;
1959 5782 2057 5839 linari
2079 5781 2203 5851 111,27.

561 5891 591 5956 4)
609 5889 657 5960 (J.
675 5891 773 5946 relatio
790 5890 980 5964 episcoporum
998 5910 1021 5945 c.
1037 5893 1091 5958 to‘;
1108 5892 1125 5945 I.
1140 5892 1158 5945 I.
1172 5891 1211 5958 II,
1226 5893 1273 5950 at.
1311 5889 1415 5948 Concu.
1432 5890 1661 5968 aquisgranense
1673 5893 1735 5950 836
1751 5885 1848 5964 (infra
1863 5911 1892 5946 n.
1907 5894 1948 5948 56
1956 5887 1994 5966 A)
2011 5908 2074 5964 cap.
2088 5888 2109 5943 I
2120 5908 2143 5944 c.
2157 5890 2203 5946 11.
