4884 6717
547 469 612 532 592
846 474 899 531 48.
935 473 1154 531 CONCILIUM
1177 474 1219 529 IN
1242 471 1418 529 sanaem
1440 473 1623 530 HABITUM
1646 473 1683 529 A.
1701 471 1764 528 816
1779 471 1913 528 -8298

546 664 659 727 vivere
684 661 799 726 didicit
822 672 854 725 et
878 672 991 726 sancto
1016 661 1133 742 studio,
1157 671 1255 748 prout
1277 660 1357 725 ordo
1380 659 1539 745 regularis
1562 660 1677 746 poscit,
1701 659 1852 724 insistere
1876 682 1916 725 ac
1940 658 2152 740 subditorum,
2177 660 2204 723 si

547 792 613 857 qua
637 778 721 851 sunt,
745 767 854 832 valeat
877 780 984 832 errata
1009 769 1172 854 corrigere
1185 773 1205 831 1.

653 892 714 959 XI.
762 891 912 973 Qualiter
942 914 1017 956 cum
1047 892 1215 957 monachis
1247 893 1313 957 suis
1345 888 1448 956 abbas
1479 891 1667 955 conversari
1699 889 1828 955 debeat.
1882 890 2039 955 Eiusdem
2069 888 2203 976 regulae

546 997 755 1064 affluentibus
779 999 971 1063 informatus
994 999 1210 1063 testimoniis²
1234 998 1357 1063 directo
1386 995 1478 1080 calle,
1511 1019 1576 1084 qua
1598 996 1746 1079 trahitur,
1770 998 1926 1062 virtutum
1950 997 2109 1061 exercitia
2131 1019 2203 1083 pre·

548 1116 712 1193 sequatur.
2222 1125 2237 1164 s

654 1230 732 1294 XII.
779 1229 810 1293 Α
834 1251 898 1315 quo
922 1238 954 1293 et
977 1229 1139 1315 quomodo
1164 1229 1285 1315 corrigi
1309 1227 1412 1293 abbas
1435 1228 1648 1314 neglegenter
1678 1250 1780 1314 agens
1808 1226 1936 1308 debeat,
1968 1249 2074 1293 canon
2097 1225 2203 1292 Calci-

547 1329 701 1401 donensis
725 1336 810 1400 tituli
833 1335 927 1399 VIII.
951 1335 1122 1400 evidenter
1145 1337 1294 1422 exponit,
1327 1358 1400 1400 cum
1431 1333 1473 1399 ab
1501 1336 1656 1421 episcopo
1686 1333 1750 1398 loci
1781 1333 1943 1398 dissiliens
1974 1335 2201 1398 communione

547 1465 582 1507 se
606 1444 730 1530 privari
753 1465 819 1506 non
842 1441 988 1528 ambigat
997 1447 1019 1509 ⁸.

654 1566 750 1633 XIII.
797 1567 850 1630 De
874 1567 1079 1631 monasteriis
1111 1567 1306 1631 feminarum
1340 1567 1375 1630 in
1409 1567 1568 1632 canonico
1595 1565 1649 1630 vel
1683 1564 1827 1651 regulari
1860 1564 1973 1630 ordIne
2010 1564 2203 1630 constitutis.

551 1673 624 1754 Quo
656 1673 770 1738 ordine
806 1674 933 1738 censeri
964 1673 1170 1754 conveniant,
1207 1675 1351 1760 ipsorum
1381 1695 1498 1760 nempe
1529 1673 1696 1737 nominum
1725 1670 1955 1758 aethimologia
1988 1671 2202 1735 demonstrat:
2225 1694 2251 1732 ro

551 1781 710 1844 canonica
733 1779 857 1844 scilicet
882 1780 1070 1860 canonicae,
1094 1780 1259 1866 regularia
1281 1778 1486 1866 regularibus
1509 1778 1727 1865 mancipando
1751 1777 1891 1843 modulis
1915 1777 2102 1842 edocentur.

654 1904 766 1970 XIIII.
813 1905 866 1968 De
897 1904 958 1968 hac
982 1903 1129 1990 profecto
1160 1904 1362 1968 institutione
1393 1904 1561 1984 canoniea,
1594 1925 1677 1988 quae
1709 1900 2011 1967 sanctimonialibus
2043 1902 2202 1987 congruit,

548 2022 683 2097 auguste
713 2010 840 2097 pridem
872 2010 1072 2075 celsitudinis
1095 2011 1312 2075 instrumenta
1335 2011 1547 2096 cognovimus
1557 2014 1579 2074 ⁴.
1628 2008 1695 2075 Sed
1719 2008 1881 2094 quomodo
1906 2007 2078 2095 disciplina
2102 2006 2202 2071 officii

549 2118 762 2183 ecclesiastici
786 2118 921 2181 nimium
945 2117 1096 2202 neglecta
1118 2139 1178 2203 per
1201 2116 1345 2181 studium
1368 2116 1571 2198 reformetur,
1602 2115 1749 2180 nonnulli
1779 2117 1844 2179 iarn
1874 2115 2099 2201 experimento
2128 2136 2202 2201 pro·

548 2224 677 2306 barunt,
702 2225 758 2310 qui
782 2224 904 2289 scolam
928 2222 1116 2288 doctoribus
1141 2223 1338 2310 deputarunt
1347 2228 1369 2288 5.
1408 2224 1447 2287 In
1464 2222 1649 2288 huiusmodi
1668 2223 1846 2287 certamine
1862 2221 2020 2286 tardiores
2036 2231 2203 2306 tamquam
2223 2243 2249 2284 rs

547 2332 665 2396 delicto
689 2331 941 2418 dispensationis
964 2332 1153 2416 postposite,
1178 2331 1242 2394 nisi
1265 2353 1300 2394 se
1325 2330 1536 2411 correxerint,
1561 2328 1695 2394 obnoxii
1719 2339 1900 2393 teneantur.

654 2455 728 2519 XV.
775 2456 840 2519 Pro
871 2464 956 2519 statu
986 2456 1079 2540 regni
1103 2464 1135 2519 et
1157 2455 1204 2518 rei
1229 2453 1426 2541 publicone
1456 2454 1537 2518 forte
1568 2452 1757 2518 humilietur
1786 2464 1842 2517 aut
1871 2452 2060 2533 infirmetur,
2091 2450 2204 2515 divina

547 2563 685 2649 primum
710 2572 865 2626 exoretur
888 2560 1076 2644 clementia,
1100 2571 1179 2625 tunc
1203 2560 1334 2625 demum
1358 2562 1432 2625 totis
1455 2559 1581 2625 viribus
1606 2558 1832 2625 incumbentes
1857 2569 2017 2646 oportuna
2031 2555 2202 2623 vobiscum

546 2670 639 2733 iuxta
661 2670 748 2732 vires
772 2666 912 2733 libenter
934 2668 1101 2732 iuvamina
1124 2667 1350 2732 decernamus.

655 2793 748 2858 XVI.
795 2793 847 2857 De
871 2792 1014 2878 regulari
1038 2790 1162 2873 ordine,
1188 2791 1328 2877 qualiter
1351 2789 1553 2872 observetur,
1577 2792 1694 2877 partim
1724 2814 1783 2855 nos
1807 2791 1977 2877 superius⁶
2001 2788 2202 2876 significasse
2223 2813 2250 2852 so

548 2899 773 2981 meminimus;
814 2910 924 2964 cetera
958 2920 1032 2962 cum
1067 2910 1177 2962 vestra
1211 2897 1306 2962 simul
1342 2897 1535 2963 celsitudine
1571 2897 1776 2962 conferentes
1810 2896 1933 2984 largius
1968 2906 2112 2961 statuere
2148 2895 2203 2961 de·

548 3016 707 3072 certemus
720 3009 739 3070 ⁷.

654 3224 702 3273 XI.
731 3218 824 3288 3Xl.]
845 3223 910 3274 XII.
928 3240 941 3273 c
959 3241 1023 3274 corr.
1044 3223 1076 3273 G.

654 3313 717 3362 XII.
746 3309 847 3363 ititui
867 3312 899 3362 0.
973 3311 1139 3362 dissilienter
1159 3311 1191 3362 6.
1265 3315 1329 3364 8se
1347 3311 1408 3362 add.
1427 3328 1439 3362 e
1457 3311 1521 3362 coni.
1594 3314 1701 3378 privare
1722 3310 1754 3361 0.
1827 3312 1943 3376 ambigit
1963 3309 1995 3361 θ.

653 3402 736 3451 XIII·
763 3403 779 3451 9
799 3402 871 3460 x11.,
891 3401 971 3450 XIII.
991 3396 1047 3463 eta]
1068 3402 1115 3451 XI.
1135 3401 1201 3452 XII.
1219 3409 1264 3451 etc.
1285 3400 1317 3452 0.

654 3490 749 3539 XIIII.
778 3488 937 3555 disciplinae
958 3489 990 3540 G.

659 3689 688 3760 1)
715 3688 764 3761 Cf.
789 3690 888 3767 regula
912 3688 1060 3745 Benedicti
1082 3708 1105 3745 c.
1124 3691 1163 3747 64
1187 3689 1231 3744 ed.
1256 3688 1401 3765 ll'oelfflin
1419 3709 1453 3765 p.
1472 3692 1513 3748 62
1523 3709 1566 3765 sq.
1607 3689 1640 3745 V.
1665 3687 1747 3746 etiam
1772 3686 1930 3764 capimlare
1952 3687 2098 3745 senserunt
2119 3706 2203 3765 gene·

548 3800 611 3855 rate
627 3801 691 3858 802
714 3816 738 3853 c.
756 3801 805 3867 12,
830 3794 1003 3872 capitularia
1026 3794 1171 3852 cuneorum
1195 3794 1333 3870 specialia
1349 3798 1412 3854 802
1435 3814 1458 3852 c.
1477 3798 1504 3866 3,
1530 3794 1688 3870 capitulare
1706 3794 1852 3852 missorum
1868 3793 1990 3870 speciale
2006 3795 2091 3854 802?
2112 3814 2135 3851 c.
2153 3797 2202 3862 33,

549 3905 674 3980 capitula
697 3904 732 3960 de
756 3901 956 3960 exanananan
985 3900 1177 3958 ecclesiasticis
1200 3901 1287 3961 8021
1316 3920 1339 3958 c.
1356 3904 1403 3970 11,
1435 3901 1593 3977 capitulare
1617 3901 1809 3958 Mamuanum
1833 3903 1896 3961 787
1920 3921 1943 3958 c.
1960 3906 1990 3971 2,
2021 3901 2146 3977 capitula
2169 3902 2204 3957 dc

547 4009 730 4087 inspiciesdis
758 4008 936 4066 nronasteriis
963 4027 1003 4064 ec.
1028 4011 1142 4078 1-3,-
1179 4006 1253 4066 MG.
1281 4006 1374 4083 Cupit.
1399 4008 1423 4078 1,
1449 4012 1497 4068 93.
1522 4012 1591 4068 100.
1616 4010 1684 4069 103.
1710 4012 1778 4068 110.
1802 4011 1872 4068 195.
1897 4010 1956 4068 321
1968 4028 2021 4084 sq,
2046 4015 2203 4083 praeterea
2222 4026 2250 4066 so

548 4117 646 4174 concil.
670 4114 902 4192 chiiryranense
925 4117 987 4174 817
1010 4134 1034 4170 c.
1052 4118 1109 4182 80;
1139 4114 1204 4171 ibid.
1230 4113 1344 4185 Ι,348.
1460 4114 1491 4184 2)
1524 4112 1573 4187 Cf.
1598 4134 1642 4172 ατ.
1665 4134 1711 4190 pr.
1735 4116 1835 4191 regala
1858 4113 2006 4171 Benedicti
2029 4133 2051 4171 c.
2072 4119 2109 4183 2;
2139 4114 2158 4170 l.
2182 4115 2201 4170 l.

546 4243 576 4299 p.
602 4227 693 4299 9eqq.
809 4221 839 4291 3)
871 4219 920 4293 Cf.
952 4221 1050 4279 concil
1083 4219 1311 4278 calcedonense
1341 4240 1364 4277 c.
1389 4225 1410 4280 8
1438 4213 1554 4295 (Masei
1574 4220 1637 4291 VII,
1662 4214 1758 4297 375).·
1790 4221 1900 4291 Clerici,
1930 4223 1979 4293 qui
2007 4220 2204 4293 praeficiuntur

548 4329 754 4402 ptochodochiis
784 4331 827 4384 vel
859 4330 906 4399 qui
937 4330 1096 4383 ordinantur
1125 4329 1296 4382 monasteriis
1320 4335 1348 4382 et
1369 4329 1491 4383 basilicis
1520 4335 1681 4399 nrunyrum,
1711 4328 1762 4383 sub
1787 4330 1986 4399 episcoporum,
2015 4329 2063 4400 qni
2085 4329 2114 4382 in
2136 4345 2202 4382 una·

548 4455 660 4508 quaque
683 4437 795 4490 civitate
818 4443 890 4505 sunt,
919 4437 1069 4490 sccrmdum
1092 4444 1250 4489 sarrctorum
1277 4443 1385 4505 patrum
1415 4435 1575 4490 traditiones
1598 4443 1735 4506 potestate
1758 4443 1940 4506 pennsueant
1962 4453 2012 4490 nec
2035 4453 2087 4506 per
2108 4443 2201 4489 contu-

550 4543 666 4597 maciam
689 4542 725 4596 ab
748 4542 879 4612 episcopo
903 4561 951 4596 suo
974 4542 1117 4596 dissiliant.
1152 4541 1205 4606 Qui
1230 4559 1295 4596 vcro
1319 4542 1422 4596 audent
1445 4549 1569 4596 evertere
1592 4542 1778 4597 huiumemodi
1799 4543 1915 4597 formam
1931 4559 2105 4613 quocumque
2120 4543 2202 4595 modo
2221 4558 2249 4598 st

547 4667 598 4704 nec
622 4649 732 4721 proprio
756 4649 924 4703 subiciuntur
947 4649 1087 4719 episcopo,
1110 4648 1246 4719 siquidem
1274 4648 1367 4703 elerici
1390 4657 1461 4714 sunt,
1483 4666 1618 4703 canonum
1641 4650 1857 4720 correptionibus
1879 4648 2068 4717 subiacebunt,
2090 4649 2113 4702 si
2136 4666 2202 4703 reru

547 4757 610 4811 laici
635 4757 679 4810 rel
704 4757 829 4810 monachi
853 4755 965 4825 firerint,
988 4756 1176 4810 communione
1199 4755 1349 4826 priventtn.
1419 4753 1449 4820 4)
1477 4750 1525 4825 Os.
1545 4752 1678 4813 institutio
1699 4754 1952 4812 caeremonialium
1977 4753 2088 4812 concilii
2102 4753 2202 4829 Aquis·

545 4861 699 4939 prusensis
721 4864 798 4930 816;
827 4880 918 4936 supra
936 4881 970 4937 p.
987 4864 1051 4920 122
1061 4882 1122 4937 sqq·
1239 4861 1269 4931 5)
1294 4845 1436 4930 Borctius,
1465 4862 1483 4917 i.
1500 4861 1519 4916 l.
1543 4860 1647 4931 1,369
1670 4880 1739 4918 aaa.
1758 4865 1778 4921 7
1800 4861 1916 4919 remittit
1937 4862 1979 4918 ad
1999 4881 2043 4930 ea,
2072 4879 2145 4935 quae
2168 4860 2203 4917 de

547 4987 626 5026 anno
656 4971 727 5028 818.
759 4968 868 5025 exhibet
895 4967 954 5024 uita
984 4965 1132 5024 Benedicti
1160 4967 1292 5024 ludensis
1321 4986 1344 5024 c.
1371 4971 1412 5026 36
1442 4961 1534 5043 (50),·
1566 4966 1639 5026 Mo.
1672 4967 1727 5025 SS.
1752 4968 1820 5039 XV,
1837 4971 1898 5028 215
1909 4989 1951 5044 sq.
1997 4966 2203 5025 Remittendum

543 5075 679 5146 sortasse
703 5083 743 5132 est
765 5074 847 5132 etium
871 5076 913 5130 ud
934 5073 1031 5130 concil.
1057 5073 1247 5130 Attiuiacense
1270 5078 1335 5134 822
1358 5094 1380 5130 r.
1399 5078 1435 5143 3,·
1462 5093 1552 5150 supra
1570 5095 1604 5150 p.
1621 5077 1680 5134 471
1705 5095 1766 5130 euru
1789 5095 1860 5132 aun.
1879 5080 1904 5134 1.
1997 5073 2027 5144 6)
2058 5073 2089 5130 V.
2113 5092 2203 5148 supra
2221 5092 2250 5131 ro

550 5200 588 5236 cc.
614 5183 738 5240 9—12.
854 5181 885 5249 7)
918 5178 987 5238 &int
1018 5179 1072 5236 icae
1095 5179 1287 5255 cpiscoporum
1311 5180 1448 5238 relatione
1471 5180 1513 5251 cs.
1538 5180 1662 5257 capitula
1693 5180 1729 5238 ab
1752 5180 1889 5258 episcopis
1911 5179 2078 5257 imperatori
2094 5198 2203 5256 propo·

548 5286 603 5344 sinz
627 5287 728 5355 825&
765 5285 837 5345 MG.
864 5285 958 5363 Capit.
983 5285 1097 5355 Ι,358.
