4884 6717
710 541 762 596 44.
799 540 1016 598 CONCILIUM
1041 538 1267 596 PARISIENSE
1291 538 1328 593 A,
1349 537 1424 594 825.
1831 534 1894 594 543

349 727 552 813 Augustinus
577 728 610 791 iu
633 726 717 791 libro
734 727 809 791 VII.
834 727 875 791 de
899 728 1032 792 civitate
1055 728 1137 792 Dei:
1171 731 1287 792 Unum¹
1310 753 1408 791 verum
1424 736 1529 802 Deum,
1553 735 1581 788 id
1606 741 1650 790 ost
1674 736 1762 790 omnis
1785 735 1895 791 animae

242 844 424 916 corporisque
448 852 615 911 creatorem,
641 848 733 900 colere
758 861 788 899 se
813 844 932 915 quisque
957 845 1130 908 contendam
1154 861 1209 899 nou
1231 844 1297 899 ideo
1313 851 1426 915 peccat,
1444 842 1581 913 quianon
1598 851 1642 897 est
1658 842 1795 897 colendus
1811 861 1895 914 quem

242 952 320 1019 colit,
350 952 402 1006 sed
434 952 500 1021 quia
530 951 690 1018 colendum,
721 967 777 1005 non
800 960 832 1004 ut
855 951 991 1006 colendus
1015 961 1068 1019 cst,
1098 927 1176 1006 ‘colit
1224 949 1281 1014 Qui
1303 967 1371 1005 vero
1395 958 1424 1004 et
1447 949 1534 1004 rebus
1557 949 1670 1017 talibus,
1703 949 1732 1003 id
1762 956 1806 1005 est
1834 957 1895 1005 tur-

242 1059 326 1130 pibus
342 1064 372 1112 et
391 1058 532 1124 scelestis,
557 1065 587 1112 et
603 1076 659 1113 non
674 1076 771 1113 verum
787 1059 891 1124 Deum,
916 1058 944 1111 id
969 1066 1013 1112 est
1030 1058 1140 1114 animae
1156 1057 1339 1129 corporisque
1353 1056 1503 1124 factorem,
1527 1058 1579 1111 sed
1595 1063 1754 1112 ereaturam
1770 1057 1896 1128 quamvis

209 1183 299 1222 onon
321 1165 450 1219 vitiosam
473 1165 550 1231 colit,
582 1164 641 1219 sive
665 1164 714 1218 illa
742 1165 779 1219 sit
809 1165 901 1218 anima
930 1165 989 1219 sive
1014 1182 1114 1236 corpus
1138 1165 1197 1220 sive
1226 1164 1319 1218 anima
1348 1163 1429 1217 simul
1460 1171 1490 1218 et
1521 1180 1633 1235 corpus,
1663 1163 1707 1218 bia
1735 1171 1838 1235 peccat
1867 1165 1897 1218 iu

243 1272 346 1339 Deum,
379 1272 454 1342 quod
486 1278 516 1326 et
538 1288 590 1343 pro
613 1271 674 1343 ipso
698 1271 775 1336 colit,
808 1271 884 1342 quod
913 1288 968 1325 nou
992 1279 1036 1326 est
1066 1272 1144 1342 ipse3
1181 1279 1210 1326 ct
1242 1271 1346 1325 talibus
1375 1271 1461 1325 rebus
1491 1270 1570 1338 colit,
1600 1270 1733 1341 qualibus
1756 1288 1810 1325 nec
1833 1271 1895 1343 ipse

242 1378 378 1433 colendus
403 1384 457 1434 est.

348 1474 432 1539 Item
448 1474 652 1561 Augustinus
668 1476 702 1539 in
718 1474 801 1540 libro
826 1476 1031 1561 questionum
1046 1476 1167 1540 veteris
1191 1498 1230 1539 ac
1251 1476 1328 1539 novi
1344 1475 1546 1539 testamenti:
1571 1482 1723 1539 Christiani
1734 1481 1755 1552 ²,
1780 1475 1896 1562 iuquit,

244 1597 344 1663 utpote
368 1609 521 1663 pauperes,
546 1610 616 1663 quos
639 1591 742 1647 stultos
764 1599 877 1660 vocant,
902 1610 987 1646 unum
1011 1592 1105 1647 Deum
1129 1591 1224 1646 colunt
1247 1591 1276 1645 in
1299 1592 1444 1664 mysterio,
1477 1609 1511 1646 ex
1535 1609 1591 1663 quo
1614 1599 1680 1645 sunt
1710 1592 1813 1658 omnia,
1843 1610 1896 1646 nec

201 1715 226 1755 ro
244 1698 360 1769 aliquid,
391 1699 468 1770 quod
498 1699 535 1754 ab
559 1716 593 1754 eo
617 1699 760 1754 conditum
784 1707 839 1766 est,
869 1706 1053 1755 venerantur.
1098 1698 1194 1770 Ipsum
1219 1699 1293 1754 enim
1324 1699 1413 1754 solum
1442 1697 1574 1754 sufficere
1599 1700 1651 1754 sibi
1676 1706 1706 1754 et
1730 1698 1896 1754 habundare

244 1805 337 1859 sciunt
359 1806 394 1860 ad
419 1805 550 1861 salutem.

351 1903 435 1967 Item
458 1900 545 1967 idern
568 1913 643 1990 post
665 1926 787 1989 panea:
820 1908 906 1968 Nou³
930 1932 998 1985 ergo
1020 1914 1101 1968 nobis
1124 1914 1249 1980 videtur,
1280 1919 1312 1967 ut
1342 1913 1417 1983 quod
1440 1912 1522 1967 homo
1546 1912 1614 1967 facit
1639 1914 1749 1967 adorari
1773 1914 1896 1979 debeat3

244 2019 336 2074 t'actor
359 2021 433 2074 enim
457 2038 474 2074 a
496 2019 617 2088 factura,
641 2038 697 2075 non
720 2020 831 2075 tactura
854 2039 872 2075 a
893 2020 1002 2076 factore
1027 2021 1136 2075 adorari
1160 2020 1310 2074 iudicatur.

349 2117 432 2181 Item
456 2116 544 2181 idem
567 2118 601 2181 in
624 2116 749 2203 psalmo
773 2116 915 2182 CXIII.:
947 2123 1033 2182 Noli⁴
1057 2143 1126 2198 ergo
1149 2127 1257 2181 addere
1281 2143 1379 2181 marrus
1403 2126 1554 2193 homiumn,
1580 2133 1611 2180 ut
1642 2144 1676 2182 cx
1708 2145 1742 2182 eo
1770 2129 1896 2196 metallo,

201 2248 226 2287 rs
245 2234 320 2305 quod
343 2233 413 2288 fecit
437 2251 520 2287 verus
543 2233 634 2302 Deus,
658 2233 729 2289 velis
752 2233 847 2289 facere
872 2233 974 2288 falsum
997 2235 1092 2300 deum,
1124 2235 1206 2288 immo
1229 2232 1331 2287 falsum
1354 2232 1505 2300 homiuem,
1537 2251 1621 2304 quem
1644 2252 1696 2305 pro
1718 2252 1787 2289 vero
1809 2252 1897 2292 vane·

244 2341 314 2396 reris
346 2341 412 2407 deo,
448 2358 533 2411 quem
563 2339 690 2411 quisquis
719 2357 770 2412 pro
801 2357 868 2395 vcro
898 2340 1010 2396 homine
1041 2340 1069 2393 in
1099 2339 1250 2396 amicitiam
1279 2340 1424 2411 reciperet
1452 2340 1598 2395 insaniret.
1645 2341 1733 2396 Ducit
1763 2342 1836 2397 enim
1868 2349 1897 2398 et

244 2447 351 2502 affectu
374 2447 495 2518 quodam
526 2445 634 2501 infirmo
663 2447 739 2518 rapit
769 2445 879 2502 infirma
908 2448 994 2501 corda
1023 2446 1180 2501 mortalium
1210 2445 1318 2500 formae
1349 2446 1501 2502 similitudo
1525 2453 1555 2501 et
1578 2447 1765 2502 membrorum
1787 2449 1898 2505 imitata

245 2571 389 2627 compago.

351 2652 434 2716 Item
464 2651 551 2716 idem
581 2652 616 2715 in
647 2649 784 2737 epistola
813 2651 856 2715 ad
879 2650 1059 2715 Maximum
1087 2651 1353 2737 grammaticum:
1385 2655 1486 2715 Scics⁶
1509 2679 1526 2715 a
1549 2658 1715 2716 Christianis
1740 2662 1896 2726 catholicis,

201 2786 363 2840 eoquorum
386 2769 414 2822 in
437 2775 533 2824 vestro
563 2768 669 2840 oppido
700 2768 822 2823 ecclesia
851 2768 1006 2823 constituta
1030 2775 1084 2835 est,
1116 2767 1223 2822 nullum
1247 2767 1300 2823 coli
1324 2774 1506 2835 mortuorum,
1536 2768 1604 2823 nihil
1628 2769 1752 2839 deniqne
1777 2769 1896 2836 adorari,

245 2877 321 2947 quod
344 2875 380 2929 sit
404 2874 510 2930 factum
534 2881 564 2930 et
587 2875 731 2929 conditum
755 2892 773 2929 a
794 2875 868 2940 Deo,
893 2875 945 2929 sed
968 2893 1054 2929 unum
1078 2876 1169 2948 ipsum
1193 2877 1297 2943 Deum,
1322 2877 1370 2948 qui
1392 2876 1463 2932 fecit
1487 2885 1517 2931 et
1540 2878 1667 2932 condidit
1690 2876 1792 2933 omnia.

351 2971 435 3037 Item
465 2971 551 3036 idem
581 2973 615 3036 in
646 2971 728 3036 libro
760 2970 800 3036 de
831 2972 1010 3058 quantitate
1035 2973 1180 3036 animae:
1212 2977 1315 3036 Deusl
1337 2990 1432 3037 autem
1464 2983 1648 3038 immortalem
1673 2985 1793 3039 animun
1816 2984 1896 3052 lecit,

245 3089 408 3160 mopinot,
439 3089 491 3143 nisi
522 3088 596 3143 forte
627 3089 680 3143 tibi
710 3088 794 3144 aliter
816 3089 939 3143 videtur.
987 3089 1062 3160 Ergo
1086 3096 1117 3142 tu
1141 3088 1232 3144 velles
1255 3088 1324 3144 talia
1346 3087 1408 3144 lieri
1435 3090 1471 3144 ab
1501 3089 1668 3158 homiuibus,
1700 3089 1795 3161 qualia
1817 3092 1897 3146 Deus

245 3196 337 3252 fecit?
383 3196 447 3251 Non
471 3196 603 3267 equidem
627 3196 679 3250 hoc
703 3195 830 3251 dixerim.
877 3194 934 3250 Sed
959 3196 1194 3266 quemadmodum
1219 3195 1280 3266 ipse
1304 3196 1465 3251 immortalis
1488 3195 1644 3251 immortale
1670 3198 1803 3268 quiddam
1826 3197 1902 3276 fecit

200 3320 227 3361 aa
245 3304 281 3360 ad
304 3302 513 3358 similitudinem
537 3321 626 3370 suam,
650 3303 689 3356 sic
714 3310 743 3358 et
767 3319 818 3356 nos
841 3304 1012 3357 immortales
1028 3320 1045 3357 a
1061 3303 1125 3358 Deo
1148 3302 1217 3357 facti
1242 3303 1277 3357 ad
1301 3303 1511 3358 similitudinem
1535 3310 1658 3358 nostram
1682 3305 1756 3374 quod
1781 3303 1897 3358 facimus

245 3411 401 3465 immortale
427 3429 490 3465 esse
514 3411 646 3466 deberet.
695 3410 785 3464 Recte
810 3409 930 3476 diceres,
954 3410 977 3463 si
1000 3410 1036 3464 ad
1061 3410 1122 3464 eius
1144 3410 1295 3481 imaginem
1318 3410 1452 3482 pingeres
1475 3410 1611 3478 tabulam,
1643 3410 1719 3483 quod
1749 3411 1777 3464 in
1800 3419 1830 3466 te
1854 3411 1896 3464 in-

245 3517 363 3572 mortale
388 3535 451 3573 esse
476 3518 585 3585 credis3
609 3535 684 3572 nuuc
707 3535 775 3572 vero
799 3517 826 3571 in
851 3535 886 3572 ea
909 3516 1040 3588 exprimis
1063 3516 1275 3571 similitudinem
1299 3517 1432 3588 corporis,
1457 3518 1532 3587 qnod
1554 3517 1684 3588 profecto
1705 3516 1824 3572 mortale
1841 3525 1896 3573 eat.

246 3621 392 3687 Quomodo
423 3640 490 3695 crgo
520 3641 580 3677 sum
604 3623 700 3677 similis
724 3624 797 3689 Deo,
829 3642 891 3678 cum
920 3623 1089 3680 immortalia
1116 3623 1194 3678 nulla
1223 3641 1336 3693 possum
1368 3623 1463 3678 facere
1495 3631 1526 3677 ut
1556 3623 1627 3679 ille?
1673 3623 1819 3688 Quomodo
1843 3643 1897 3679 nec

246 3730 337 3803 imago
361 3731 483 3802 corporis
506 3730 548 3784 tui
571 3736 669 3802 potest
691 3729 744 3784 boc
767 3730 875 3798 valere,
900 3732 975 3801 quod
999 3740 1078 3785 tuum
1101 3749 1202 3802 corpus
1226 3730 1314 3798 valet,
1345 3731 1384 3785 sic
1415 3731 1507 3786 anirna
1529 3749 1585 3785 non
1608 3731 1763 3786 mirandum
1788 3739 1843 3801 est,
1874 3733 1896 3786 si

202 3837 402 3908 inpotentiam
426 3845 533 3892 tantam
561 3854 616 3892 nou
647 3836 735 3891 habet
765 3843 900 3907 quantam
931 3837 991 3904 ille,
1021 3837 1057 3892 ad
1088 3839 1167 3892 cuius
1197 3837 1409 3892 similitudinem
1432 3837 1509 3892 facte
1533 3845 1587 3891 est.
1633 3831 1685 3892 8ἰ7
1708 3839 1782 3892 enim
1806 3839 1897 3911 imago

246 3943 357 4000 hnmani
375 3944 498 4015 corporis
514 3935 606 3998 iuxta
622 3934 746 4020 egregii
764 3933 905 3998 doctoris
921 3936 1125 3998 verissimam
1141 3934 1394 4021 disputationem
1415 3957 1479 3998 nou
1504 3950 1615 3999 tantum
1638 3934 1736 4016 valet,
1760 3951 1897 4015 quantum

246 4051 337 4123 ipsum
360 4069 472 4123 corpus,
505 4064 569 4128 qua
593 4042 827 4127 consequentia
849 4042 982 4126 imagini
1007 4040 1152 4105 alteratio
1177 4039 1360 4123 exhibetur,
1392 4064 1466 4105 cum
1496 4042 1601 4127 ipsum
1626 4063 1744 4128 corpus
1768 4042 1896 4127 penitus

245 4171 310 4212 non
334 4146 512 4213 adoretur?

352 4252 544 4319 Ambrosius
568 4256 601 4319 in
626 4256 829 4342 expositione
853 4254 989 4341 epistole
1021 4253 1062 4318 ad
1086 4254 1264 4318 Romanos:
1297 4261 1464 4336 Numquid⁸
1487 4275 1544 4320 tam
1575 4265 1692 4320 demens
1723 4273 1765 4320 cst
1795 4265 1897 4336 aliquis

202 4390 228 4432 aa
246 4379 296 4426 aut
319 4371 419 4426 salutis
441 4389 510 4426 suae
533 4372 687 4438 immemor,
710 4379 743 4426 ut
766 4369 1007 4427 honorificentiam
1030 4371 1105 4440 regis
1129 4371 1254 4426 vindicet
1278 4372 1382 4439 comiti,
1407 4390 1469 4427 eum
1493 4373 1529 4426 de
1553 4372 1606 4426 hac
1630 4391 1671 4439 re,
1695 4373 1718 4426 si
1742 4374 1789 4443 qui
1812 4373 1897 4428 etiam

246 4485 370 4534 tractare
394 4477 500 4533 fuerint
524 4477 643 4545 inventi,
667 4479 727 4533 iure
752 4486 784 4532 ut
807 4478 847 4534 rei
872 4478 1068 4532 damnentur
1090 4477 1263 4544 maiestati03
1289 4479 1468 4548 quomodo
1491 4496 1546 4533 non
1562 4479 1609 4532 isti
1625 4497 1656 4532 se
1673 4480 1800 4550 cogitant
1822 4497 1896 4546 reos,

247 4586 296 4656 qui
318 4586 454 4640 honorem
476 4585 594 4640 nominis
617 4585 672 4640 Dei
697 4585 832 4640 deferunt
855 4593 1004 4640 creaturae
1029 4592 1059 4639 et
1082 4584 1183 4639 relicto
1207 4584 1327 4639 Domino
1351 4603 1500 4640 conservos
1524 4587 1653 4652 adorant,
1683 4586 1761 4656 quasi
1786 4586 1822 4640 sit
1845 4585 1895 4641 ali·

247 4692 327 4764 quid,
351 4693 427 4763 quod
450 4692 515 4763 plus
537 4699 702 4747 reservetur
725 4693 810 4746 lleo‘?
845 4692 917 4746 Nam
933 4693 998 4747 ideo
1018 4692 1054 4747 ad
1078 4710 1174 4763 regern
1198 4711 1250 4762 per
1273 4692 1400 4747 tribunos
1424 4697 1474 4746 aut
1498 4693 1614 4746 comites
1637 4693 1703 4758 itur,
1728 4692 1795 4763 quia
1817 4692 1897 4746 homo

246 4800 347 4870 utiquc
379 4807 423 4854 est
454 4817 503 4854 rex
535 4807 564 4854 et
587 4799 679 4854 nescit
704 4799 806 4869 quibus
830 4800 936 4853 debeat
960 4798 1161 4870 rempublicam
1185 4799 1314 4854 credere.
1360 4798 1406 4852 Ad
1432 4799 1523 4853 Deum
1551 4807 1647 4854 autem
1669 4799 1897 4871 promerendum,

202 5020 231 5059 so
355 5007 559 5059 2contcnduut
580 5008 606 5057 V.
680 5016 796 5074 peccunt
815 5009 842 5058 V.
922 5012 1081 5058 screatum
1101 5007 1128 5057 V.
1208 5008 1342 5072 britiosp
1363 5008 1389 5058 V.
1463 5002 1551 5072 simul]
1571 5009 1629 5058 sive
1650 5007 1677 5059 V.
1757 5009 1788 5057 12
1808 5003 1896 5069 uobis]

247 5097 325 5148 vobis
346 5097 374 5146 1⁷.
467 5101 498 5147 14
519 5097 619 5148 addere
640 5097 667 5147 V.
760 5099 791 5149 l‘l
811 5098 897 5147 forma
918 5097 944 5146 l'.
1031 5099 1063 5147 19
1082 5096 1183 5147 adcest
1203 5096 1229 5146 V.
1315 5095 1437 5147 annulli
1456 5096 1483 5146 V.
1563 5098 1597 5147 24
1617 5097 1849 5161 quemammodum
1871 5096 1897 5145 Γ.

247 5185 407 5236 immortalis
433 5186 499 5236 deest
520 5187 544 5236 V.
636 5186 815 5236 immortalem
840 5186 866 5235 V.
958 5186 992 5236 26
1017 5185 1195 5236 immortalem
1217 5185 1243 5239 V.
1336 5188 1370 5235 30
1395 5187 1517 5251 potentia
1536 5193 1613 5236 tauta
1633 5185 1660 5234 V.
1750 5193 1850 5250 quanta
1870 5185 1898 5234 V.

247 5276 280 5325 35
300 5269 356 5339 qui]
376 5277 436 5340 quia
456 5275 483 5325 V.
557 5271 648 5338 ctiam]
669 5292 728 5326 eum
748 5275 774 5323 l'.

358 5475 385 5539 l)
411 5475 590 5551 Anquatinua,
619 5474 666 5531 De
695 5474 804 5532 civitate
827 5473 886 5531 Dei
905 5474 964 5530 VII
983 5493 1005 5530 c.
1023 5477 1065 5534 27
1087 5466 1111 5550 ἕ
1130 5479 1167 5542 2,·
1204 5473 1278 5549 Opp.
1302 5474 1365 5544 Vll,
1383 5478 1452 5533 183.
1505 5472 1598 5531 Verba
1621 5474 1714 5531 Unum
1738 5493 1835 5530 verum
1857 5505 1894 5513 —

200 5604 228 5645 rs
246 5582 382 5638 colendus
406 5591 449 5636 cst
473 5575 505 5654 (l.
525 5577 619 5656 1-7)
644 5583 744 5638 desunt
765 5580 794 5637 in
817 5581 954 5654 synodica
977 5580 1143 5638 [brisiensi.
1237 5580 1267 5651 2)
1291 5581 1324 5638 V.
1347 5601 1437 5657 supra
1455 5601 1489 5657 p.
1505 5583 1566 5641 492
1589 5583 1606 5637 l.
1625 5585 1717 5657 dsqq.
1810 5581 1840 5651 3)
1864 5583 1896 5638 V.

245 5709 336 5764 cirpea
356 5709 387 5764 p.
404 5691 467 5748 492
490 5691 508 5745 l.
531 5695 606 5764 tlsq.
728 5687 759 5758 4)
788 5687 820 5744 V.
845 5708 935 5763 supro
961 5707 994 5762 p.
1016 5691 1079 5746 492
1101 5689 1119 5743 1.
1140 5693 1181 5746 23
1197 5707 1258 5764 sqq.
1378 5688 1409 5758 5)
1439 5688 1472 5744 V.
1495 5707 1585 5764 supra
1603 5692 1717 5764 ples
1740 5689 1758 5744 l.
1780 5693 1896 5765 tlirqq.

247 5796 278 5864 6)
304 5795 336 5851 V.
359 5815 449 5870 supra
468 5815 500 5870 p.
519 5799 580 5854 493
603 5797 622 5851 I.
640 5797 731 5871 3qu.
819 5793 850 5863 7)
873 5794 905 5850 V.
929 5813 1020 5869 aspra
1037 5814 1071 5869 p.
1088 5797 1149 5853 lus
1172 5796 1190 5850 l.
1209 5798 1312 5871 12sq.‚
1336 5796 1389 5852 sed
1409 5794 1444 5851 ab
1467 5793 1738 5869 promissorium
1761 5795 1895 5872 conflata.

247 5903 278 5970 8)
301 5903 334 5959 V.
358 5922 447 5976 aspre
465 5922 499 5978 p.
516 5905 578 5961 493
601 5903 619 5958 l.
637 5905 678 5960 23
689 5920 751 5977 sqq.
