4884 6717
541 527 605 588 614
1011 528 1063 586 50.
1099 528 1319 586 CONCILIUM
1341 527 1570 584 PARISIENSE
1594 529 1631 583 A.
1653 526 1727 582 829.

540 719 732 798 animarum,
760 718 966 782 manifestum
985 727 1042 780 est.
1081 715 1289 802 Quapropter
1305 738 1440 780 neeesse
1465 727 1523 796 est,
1548 726 1584 779 ut
1607 714 1688 779 haec
1705 714 1907 800 prophetica,
1932 717 2030 779 immo
2047 714 2197 779 caelestis

395 851 520 902 uasta
539 823 628 906 tuba,
660 846 725 910 qua
755 825 971 910 praecipitur:
1007 823 1130 902 Clamo,
1160 849 1197 887 ae
1228 848 1344 905 cessea,·
1374 826 1471 909 quasi
1498 813 1570 887 tuba
1602 823 1705 886 exulta
1737 846 1840 886 ‘rocam
1871 837 1955 886 trram
1987 838 2016 887 et
2041 823 2196 887 adnatatlu

532 933 655 1018 populo
679 957 745 995 meo
769 932 887 996 seelera
911 954 1018 994 eornm
1041 944 1070 994 et
1093 930 1204 994 donini
1224 929 1319 994 Iacob
1338 945 1472 1016 peecata
1496 955 1612 1008 eorum,
1644 938 1676 992 et
1707 927 1951 1013 praedicatores
1976 939 2009 992 et
2032 928 2196 992 auditores

540 1060 560 1100 a
584 1059 696 1102 somno
728 1038 867 1123 torporis
898 1046 930 1100 et
959 1036 1187 1121 neglegentiae
1211 1034 1342 1099 tandem
1368 1035 1499 1115 excitet,
1531 1046 1567 1099 ut
1595 1033 1629 1098 hi
1654 1033 1695 1098 de
1718 1033 1789 1098 utili
1814 1057 1873 1098 sua
1896 1035 2140 1120 praedieatione
2164 1047 2196 1100 et

539 1143 585 1207 illi
610 1142 651 1207 de
675 1142 862 1208 oboedienti
886 1142 1074 1229 impletione
1098 1153 1232 1206 aeterna
1255 1165 1275 1205 a
1298 1141 1440 1207 Domino
1465 1141 1626 1206 donentur
1649 1142 1920 1205 remuneratione.
2213 1166 2227 1207 s

647 1284 750 1372 Cap.
786 1285 844 1348 VI.
893 1284 1024 1366 Quod
1062 1286 1191 1347 inter
1230 1295 1396 1348 cetera
1435 1282 1489 1348 ad
1524 1307 1680 1347 curam
1716 1285 2054 1370 episcoporum
2091 1306 2196 1370 spe·

540 1392 744 1456 cialiter
781 1392 1053 1479 pertineat,
1099 1400 1147 1455 ut
1184 1390 1251 1472 hi,
1298 1391 1375 1477 qui
1414 1389 1561 1454 fidem
1601 1389 1790 1456 Christi
1829 1403 2087 1477 expetunt,
2127 1392 2197 1455 in·

539 1510 795 1571 struantur
841 1511 884 1562 et
929 1497 1055 1562 fidei
1094 1509 1138 1562 et
1179 1496 1496 1584 baptismatis
1543 1511 1858 1563 sacramento.
1920 1497 2197 1585 In1prim0rdi0

540 1618 672 1670 sanetae
689 1606 754 1670 Dei
777 1604 936 1669 ecelesiae
960 1627 1056 1669 nemo
1080 1603 1123 1668 ad
1146 1605 1390 1690 perceptionem
1415 1606 1616 1668 sacrosancti
1639 1603 1845 1691 baptismatis
1869 1603 2111 1686 admittebatur,
2135 1606 2198 1668 nisi

539 1714 629 1798 prius
661 1723 693 1777 et
722 1712 800 1776 fidei
831 1721 864 1776 et
894 1710 1100 1798 baptismatis
1132 1722 1336 1775 sacramento
1367 1710 1482 1774 fuisset
1513 1712 1705 1792 instructus3
1742 1712 1830 1797 quod
1859 1710 1962 1775 rerba
1991 1710 2080 1776 beati
2102 1711 2197 1776 Pauli
2218 1736 2244 1775 10

401 1842 521 1890 romam.
539 1819 677 1905 apostoli
703 1817 852 1906 probant,
877 1820 923 1881 ita
947 1817 1136 1882 scribentis:
1162 1819 1215 1881 Au
1239 1820 1404 1906 e‘quorntis,
1429 1818 1543 1904 inquit,
1561 1821 1699 1906 fratres,
1724 1822 1812 1904 quin,
1837 1821 2023 1905 quicumque
2047 1821 2201 1906 baptizati

540 1953 646 1990 sranius
670 1930 705 1991 e'u
725 1927 849 1990 Christo
865 1925 949 2004 Iesu,
974 1928 1007 1989 e‘n
1031 1940 1127 1990 neorte
1151 1928 1255 2011 e'pst'us
1279 1927 1433 2011 baptizati
1452 1927 1581 1989 aceruus?
1604 1937 1636 1989 et
1652 1937 1772 2006 cetera,
1797 1948 1859 2010 que
1876 1925 2073 2011 apostolicus
2090 1948 2196 1989 sermo

541 2033 580 2096 de
594 2032 797 2118 baptismatis
811 2041 1014 2096 sacramento
1028 2033 1210 2117 exequitur.
1229 2029 1390 2095 Scribitur
1405 2053 1534 2117 quoque
1548 2033 1580 2095 in
1594 2031 1732 2096 concilio
1743 2031 1939 2096 Laodicensi
1952 2031 2045 2096 titulo
2058 2032 2196 2097 XLVI.:

541 2147 643 2213 Qu0u²
666 2157 794 2219 oporteat
818 2167 874 2214 eos,
898 2150 944 2219 qni
969 2149 1004 2201 ad
1028 2148 1163 2218 baptisma
1186 2148 1309 2216 renituit,
1331 2146 1415 2200 tidem
1439 2148 1543 2202 discere
1568 2155 1595 2202 et
1618 2148 1715 2219 quinta
1738 2148 1808 2202 feria
1829 2149 1999 2217 septimanae
2014 2149 2124 2202 maioris
2140 2148 2197 2218 epi·

540 2273 623 2326 scopo
655 2265 702 2309 aut
726 2255 884 2325 presbiteris
906 2256 1036 2324 reddere3
1067 2247 1144 2308 item
1169 2246 1202 2308 in
1227 2244 1343 2307 eodem
1374 2243 1515 2329 capitulo
1540 2245 1696 2309 XLVll.:
1728 2250 1831 2320 Quod³
1855 2263 1981 2325 oporteat
2012 2273 2069 2324 cos,
2099 2256 2147 2325 qui
2170 2255 2197 2308 in
2217 2267 2242 2307 rs

541 2363 694 2434 egritudine
717 2362 871 2432 percipiunt
894 2362 1041 2431 baptisma,
1064 2369 1212 2432 postquam
1236 2361 1434 2426 eorrraluerint‚
1457 2360 1541 2414 tidem
1563 2362 1720 2431 perdiscere
1744 2369 1771 2416 et
1787 2362 1866 2422 scire,
1889 2362 1965 2416 errius
1980 2363 2098 2416 muneris
2113 2362 2196 2431 parti·

539 2470 615 2539 cipes
639 2469 705 2522 facti
729 2470 790 2522 sint.
837 2457 964 2539 Quibus
994 2456 1105 2522 verbis
1136 2468 1248 2543 aperte
1282 2457 1377 2521 datur
1399 2457 1548 2542 intelligi,
1580 2458 1665 2543 quod
1694 2458 1736 2523 ad
1759 2458 1857 2522 fidem
1882 2457 2002 2523 Christi
2026 2461 2197 2523 venientes

540 2567 685 2631 eiusdem
709 2566 786 2630 fidei
811 2577 843 2629 et
865 2564 1071 2651 baptismatis
1094 2563 1337 2628 instruebantur
1367 2565 1589 2628 sacramentis.
1637 2563 1761 2628 l'erum
1792 2566 1946 2651 quoniam
1969 2564 2051 2629 fides
2075 2564 2196 2629 Christi

539 2673 661 2760 ubique
693 2672 792 2759 pollet
824 2684 857 2736 et
886 2672 1015 2757 parvuli
1047 2670 1087 2734 de
1119 2670 1312 2734 Christianis
1344 2669 1535 2757 parentibus
1565 2672 1644 2752 nati,
1680 2683 1855 2757 antequam
1886 2670 1929 2734 ad
1959 2670 2196 2756 intelligibilem

540 2793 680 2844 aetatem
705 2781 849 2860 veniant,
874 2776 1079 2864 baptismatis
1096 2787 1301 2842 sacramenta
1317 2779 1511 2863 percipiunt,
1535 2800 1670 2842 necesse
1688 2789 1746 2858 est,
1771 2789 1805 2842 ut
1823 2777 1912 2864 quod
1928 2776 2089 2842 inbecillis
2105 2791 2196 2842 aetas
2216 2802 2243 2840 so

540 2889 688 2974 nequivit
710 2884 922 2971 intelligibilis
947 2885 1073 2949 discere
1098 2895 1236 2970 satagat.
1274 2884 1371 2964 Quod
1394 2885 1471 2970 quia
1495 2883 1537 2948 ab
1561 2907 1621 2947 usu
1645 2883 1851 2949 Christianae
1875 2884 2041 2970 religionis
2065 2897 2198 2972 propter

541 2993 745 3080 quorundam
769 2995 929 3057 incuriam
953 2994 1098 3074 recessit,
1123 3003 1264 3078 quantae
1290 2993 1330 3054 sit
1353 2990 1581 3076 neglegentiae
1606 2993 1783 3076 quantique
1800 2991 2007 3068 discriminis,
2032 2992 2111 3056 satis
2132 2991 2197 3056 dici

540 3124 604 3166 nou
628 3112 745 3187 potest.

647 3242 751 3328 Cap.
776 3242 850 3310 VH.
899 3241 1029 3321 Quod
1061 3252 1245 3327 tempus
1278 3239 1563 3327 baptimatis
1588 3262 1608 3302 a
1631 3239 1882 3303 nonnullis
1913 3263 2000 3304 non
2031 3240 2120 3322 ita,
2150 3253 2197 3305 ut

541 3351 806 3415 canonieus
838 3347 950 3412 ordo
981 3347 1143 3428 docet,
1174 3345 1477 3411 observetur.
1526 3345 1637 3410 Sane4
1661 3368 1681 3409 a
1705 3345 1910 3431 quibusdam,
1942 3348 2092 3434 quamvis
2115 3347 2242 3412 fidesas

541 3455 662 3521 Christi
701 3456 864 3520 inhianter
902 3465 1090 3542 expetatur,
1131 3453 1226 3518 aliter
1264 3465 1373 3517 tamen
1408 3453 1525 3538 a'gitur,
1562 3475 1660 3539 quam
1695 3451 1806 3516 divina
1840 3456 2015 3518 auctoritas
2049 3465 2195 3519 testetur.

540 3564 694 3627 Praefixa
720 3575 868 3649 tempora
892 3585 1052 3627 canonum
1077 3584 1175 3647 super
1198 3559 1417 3625 celebratione
1443 3558 1646 3645 baptismatis
1670 3582 1690 3623 a
1713 3559 1822 3623 multis
1852 3562 1971 3646 partim
2002 3562 2196 3646 ignorantia,

542 3672 660 3756 partim
685 3672 950 3756 praesumptione
974 3668 1152 3750 violantur3
1178 3667 1333 3748 seeundo,
1364 3668 1441 3752 quia
1472 3665 1529 3745 illi,
1562 3667 1616 3752 qui
1647 3667 1681 3729 in
1712 3689 1771 3731 sua
1802 3668 1974 3753 sponsione
2005 3667 2132 3754 aliquos
2155 3668 2196 3732 de

543 3788 751 3841 sacrosancto
775 3776 864 3841 fonte
890 3778 1080 3862 suscipiunt,
1110 3798 1172 3840 nee
1195 3774 1274 3838 fidei
1303 3796 1365 3838 nee
1394 3772 1599 3858 baptismatis
1635 3787 1838 3838 sacramento
1873 3785 1948 3838 sunt
1981 3775 2130 3839 instructi
2165 3785 2197 3839 et

541 3883 664 3948 ideireo
694 3906 760 3963 eos,
792 3906 873 3970 quos
905 3884 1087 3968 suscipiunt
1117 3893 1149 3946 et
1178 3881 1358 3946 seeundum
1393 3891 1578 3944 sanctorum
1608 3892 1736 3966 patrum
1767 3880 1961 3945 documenta
1991 3881 2109 3946 docere
2142 3882 2195 3946 de·
2215 3904 2242 3943 so

540 3988 688 4071 buerant,
721 3989 850 4054 erudire
875 4000 1050 4076 nequeunt.
1098 3988 1195 4069 Quod
1218 3987 1262 4053 ad
1285 3987 1525 4073 neglegentiam
1557 3987 1762 4051 sacerdotum
1792 4011 1920 4051 necnon
1950 4001 1982 4053 et
2012 3988 2196 4053 auditorum

544 4099 707 4182 pertinere
733 4096 865 4161 dubium
890 4119 955 4160 non
979 4107 1037 4160 est.
1085 4095 1158 4177 Quo
1190 4097 1299 4180 itaque
1324 4108 1469 4180 tempore
1493 4092 1674 4179 baptismus
1699 4093 1858 4158 celebrari
1882 4094 2010 4177 debeat,
2043 4094 2196 4160 Celusius

542 4205 575 4266 in
601 4201 818 4268 decretalibus
843 4202 985 4289 capitulo
1010 4203 1053 4266 X.
1078 4201 1207 4265 scribit:
1232 4206 1432 4282 Baptizaudi5,
1463 4202 1578 4286 inquit,
1609 4211 1661 4264 sibi
1692 4212 1829 4282 quispiam
1855 4212 1959 4282 passim
1981 4213 2037 4266 alio
2067 4219 2196 4282 tempore

541 4321 648 4374 nullam
672 4320 771 4375 eredat
795 4321 888 4374 inesse
919 4318 1050 4373 fiduciam
1074 4326 1191 4390 praeter
1213 4309 1350 4372 Paschale
1382 4317 1488 4371 festum
1513 4324 1543 4371 et
1566 4317 1761 4373 Pentecosten
1785 4318 1949 4374 venerabile
1980 4327 2195 4386 sacramentnm,

542 4433 663 4497 excepto
689 4428 835 4481 dumtaxat
859 4426 1014 4497 gravissimi
1037 4425 1180 4496 languoris
1204 4425 1325 4490 incursu,
1350 4424 1379 4477 in
1403 4440 1458 4494 quo
1482 4424 1640 4478 verendum
1664 4433 1718 4490 est,
1743 4442 1779 4478 ne
1796 4426 1885 4479 morbi
1904 4433 2052 4482 crescente
2068 4425 2195 4497 periculo
2214 4437 2242 4478 as

541 4534 602 4588 sine
627 4534 752 4589 remedio
776 4533 893 4588 salutari
916 4532 1043 4587 fortassis
1075 4539 1207 4602 egrotans
1239 4531 1349 4586 excidio
1377 4537 1553 4601 praeventus
1583 4531 1730 4585 abscedat.
1788 4520 1870 4585 Item
1894 4522 1962 4585 Leo
1993 4524 2027 4586 in
2056 4523 2196 4587 decretis

541 4631 607 4694 suis
631 4629 723 4695 titulo
748 4630 826 4694 XL:
859 4634 967 4695 Unde⁶
994 4639 1062 4709 quia
1090 4637 1318 4692 manifestissime
1348 4643 1432 4707 patet
1467 4636 1645 4707 baptizandis
1679 4637 1708 4691 in
1744 4637 1867 4692 ecelesia
1901 4637 2001 4693 electu
2034 4639 2105 4693 haec
2140 4639 2196 4693 duo

540 4753 680 4817 tempora,
705 4746 741 4802 de
767 4746 869 4817 quibus
893 4746 979 4800 locuti
1003 4763 1109 4811 sumus,
1135 4763 1197 4800 esse
1223 4745 1359 4816 legitima,
1391 4743 1572 4799 dilectionem
1602 4751 1725 4800 vestram
1754 4763 1909 4813 monemus,
1945 4752 1977 4799 ut
2006 4744 2098 4799 nullos
2128 4744 2196 4800 alios

648 4973 697 5023 VI.
726 4973 922 5023 lsaerisancti
942 4972 969 5022 Γ.
990 4971 1020 5021 P.
1096 4975 1127 5021 13
1148 4973 1305 5036 exsequitur
1323 4969 1355 5021 P.
1422 4971 1608 5022 Landioceusi
1628 4971 1659 5022 P.
1728 4974 1760 5022 16
1781 4975 1918 5039 particeps
1939 4972 1965 5021 Γ.
2037 4973 2071 5022 22
2090 4973 2197 5036 quanti·

541 5079 611 5128 quae
637 5062 664 5111 Γ.
2214 5068 2243 5107 ⁴0

647 5169 711 5223 v11.
740 5171 773 5219 24
793 5185 809 5219 a
827 5162 977 5231 nonnullis]
997 5185 1032 5217 an
1052 5167 1157 5218 nullum
1177 5167 1207 5216 Ρ.
1275 5169 1309 5217 28
1329 5161 1386 5231 qui]
1408 5168 1474 5230 quia
1492 5186 1555 5218 aon.
1575 5169 1621 5232 qui
1641 5167 1667 5222 P,
1686 5167 1752 5217 deest
1771 5167 1802 5217 P.
1873 5161 1989 5233 aliquos]
2010 5167 2045 5216 ita
2063 5166 2129 5229 add,
2149 5183 2197 5218 eos

540 5274 608 5323 quos
629 5257 655 5307 1⁷.
676 5257 707 5308 P.
792 5258 825 5308 33
846 5257 1015 5323 Baptiaando
1034 5273 1098 5306 corr.
1118 5256 1281 5321 Baptizandi
1301 5255 1328 5315 Γ,
1358 5256 1555 5321 Baptizandum
1574 5274 1637 5306 corr.
1657 5257 1820 5321 Baptizandi
1840 5255 1870 5306 P.
1955 5258 1988 5306 34
2015 5255 2118 5307 nullum
2139 5273 2195 5309 cre·

541 5348 607 5397 dant
625 5348 652 5406 Γ,
672 5345 775 5397 nullam
795 5347 908 5397 eredunt
927 5345 958 5396 P.
1032 5348 1065 5395 35
1085 5346 1172 5395 morbi
1191 5337 1344 5409 crescente]
1363 5346 1456 5394 mortis
1477 5341 1521 5407 (tis
1540 5344 1600 5394 aaa.
1619 5345 1653 5395 al.
1672 5343 1752 5407 amn.)
1773 5346 1941 5396 increscente
1962 5345 1988 5395 l'.

650 5562 680 5628 1)
714 5561 762 5635 Cf.
787 5583 847 5620 arm
872 5563 923 5620 loc
946 5562 1067 5638 capitello
1097 5582 1170 5638 meae
1202 5561 1319 5638 expauit
1344 5561 1441 5634 Ionas,
1472 5561 1518 5618 De
1548 5561 1717 5619 institutione
1745 5561 1844 5619 laicali
1866 5557 1987 5640 (illique,
2012 5563 2122 5620 Putrol.
2146 5564 2195 5619 lat.

543 5667 621 5740 CVI,
639 5673 696 5729 121
708 5665 783 5746 sqq.)
808 5669 828 5726 I
846 5690 870 5725 e.
888 5674 917 5728 8.
988 5667 1018 5738 2)
1046 5667 1197 5727 Concilium
1216 5668 1391 5725 Laodicense
1414 5689 1438 5724 c.
1456 5672 1498 5727 46
1505 5689 1515 5736 ;
1540 5668 1640 5724 diensi
1661 5667 1701 5738 ΙΙ,
1719 5672 1790 5728 581.
1865 5667 1895 5738 3)
1920 5669 1995 5726 Ibid.
2020 5690 2043 5726 c.
2060 5672 2118 5737 eu,-
2141 5671 2159 5726 ἱ.
2177 5671 2195 5726 l.
2213 5690 2242 5730 ss

543 5775 574 5844 4)
600 5775 649 5847 Cf.
666 5777 750 5848 iasra
767 5776 886 5834 eiusdau
903 5775 968 5833 libri
986 5795 1009 5832 c.
1023 5780 1044 5835 8
1051 5798 1062 5844 ‚·
1084 5796 1110 5833 o.
1128 5776 1209 5832 edam
1233 5794 1324 5851 supra
1341 5795 1375 5851 p.
1392 5778 1454 5834 594
1478 5795 1501 5830 c.
1518 5778 1548 5834 2.
1619 5773 1649 5844 5)
1673 5775 1798 5833 Decreta
1815 5774 1926 5834 Gelasii
1947 5796 1970 5832 c.
1989 5779 2028 5834 10
2042 5771 2196 5850 (ἆαχῒέ-Κ.

541 5903 571 5939 a.
589 5877 672 5956 636).
765 5883 796 5952 6)
820 5882 945 5940 Decreta
962 5882 1066 5940 Leonis
1088 5903 1111 5938 c.
1129 5885 1165 5942 11
1190 5877 1346 5957 (Jaffl-K.
1371 5901 1399 5939 n.
1416 5877 1499 5958 414).
