4884 6717
433 1378 461 1420 er.
470 1378 538 1419 biars.

425 1431 447 1478 b,
456 1432 481 1470 tt
489 1443 538 1480 squ.

558 547 622 611 536
1029 557 1082 612 44.
1117 556 1336 614 CONCILIUM
1359 555 1586 613 PARISIENSE
1610 556 1647 611 A.
1668 553 1743 610 825.

664 741 757 806 Item.
805 750 986 824 Congruum¹
1010 756 1259 826 necessariumque
1283 755 1464 810 iudicavimus
1488 754 1606 825 primum
1636 752 1793 807 sententias
1817 759 1975 805 sanctorum
1998 757 2110 822 patrum
2133 750 2212 805 oolli-

555 874 626 926 gere
650 864 748 912 contra
771 875 830 921 eos,
856 859 904 930 qui
928 862 1065 933 imagines
1081 869 1239 915 sanctorum
1256 861 1407 916 indiscreto
1422 860 1484 915 zelo
1500 861 1633 914 abdicare
1649 865 1842 930 praesumunt,
1867 849 1950 912 sicut
1966 870 2025 933 per
2041 847 2213 934 epistolam

556 952 750 1018 Michahelis
773 957 978 1042 imperatoris
1001 959 1035 1021 in
1058 956 1206 1045 partibus
1226 959 1359 1022 orientis
1378 980 1482 1044 nuper
1500 957 1621 1021 factum
1641 977 1713 1020 esse
1732 954 1916 1034 didicimus,
1941 965 1983 1035 et,
2007 954 2148 1041 qualiter
2170 953 2213 1018 ab

557 1059 680 1124 eisdem
705 1064 826 1126 sanctis
849 1063 998 1149 patribus
1022 1063 1153 1128 habitae
1178 1065 1231 1129 rel
1254 1064 1368 1129 haberi
1392 1065 1549 1150 permisse
1574 1065 1648 1142 sint,
1673 1061 1907 1125 demonstrare.

664 1168 718 1231 Ex
748 1167 831 1233 libro
855 1170 991 1234 Eusebii
1022 1170 1267 1236 ecclesiasticae
1299 1172 1465 1258 hystoriae
1488 1169 1564 1233 VII.
1589 1191 1661 1254 cap.
1679 1169 1772 1232 XV.:
1797 1173 1925 1232 Verum²
1948 1179 2014 1248 quia
2036 1179 2114 1232 urbis
2132 1178 2245 1233 hrum*

556 1283 673 1338 fecimus
697 1286 878 1353 mentionem,
903 1287 1004 1341 iustum
1027 1288 1139 1341 ridetur
1162 1305 1379 1343 commemorare
1405 1289 1488 1342 etiam
1511 1287 1581 1341 illud
1605 1287 1633 1340 in
1658 1304 1692 1340 ea
1715 1294 1836 1356 gestiun,
1861 1287 1934 1356 quod
1959 1285 2073 1340 historia
2097 1286 2214 1357 dignum

556 1392 694 1445 duximus.
741 1391 900 1458 Mulierem,
932 1412 1014 1464 quam
1045 1395 1187 1465 sanguinis
1216 1394 1353 1466 profluvio
1384 1394 1559 1449 laborantem
1583 1410 1599 1446 a
1623 1393 1762 1446 salvatore
1790 1401 1916 1446 curatam
1945 1392 2095 1463 evangelia
2122 1392 2212 1446 tradi·

555 1499 669 1564 demut,
692 1499 773 1551 huius
797 1499 872 1553 urbis
897 1501 988 1555 civem
1013 1509 1121 1554 constat
1145 1501 1243 1569 fuisse,
1268 1503 1422 1572 domusque
1448 1501 1507 1555 eius
1532 1501 1559 1554 in
1584 1517 1619 1554 ea
1644 1501 1727 1555 etiam
1742 1517 1816 1553 nunc
1833 1500 2000 1555 ostenditur.
2036 1499 2090 1553 Pro
2106 1497 2213 1554 foribus

554 1623 622 1659 sero
646 1605 743 1658 domus
773 1607 859 1676 ipsius
889 1607 964 1659 basis
995 1609 1133 1678 quaedam
1165 1608 1192 1661 in
1225 1609 1286 1663 loco
1311 1608 1429 1663 editiore
1458 1609 1605 1663 conlocata
1627 1615 1804 1674 monstratur,
1837 1609 1864 1661 in
1896 1625 1951 1678 qua
1978 1606 2101 1661 mulieris
2124 1607 2213 1677 ipsius

555 1713 632 1766 velut
655 1712 775 1782 genibus
799 1712 964 1782 provolutae
987 1716 1152 1785 palmasque
1183 1716 1350 1786 suppliciter
1378 1716 1523 1770 tendentis
1555 1715 1646 1785 imago
1678 1732 1745 1768 aere
1777 1715 1888 1769 videtur
1918 1731 2062 1784 expressa.
2110 1713 2214 1767 Adstat
2232 1721 2259 1761 ro

556 1835 623 1873 vero
654 1818 709 1871 alia
741 1837 775 1872 ex
806 1836 874 1873 aere
905 1820 1098 1874 nichilominus
1128 1820 1191 1874 fusa
1222 1829 1315 1875 statua
1337 1822 1436 1876 habitu
1459 1822 1540 1888 virili,
1568 1822 1640 1875 stola
1670 1829 1781 1891 compte
1812 1822 1984 1876 circumdata
2014 1827 2042 1874 et
2066 1821 2213 1874 dexteram

556 1925 663 1980 mulieri
688 1926 853 1996 porrigens,
878 1926 959 1980 huius
983 1928 1019 1980 ad
1044 1928 1149 1998 pedem
1172 1937 1281 1983 statuae
1306 1947 1322 1983 e
1346 1929 1406 1983 basi
1430 1929 1520 1984 herba
1543 1929 1665 1999 quedam
1680 1945 1752 1982 nora
1769 1928 1865 1999 specie
1881 1928 2017 1994 nascitur,
2042 1944 2126 1998 quae,
2150 1944 2212 1980 eum

556 2032 673 2088 exhorta
698 2032 794 2098 fuerit,
820 2051 985 2088 excrescere
1010 2053 1099 2105 usque
1119 2036 1156 2088 ad
1176 2036 1267 2090 stolae
1291 2036 1365 2090 illius
1382 2036 1459 2091 acrei
1475 2035 1631 2090 indumenti
1647 2033 1784 2089 fimbriam
1800 2036 1880 2089 solet.
1916 2035 2005 2099 Quam
2029 2052 2090 2088 curn
2106 2050 2212 2086 summo

556 2140 662 2195 vertice
687 2158 819 2194 crescens
843 2141 932 2195 herba
956 2142 1114 2212 contigerit,
1140 2143 1213 2196 sires
1238 2143 1302 2197 inde
1327 2144 1363 2197 ad
1388 2144 1576 2214 depellendos
1599 2161 1696 2198 omnes
1712 2143 1822 2197 morbos
1839 2143 2045 2213 languoresque
2062 2140 2211 2211 conquirit,

556 2246 593 2301 ita
624 2254 654 2301 ut
684 2264 853 2317 quecunque
885 2247 933 2300 illa
963 2247 1048 2301 fuerit
1077 2247 1222 2302 infirmitas
1254 2250 1377 2320 corporis
1406 2250 1506 2304 haustu
1538 2252 1637 2322 exiguo
1660 2249 1813 2304 madefacti
1842 2250 1971 2303 salutaris
2000 2248 2131 2320 graminis
2159 2249 2210 2302 de·
2231 2257 2258 2298 rt

556 2353 688 2424 pellatur,
720 2353 787 2406 nihil
818 2354 929 2409 omuino
953 2355 1052 2409 sirium
1081 2374 1195 2427 gerens,
1225 2358 1258 2424 si,
1290 2366 1442 2428 antequam
1472 2375 1575 2412 aereae
1603 2355 1729 2411 fimbriae
1753 2357 1941 2410 summitatem
1964 2356 2119 2411 crescendo
2144 2372 2211 2408 eon·

556 2460 660 2531 tigerit,
689 2462 869 2532 decerpatur.
917 2462 998 2516 Hauc
1022 2471 1142 2517 statuam
1165 2466 1201 2518 ad
1227 2463 1435 2518 similitudinem
1458 2465 1549 2518 vultus
1572 2463 1657 2518 lhesu
1680 2464 1827 2518 formatam
1851 2462 2008 2528 mallebant,
2040 2480 2112 2533 quae
2143 2480 2210 2534 per·

556 2569 656 2621 mansit
679 2569 716 2622 ad
739 2575 835 2622 nostra
857 2587 946 2639 usque
970 2576 1107 2641 tempora,
1139 2572 1208 2625 sicut
1232 2571 1286 2641 ipsi
1309 2571 1396 2624 oculis
1419 2572 1521 2625 nostris
1545 2570 1731 2641 inspeximus,
1765 2579 1793 2624 et
1823 2569 1890 2623 uihil
1921 2569 2018 2624 mirrmr
2049 2569 2071 2622 ai
2095 2568 2133 2632 hi,
2164 2567 2212 2639 qui

557 2695 590 2729 ex
614 2676 747 2746 gentibus
772 2677 965 2740 eredidenmt,
989 2695 1040 2747 pro
1065 2676 1222 2742 benefieiis,
1248 2695 1321 2748 quae
1346 2695 1363 2732 a
1386 2679 1526 2731 salvatore
1543 2677 1654 2731 fuerant
1671 2678 1823 2744 consecuti,
1847 2675 2004 2730 huiusmodi
2020 2676 2098 2731 velut
2114 2693 2212 2728 mimus

556 2783 725 2838 ridebantur
747 2782 862 2848 offerre,
891 2801 952 2837 cum
976 2784 1121 2838 videamus
1152 2786 1236 2839 etiam
1260 2802 1333 2837 nune
1358 2793 1387 2838 et
1411 2784 1599 2855 apostolorum
1621 2784 1700 2838 Petri
1724 2783 1771 2836 rel
1794 2783 1875 2837 Pauli
1900 2791 1929 2837 ct
1953 2783 2039 2853 ipsius
2063 2782 2212 2836 salvatoris
2230 2791 2259 2831 so

556 2890 692 2961 imagines
716 2890 858 2961 designari
882 2890 1041 2961 tabulisque
1066 2892 1198 2962 depingi:
1224 2893 1276 2945 sed
1297 2899 1325 2945 et
1349 2892 1479 2961 antiquas
1503 2892 1623 2962 ipsorum
1647 2891 1784 2962 imagines
1808 2908 1825 2944 a
1848 2890 2014 2960 quibusdam
2030 2896 2212 2943 conservatas

556 3014 607 3051 nos
630 2997 758 3051 vidimus.
795 2995 877 3059 Quod
901 2996 967 3050 mihi
983 2998 1093 3052 videtur
1110 3016 1143 3052 ex
1162 2998 1263 3067 gentili
1287 2998 1488 3053 consuetudine
1514 2997 1709 3052 indifferenter
1726 2998 1916 3064 observatum,
1942 2997 2016 3067 quod
2041 2996 2078 3049 ita
2102 2996 2213 3049 soleant

557 3102 694 3157 honorare
718 3121 787 3175 quos
810 3103 916 3158 honore
941 3104 1040 3174 dignos
1063 3105 1218 3158 duxeruut:
1245 3105 1364 3176 insignia
1380 3106 1486 3159 etenim
1502 3111 1627 3158 vetemm
1644 3104 1783 3158 reservari
1798 3104 1835 3156 ad
1851 3113 2024 3174 posterorum
2039 3103 2212 3168 memoriam,

558 3211 665 3264 illorum
689 3211 810 3278 honoris,
833 3211 929 3264 hortun
954 3229 1021 3265 vero
1045 3213 1145 3265 arnoris
1169 3212 1301 3266 indicium
1326 3220 1378 3267 est.

663 3307 750 3371 Hinc
776 3306 994 3393 colligendum
1019 3320 1077 3388 est,
1103 3308 1191 3394 quod
1207 3309 1325 3372 amoris
1342 3309 1548 3394 honorisque,
1573 3331 1637 3372 non
1654 3307 1853 3372 adorationis
1871 3330 1971 3371 causa
1987 3305 2211 3371 habendarum
2231 3323 2259 3365 so

556 3414 733 3498 imaginum
758 3415 912 3500 antiquae
936 3397 1097 3478 ecclesiae
1122 3439 1197 3480 usus
1222 3417 1374 3479 extiterit.

664 3537 745 3624 Cap.
770 3538 813 3601 ΙΙ.
849 3538 887 3601 In
912 3538 1039 3603 actibus
1063 3561 1193 3626 quoque
1211 3539 1360 3604 Silvestri
1377 3563 1460 3626 papc
1478 3540 1630 3624 leguntur
1645 3545 1832 3621 apparuisse³
1848 3547 2033 3604 Constantino
2049 3547 2212 3620 imperatori

558 3655 585 3708 in
609 3654 716 3709 risione
740 3655 862 3725 apostoli
886 3655 977 3709 suncti
1001 3656 1104 3710 Petrus
1129 3666 1159 3710 et
1182 3657 1287 3711 Paulus
1312 3657 1394 3727 eique
1419 3658 1460 3712 ita
1482 3657 1602 3711 dixisse:
1636 3655 1776 3719 Quoniam
1797 3656 1910 3726 flagitiis
1934 3655 1989 3710 tuis
2012 3655 2129 3727 posuisti
2152 3663 2211 3708 ter·

556 3762 660 3815 minum
684 3769 714 3815 et
739 3761 904 3817 effusionem
929 3762 1121 3816 innocentium
1144 3764 1289 3834 sanguinis
1311 3764 1454 3830 horruisti,
1485 3764 1560 3817 missi
1591 3782 1685 3817 sumus
1709 3782 1726 3818 a
1749 3761 1862 3817 Christo
1886 3763 1972 3819 Ihesn
2000 3762 2110 3816 domino
2142 3762 2210 3815 dare

556 3869 609 3922 tihi
638 3868 766 3922 sanitatis
794 3872 991 3940 recuperande
1016 3870 1171 3924 consilium.
1219 3871 1296 3925 Audi
1321 3888 1387 3941 ergo
1411 3871 1517 3925 monita
1540 3879 1636 3925 nostra
1661 3878 1690 3924 et
1714 3869 1759 3924 fac
1786 3870 1888 3932 omnia,
1920 3886 2108 3940 quaecunque
2138 3868 2211 3922 indi·
2230 3882 2260 3921 so

556 3993 651 4030 camus
675 3975 736 4029 tibi.
772 3974 912 4029 Silvester
928 3977 1078 4048 episcopus
1094 3978 1214 4031 cisitatis
1230 3977 1374 4032 Romanae
1391 3978 1427 4031 ad
1444 3985 1566 4032 montem
1583 3976 1773 4031 Soractem
1790 3976 2004 4047 persecutiones
2020 3983 2083 4030 tuas
2098 3974 2212 4046 fugiens

557 4084 592 4136 in
616 4082 744 4136 cavernis
768 4090 913 4153 petrarum
937 4100 999 4136 cunr
1023 4084 1079 4137 suis
1104 4084 1214 4138 clericis
1238 4084 1376 4140 latebram
1408 4085 1497 4138 soret.
1544 4084 1627 4138 Hune
1652 4102 1714 4138 eum
1738 4084 1774 4137 ad
1799 4090 1828 4137 te
1859 4083 2022 4147 adduxeris,
2054 4082 2134 4153 ipse
2159 4081 2212 4136 tibi

556 4190 673 4261 pietatis
696 4189 831 4260 piscinam
855 4192 1001 4258 ostendet,
1025 4190 1053 4243 in
1078 4208 1144 4261 qua,
1169 4192 1234 4243 dum
1259 4199 1289 4245 te
1314 4193 1400 4245 tertio
1423 4191 1564 4257 merserit,
1587 4192 1675 4244 omnis
1692 4199 1722 4246 te
1739 4189 1865 4244 valitudo
1882 4189 1937 4243 ista
1952 4191 2068 4244 deseret
2084 4189 2211 4260 laeprae.

557 4295 639 4360 Quod
665 4297 730 4348 dum
754 4295 860 4350 factum
884 4296 981 4363 fuerit,
1013 4297 1085 4350 hanc
1116 4298 1340 4351 vicissitudinem
1370 4305 1419 4351 tuo
1449 4297 1581 4351 salvatori
1613 4315 1773 4369 compensa,
1804 4304 1836 4351 ut
1860 4314 1956 4350 omnes
1986 4296 2063 4350 iussu
2087 4303 2135 4349 tuo
2159 4313 2213 4367 por

556 4411 647 4457 totum
666 4402 763 4456 orbem
784 4403 1024 4458 Romanorum
1043 4411 1243 4458 restaurentur
1267 4404 1416 4468 ecclcsiae,
1441 4411 1472 4457 tu
1496 4411 1591 4459 autem
1615 4404 1642 4458 in
1666 4405 1718 4458 hac
1742 4411 1825 4475 parte
1848 4402 1967 4474 purifica
1990 4410 2030 4470 te,
2056 4410 2088 4456 ut
2111 4402 2213 4458 relicta
2232 4413 2260 4454 to

555 4509 758 4581 superstitione
780 4510 917 4564 idolorum
936 4510 1030 4564 Deum
1049 4529 1145 4576 unum,
1175 4512 1222 4581 qui
1246 4529 1329 4565 verus
1358 4518 1388 4564 et
1412 4511 1487 4564 solus
1512 4517 1566 4578 est,
1597 4512 1698 4566 adores
1723 4520 1752 4565 et
1777 4511 1887 4565 excolas
1912 4519 1942 4564 et
1964 4511 2001 4564 ad
2026 4510 2086 4564 eius
2110 4509 2211 4564 veri·

556 4625 671 4670 tatem
701 4617 842 4687 adtingas.
891 4618 1037 4688 Exurgens
1068 4618 1166 4688 itaque
1198 4617 1477 4672 Constantinus
1509 4636 1526 4672 a
1556 4635 1651 4673 somno
1682 4625 1819 4672 convocat
1850 4637 1909 4683 eos,
1942 4617 1990 4687 qui
2021 4617 2212 4671 observabant

556 4723 703 4794 palatium,
729 4730 759 4777 et
778 4724 933 4777 secundum
953 4733 1078 4779 tenorem
1098 4726 1196 4779 somnii
1216 4725 1258 4778 sui
1278 4726 1350 4779 misit
1374 4726 1409 4779 ad
1434 4732 1555 4779 montem
1579 4724 1788 4790 Soractem,
1812 4725 1860 4778 ubi
1884 4731 1999 4778 sanctus
2023 4722 2160 4778 Silvester
2182 4722 2211 4776 in

556 4830 700 4884 cuiusdam
721 4828 871 4883 Christiani
891 4848 972 4900 agro
996 4833 1202 4901 persecutionis
1226 4850 1311 4886 eausa
1334 4850 1396 4885 cum
1420 4832 1477 4886 suis
1501 4832 1610 4886 clericis
1635 4838 1768 4903 receptus
1791 4831 1962 4886 lectionibus
1986 4839 2015 4884 et
2039 4830 2213 4885 orationibus

557 4937 718 4990 insistebat.
759 4937 798 4991 At
823 4937 870 4990 uhi
895 4955 912 4991 a
935 4937 1070 4991 militibus
1094 4958 1124 4993 se
1149 4947 1320 4994 conventum
1344 4939 1425 5006 vidit,
1451 4939 1572 4993 eredidit
1596 4957 1627 4992 so
1651 4940 1687 4992 ad
1711 4939 1835 5009 martyrii
1860 4955 1988 4992 coronam
2014 4938 2134 4991 evocari.
2175 4937 2212 4990 Et
2230 4948 2260 4987 so

556 5060 708 5097 conversus
732 5044 767 5097 ad
792 5043 907 5108 clerinti,
939 5043 987 5114 qui
1016 5063 1077 5098 cum
1110 5063 1143 5099 eo
1175 5053 1248 5113 erat,
1280 5046 1364 5099 dixit:
1398 5044 1474 5100 Ecce
1504 5064 1579 5101 nurrc
1608 5053 1714 5119 tempus
1743 5042 1922 5118 acecprtabr'le,
1959 5063 2021 5099 ecre
2050 5063 2125 5099 nuris
2154 5042 2215 5099 dies

555 5148 663 5204 salotis.
699 5149 848 5204 Profectus
873 5151 980 5221 itaque,
1005 5161 1035 5204 ut
1059 5153 1164 5205 <lictum
1190 5161 1245 5218 cst,
1274 5154 1405 5224 pervenit
1429 5154 1465 5207 ad
1490 5171 1597 5223 regern,
1629 5154 1671 5206 cui
1696 5152 1839 5205 nuntiatus
1863 5169 1925 5204 eum
1942 5152 2030 5206 tribus
2046 5151 2214 5221 presbiteria

557 5264 586 5310 ct
611 5257 719 5311 duobus
742 5257 906 5310 diaconibus
930 5258 1073 5328 ingressus
1097 5259 1182 5313 dixit:
1216 5260 1275 5314 Pax
1306 5260 1355 5313 tibi
1387 5269 1417 5313 ct
1440 5260 1572 5314 victoriae
1604 5260 1640 5314 de
1674 5258 1753 5313 eaelo
1783 5259 1988 5312 ministrentur.
2036 5256 2129 5320 Quem
2151 5275 2214 5311 eum

666 5451 676 5497 l
699 5450 883 5498 necessarium
904 5449 931 5496 Γ.
1017 5451 1033 5499 6
1052 5451 1162 5514 dignum
1181 5449 1249 5500 deest
1267 5450 1295 5500 Γ.
1380 5453 1395 5500 9
1416 5452 1489 5501 basis
1509 5445 1635 5517 quadarn}
1654 5452 1781 5515 basisque
1801 5449 1910 5500 domum
1930 5449 1957 5498 V.
2050 5451 2083 5498 10
2102 5464 2164 5514 aere
2185 5445 2214 5496 V.

560 5537 590 5585 15
610 5533 781 5601 quecunque]
803 5539 959 5604 quicunque
980 5539 1006 5589 V.
1086 5541 1119 5590 22
1139 5540 1326 5590 indifferentes
1346 5540 1373 5589 V.
1453 5542 1487 5590 25
1507 5547 1547 5590 est
1565 5540 1631 5590 deest
1650 5540 1676 5589 V.
2231 5552 2260 5592 tt

664 5626 698 5674 11.
727 5629 761 5675 33
781 5628 900 5676 ostendit
921 5627 948 5678 V.
1021 5628 1084 5678 dum
1105 5623 1140 5691 te]
1160 5630 1222 5679 dum
1244 5629 1270 5678 l'.
1344 5629 1444 5680 deserit
1465 5629 1492 5682 Γ.

668 5809 696 5874 l)
720 5806 751 5863 V.
775 5829 865 5883 supro
884 5831 917 5885 p.
935 5813 996 5869 ser
1021 5811 1039 5865 l.
1056 5814 1097 5869 25
1110 5831 1171 5886 sqq.
1277 5809 1307 5878 2)
1331 5811 1361 5867 V.
1386 5830 1476 5886 supra
1494 5813 1606 5887 pastis
1630 5813 1780 5887 tfflsqq.
1880 5811 1911 5880 3)
1934 5810 1966 5867 V.
1990 5828 2081 5885 supra
2099 5809 2215 5885 pres

557 5913 612 5971 to·
624 5933 684 5988 sqq.
