4884 6717
251 479 464 535 APPENDIX.
512 479 542 537 5.
572 479 791 538 DECRETUM
815 481 989 538 SPURIUM
1012 481 1208 538 HADRIANI
1228 483 1252 537 1.
1277 482 1407 537 PAPAE
1432 481 1485 537 DE
1509 480 1795 538 INVESTITURIS.
1842 474 1907 538 825

251 668 358 731 minus
388 667 517 732 invasit.
564 667 619 732 Ad
649 690 747 754 quem
769 666 911 733 Karolus
942 669 1052 754 sepius
1078 669 1081 832 Ι

251 771 377 859 legatos
400 774 489 838 misit
512 774 660 842 eiusdem
682 775 741 839 rei.
783 775 859 862 lpse
882 797 960 839 vero
983 774 1051 838 De·

252 879 391 944 siderius
414 878 502 945 bona
525 879 706 947 aecclesiae
723 881 908 968 relinquere
924 903 959 946 se
978 904 1050 968 pro·
1078 835 1081 956 l

251 987 340 1051 misit
361 1009 421 1075 per
444 988 554 1052 omnia
578 998 610 1052 et
632 988 732 1053 nichil
754 988 903 1076 profecit.
1077 997 1081 1126 q

219 1138 233 1177 s
297 1112 358 1198 (4).
392 1111 558 1199 Stephano
592 1135 672 1177 vero
702 1111 856 1177 defuncto
886 1105 1051 1176 Adrianus
1107 1114 1273 1178 Adrianus*
1302 1141 1378 1194 papa
1400 1121 1516 1178 Renum
1546 1113 1659 1176 venire
1683 1111 1842 1178 Karelmu
1871 1123 1907 1178 ad

251 1240 339 1305 papa
353 1217 477 1284 Karolo
500 1217 626 1305 legatos
650 1218 770 1284 direxit
794 1228 836 1302 el,
860 1229 896 1283 ut
914 1219 1050 1283 Romam
1106 1230 1304 1286 defendendas
1334 1247 1380 1285 res
1409 1229 1547 1285 ecelesiae
1575 1228 1738 1300 postulavit.
1785 1228 1907 1284 Karolus

251 1327 379 1390 veniret
420 1325 463 1389 ad
504 1324 728 1391 defendendas
767 1348 819 1391 res
857 1325 1050 1408 aecclesiae,
1106 1350 1184 1413 ergo
1208 1328 1344 1391 Romam
1367 1328 1504 1391 veniens
1527 1336 1644 1407 Papiam
1672 1331 1786 1391 obsedit
1809 1336 1906 1408 ibique

250 1431 428 1518 postulavit
436 1437 456 1497 ¹.
488 1432 582 1498 Tunc
599 1430 909 1522 temporisKarolus
922 1432 1050 1497 Italiam
1077 1427 1078 1438 ¹
1105 1435 1219 1501 relicto
1243 1436 1392 1500 exercitu
1415 1436 1449 1499 in
1473 1446 1588 1499 sancta
1603 1433 1840 1498 resurrectione
1864 1431 1906 1497 ab

1164 1632 1190 1710 ¹³)
1213 1641 1266 1696 Pro
1282 1640 1424 1695 Adrianus
1439 1641 1622 1712 -precepit
1642 1640 1726 1709 dossa
1734 1661 1763 1709 p.
1772 1647 1825 1694 828
1836 1643 1907 1693 soti

1212 1753 1230 1802 1.
1241 1749 1287 1813 10)
1302 1751 1404 1818 praebet
1415 1752 1454 1802 Αε
1470 1746 1614 1802 Adrianus
1635 1764 1712 1819 papa
1730 1747 1766 1802 ad
1785 1747 1908 1802 tuendas

1213 1872 1260 1910 res
1283 1854 1441 1910 aecclesiae
1466 1853 1602 1909 Karolnm
1624 1854 1741 1909 Romam
1764 1853 1906 1909 accersiit.

1215 1960 1279 2026 Quo
1294 1979 1419 2032 pergens
1434 1961 1551 2032 Papiam
1569 1961 1682 2016 obsedit
1696 1961 1793 2032 ibique
1809 1961 1907 2016 relicto

1214 2069 1341 2126 exercitu
1350 2067 1465 2123 Romam
1473 2068 1616 2140 pervenit,
1627 2075 1754 2123 sanctam
1763 2085 1906 2124 resurree-

1213 2177 1320 2233 tionem
1336 2177 1374 2230 ibi
1391 2175 1514 2246 peregit.
1541 2174 1646 2231 Postea
1661 2176 1775 2230 rediens
1790 2175 1907 2246 Papiam

1214 2284 1290 2363 cepit
1313 2284 1474 2354 itemmque
1498 2281 1613 2337 Romam
1643 2282 1739 2348 rediit,
1769 2281 1907 2353 synodum

1214 2390 1359 2445 constitnit
1374 2407 1437 2444 curn
1450 2388 1576 2444 Adriano
1591 2406 1667 2460 papa
1682 2389 1801 2460 aliisque
1814 2387 1906 2442 CLIII

1213 2497 1353 2566 religiosis
1376 2496 1517 2568 episeopis
1548 2503 1578 2551 et
1602 2495 1768 2564 abbatibus,
1798 2495 1827 2549 in
1850 2513 1908 2567 qua

1213 2604 1356 2660 Adrianus
1374 2623 1450 2676 papa
1471 2623 1534 2659 eum
1552 2604 1686 2661 universa
1702 2606 1810 2678 synodo
1828 2606 1907 2660 dedit

1215 2712 1297 2768 eiius
1310 2712 1435 2784 eligendi
1448 2710 1611 2783 pontificem
1628 2719 1658 2766 et
1674 2713 1822 2767 ordinandi
1837 2730 1906 2784 apo·

1214 2819 1340 2874 stolidam
1363 2820 1471 2886 sedem,
1496 2819 1661 2889 dignitatem
1680 2836 1793 2891 quoque
1817 2821 1906 2891 patri·

1215 2926 1314 2981 ciatus.
1339 2924 1460 2997 Insuper
1476 2926 1703 2997 archiepiscopos
1716 2932 1747 2981 et
1760 2927 1907 2998 episcopos

1214 3051 1267 3104 per
1290 3033 1415 3104 singulas
1437 3033 1592 3104 provintias
1607 3033 1644 3087 ab
1661 3050 1695 3087 eo
1711 3033 1907 3088 investituram

1216 3140 1347 3211 accipere
1372 3138 1505 3194 diffinivit
1530 3146 1560 3195 et
1582 3148 1625 3207 ut,
1649 3140 1701 3194 nisi
1725 3158 1743 3194 s
1761 3157 1829 3212 rege
1845 3140 1906 3196 lau·

1215 3247 1302 3301 detur
1325 3253 1355 3301 et
1378 3247 1548 3301 investiatur
1571 3247 1731 3319 episcopus,
1756 3266 1773 3302 a
1795 3248 1906 3302 nemine

1215 3361 1408 3409 consecretur.
1446 3353 1610 3427 Omnesque
1632 3354 1697 3409 huic
1721 3355 1838 3410 decreto
1861 3372 1906 3410 re-

1215 3462 1307 3517 belles
1318 3461 1565 3516 anathematizavit
1577 3469 1617 3532 et,
1630 3462 1681 3516 nisi
1694 3462 1906 3534 resipiscerent,

1214 3569 1288 3624 bona
1313 3587 1408 3624 eorum
1431 3569 1579 3641 publicari.
1612 3574 1646 3624 Ia
1663 3575 1782 3625 Cautes
1798 3573 1858 3624 boor
1876 3576 1908 3626 le·

1212 3689 1326 3747 eantur.-
1363 3717 1369 3730 .
1397 3717 1404 3731 .
1435 3717 1441 3730 .
1478 3677 1600 3732 Karolus
1634 3678 1727 3750 Pipini
1761 3677 1836 3732 filius
1871 3681 1908 3734 ab

1215 3784 1341 3839 Adriano
1357 3784 1381 3839 l.
1405 3803 1482 3856 papa
1511 3791 1628 3840 vocatus
1651 3787 1687 3840 ad
1711 3786 1908 3842 defendendas

1215 3910 1261 3946 res
1278 3893 1418 3948 ecclesiae
1435 3893 1548 3947 obsedit
1561 3893 1763 3964 Longobardos
1779 3895 1808 3948 in
1820 3895 1909 3966 Papia

1215 4000 1313 4070 ibique
1344 4000 1444 4055 relicto
1474 4000 1599 4055 exercitu
1626 4000 1652 4054 in
1683 4009 1782 4055 sancta
1813 4019 1907 4056 resur·

1215 4107 1342 4162 rectione
1367 4107 1403 4162 ab
1420 4107 1545 4162 Adriano
1563 4125 1656 4178 papae
1674 4108 1779 4162 Romae
1795 4108 1906 4163 honori·

1215 4211 1269 4268 free
1304 4222 1454 4285 susceptus
1489 4221 1533 4269 est
1587 4214 1655 4268 Post
1685 4222 1810 4268 sanctam
1841 4233 1908 4270 vero

1215 4321 1449 4376 resurrectionem
1488 4338 1618 4376 reversus
1657 4321 1791 4392 Papiam,
1831 4323 1907 4394 cepit

1152 4512 1298 4562 Iaemnrata:
1318 4511 1496 4576 Privilcgium
1514 4510 1609 4562 Karoli
1629 4513 1701 4576 regis
1721 4511 1755 4573 1),
1775 4514 1816 4562 De
1836 4511 1907 4564 elec·

1079 4647 1081 4666 4
1108 4604 1183 4654 tione
1196 4601 1333 4666 pontificis
1346 4619 1378 4651 ex
1392 4601 1470 4650 VllI.
1483 4601 1581 4651 sinodo
1597 4602 1624 4650 in
1637 4601 1716 4658 (deest
1727 4601 1782 4660 12)
1795 4602 1908 4652 historia

1079 4675 1082 4700 ’
1108 4689 1305 4743 ecclesiastica.
1345 4691 1495 4755 Imperator
1520 4692 1561 4740 ius
1581 4690 1663 4740 habet
1682 4688 1800 4754 eligendi
1820 4692 1908 4756 ponti·

1108 4781 1186 4831 ficem
1213 4779 1335 4838 (LXIII.
1359 4779 1446 4830 distin.
1470 4797 1491 4830 e.
1510 4779 1656 4836 Adrianus)
1680 4779 1701 4828 J
1713 4783 1737 4840 2,
1767 4780 1909 4844 lnperator

1109 4871 1150 4919 ius
1169 4869 1253 4919 habet
1272 4867 1391 4934 eligendi
1411 4869 1576 4932 pontificem,
1595 4870 1659 4919 item
1679 4885 1712 4919 ex
1730 4868 1844 4920 historia
1864 4887 1908 4920 ec·

1079 4969 1082 5102 q
1108 4956 1266 5009 clesiastica
1285 4957 1317 5006 d.

1080 5145 1082 5164 Ι
1153 5086 1169 5134 5
1192 5084 1329 5133 Adrianus
1341 5107 1371 5116 -
1383 5077 1522 5147 Karolum]
1541 5083 1674 5133 Adrianus
1689 5085 1708 5134 1.
1726 5086 1837 5134 natione
1856 5085 1908 5134 lto·

1109 5189 1212 5233 manus,
1230 5190 1263 5223 ex
1276 5179 1351 5238 patre
1365 5173 1520 5230 Theodoro,
1538 5189 1624 5223 annos
1637 5173 1737 5230 xxiv,
1755 5190 1860 5224 memes
1876 5173 1908 5232 X,

1079 5249 1082 5318 ζ
1108 5278 1193 5328 usque
1213 5262 1248 5311 ad
1268 5277 1366 5310 annum
1386 5261 1572 5322 Dt'cxcvl.;
1600 5264 1645 5327 qni
1665 5261 1796 5312 Karolum
1817 5279 1908 5326 regern

1109 5352 1222 5404 Romam
1243 5351 1336 5400 venire
1356 5350 1386 5399 Z.
1447 5346 1572 5416 Romam]
1592 5352 1731 5402 Romanus
1749 5351 1799 5402 J2.
1855 5352 1908 5401 Ka·

1079 5459 1082 5482 v
1109 5435 1208 5503 roluru]
1231 5457 1322 5504 regern
1341 5440 1401 5490 edd.
1420 5440 1441 5490 J
1448 5445 1471 5488 1.
1493 5441 1524 5490 d.
1616 5436 1844 5505 tidefendendas]
1864 5442 1909 5492 de·

1109 5529 1284 5590 terendasZ,
1309 5547 1372 5579 eurr.
1391 5529 1419 5579 in
1438 5547 1516 5595 urarp.
1542 5530 1573 5580 ud
1598 5530 1697 5580 editore.
1790 5533 1804 5582 i
1832 5525 1908 5596 ergo]

1078 5587 1083 5683 l
1109 5638 1174 5671 vero
1195 5619 1226 5670 P.
1245 5619 1267 5669 J
1271 5623 1296 5672 2.
1316 5618 1348 5680 d,
1369 5635 1415 5669 rex
1433 5619 1494 5670 add.
1514 5620 1543 5669 Z.

361 5841 390 5910 l)
413 5841 497 5897 Antio
522 5842 611 5908 773.‚·
635 5840 676 5910 cf.
700 5839 736 5896 ib.
761 5860 789 5896 n.
807 5843 864 5898 151
873 5839 897 5895 b.

305 5957 349 6000 ni.
362 5956 462 5997 moetus
477 5957 507 5998 11.
