4884 6717
542 472 605 535 788
774 478 813 535 59
832 487 862 536 et
879 478 932 534 00.
968 477 1155 535 coneum
1179 475 1499 534 CENOMANNICUM
1523 478 1574 532 ET
1596 476 1805 533 TEATINUM
1828 476 1865 531 Α.
1886 473 1961 531 840.

650 667 784 732 Secreta.
832 666 905 747 His,
941 688 1148 752 quaesumus,
1183 664 1341 746 Domine,
1376 662 1524 750 placatus
1558 661 1747 727 muneribus
1781 662 1930 744 intende,
1966 673 1999 727 et
2033 662 2121 749 quod
2155 663 2198 727 ad

541 772 671 838 laudem
694 774 743 837 tui
765 774 906 838 nominis
930 772 1151 858 supplicantes
1168 771 1334 836 offerimus
1349 770 1392 835 ad
1408 769 1645 855 indulgentiam
1660 771 1815 851 omnium,
1840 791 1978 856 quorum
1995 791 2198 856 quarumque

540 880 730 944 memoriam
754 880 882 963 agimus
906 891 939 943 et
954 901 1089 964 quorum
1107 900 1310 964 quarumque
1325 879 1459 942 nomina
1473 876 1527 942 bie
1543 877 1750 941 continentur
1764 877 1897 957 inserta,
1921 876 1991 940 sive
2007 885 2198 940 cunctorum

541 985 686 1050 fidelium
709 985 859 1072 proficiat
882 985 1118 1049 defunctorum.
1165 985 1238 1048 Per.

657 1093 690 1157 V.
730 1092 833 1172 Dens,
865 1092 922 1178 qui
952 1089 1046 1154 nobis
1075 1091 1109 1154 in
1133 1089 1263 1154 Christo
1293 1091 1461 1176 unigenito
1492 1089 1559 1155 lilio
1587 1101 1642 1155 tuo
1666 1090 1797 1155 domino
1820 1099 1931 1154 nostro
1959 1110 2051 1175 spem
2080 1087 2233 1154 beataes

542 1198 789 1263 resurrectionis
820 1197 984 1278 concedis,
1019 1207 1160 1283 praesta,
1192 1219 1399 1283 quaesumus,
1434 1209 1470 1260 ut
1500 1198 1639 1275 animae,
1670 1219 1730 1283 pro
1761 1194 1880 1283 quibus
1909 1195 1971 1260 hoc
2002 1194 2197 1260 sacrificium

543 1304 775 1391 redemptionis
806 1317 936 1369 nostrae
967 1315 1042 1368 tuae
1073 1304 1239 1368 offerimus
1273 1305 1447 1384 maiestati,
1482 1303 1525 1368 od
1560 1301 1677 1367 beatae
1707 1303 1955 1367 resurrectionis
1989 1302 2136 1388 requiem
2165 1313 2198 1365 te

542 1411 716 1476 miserante
740 1434 815 1476 curn
839 1411 959 1475 sanctis
982 1412 1045 1474 tuis
1069 1411 1241 1496 pervenire
1265 1421 1460 1474 mercantur.
1507 1411 1572 1474 Per
1595 1409 1769 1474 Christum.

649 1517 747 1583 Hanc
782 1519 882 1603 igitur
916 1515 1123 1596 oblationem,
1159 1540 1257 1604 quam
1287 1515 1346 1581 tibi
1379 1517 1544 1581 offerimus
1574 1538 1634 1602 pro
1665 1513 1836 1580 animabus
1872 1515 2025 1594 omnium,
2062 1537 2199 1601 quorum

545 1646 748 1711 quarumque
772 1625 960 1688 memoriam
986 1625 1112 1710 agimus
1136 1636 1169 1688 et
1191 1646 1329 1710 qnorum
1353 1645 1556 1710 quarumque
1581 1621 1787 1687 nominabis
1811 1622 1844 1685 in
1861 1620 1998 1707 diptitiis
2015 1623 2199 1708 conscripta
2218 1648 2245 1686 ro

544 1753 616 1795 esse
646 1741 834 1812 noscuntur,
866 1753 923 1794 seu
955 1742 1144 1794 cunctorum
1176 1740 1431 1816 cunctarumque
1458 1729 1604 1795 fidelium
1635 1728 1861 1794 defunctorum
1892 1740 1925 1792 et
1959 1727 2196 1808 defunctarum,

544 1859 751 1923 quaesumus,
783 1837 935 1917 Domine,
965 1838 1165 1922 propiciatus
1188 1837 1333 1923 accipias
1364 1848 1397 1901 et
1426 1837 1668 1901 miserationum
1696 1846 1825 1900 tuarum
1849 1834 1999 1920 largitate
2022 1834 2196 1914 concedas,

545 1957 581 2008 ut
610 1943 770 2031 quidquid
799 1956 928 2008 terrena
958 1944 1205 2007 conversatione
1234 1954 1467 2008 contraxerunt
1497 1942 1547 2006 his
1578 1942 1749 2006 sacrificiis
1779 1940 1984 2020 emundetur,
2015 1963 2055 2006 ac
2086 1943 2197 2006 mortis

544 2050 684 2115 vinculis
707 2049 875 2114 absolutae
898 2051 1070 2115 transitum
1093 2061 1280 2115 mercantur
1302 2050 1345 2114 ad
1367 2052 1486 2132 vitam,
1511 2049 1645 2136 diesque
1669 2059 1806 2113 nostros.

651 2158 851 2243 Propiciare,
871 2157 1022 2237 Domine,
1040 2180 1247 2243 quaesumus,
1264 2156 1413 2221 omnibus
1429 2158 1463 2221 in
1480 2155 1609 2221 Christo
1627 2153 1882 2242 quiescentibus,
1899 2166 1934 2219 ut
1949 2156 2078 2220 animae
2095 2155 2198 2219 famu·
2218 2179 2244 2220 rs

544 2264 647 2329 lorum
678 2263 937 2349 famularumque
967 2275 1106 2343 tuarum,
1137 2286 1275 2350 quorum
1306 2286 1507 2351 quarumque
1537 2264 1726 2328 memoriam
1749 2263 1877 2347 agimus
1902 2274 1935 2326 ct
1958 2285 2096 2349 quornm
2120 2284 2197 2348 qua·

542 2393 678 2457 rumque
702 2369 908 2434 nominabis
931 2371 965 2433 in
989 2371 1125 2456 diptitiis
1149 2371 1334 2456 conscripta
1358 2393 1429 2435 esse
1453 2382 1639 2452 noscuntur,
1663 2369 1714 2434 bis
1737 2379 1876 2455 purgate
1900 2368 2069 2433 sacrificiis
2092 2367 2197 2433 indul·

542 2479 685 2562 gentiam
709 2478 831 2563 pariter
854 2489 887 2541 et
910 2478 1055 2563 requiem
1080 2477 1212 2562 capiant
1236 2478 1476 2563 sempiternam.
1524 2477 1597 2541 Per.

546 2617 548 2623 ·
650 2586 740 2648 Alio.
780 2583 883 2662 Deus,
909 2585 961 2647 cui
984 2582 1138 2669 possibile
1163 2595 1213 2647 est
1235 2605 1347 2648 omnes
1372 2584 1518 2648 homines
1542 2585 1612 2647 sine
1636 2582 1829 2647 difficultate
1854 2581 1991 2664 salvare,
2022 2593 2112 2647 tanto
2142 2581 2196 2645 bc-

543 2691 674 2776 nignius
698 2688 868 2755 animabus
887 2690 1079 2753 famulorum
1099 2688 1359 2776 famularumque
1381 2702 1509 2754 tuarum
1526 2689 1728 2753 diversorum
1744 2687 1955 2754 cenobiorum
1972 2700 2005 2753 et
2020 2688 2196 2770 titulorum,
2214 2711 2243 2752 ao

544 2820 681 2883 quorum
705 2819 908 2883 quarumque
933 2797 1120 2861 memoriam
1145 2797 1271 2882 agimus
1296 2809 1328 2859 et
1351 2820 1488 2883 quorum
1512 2778 1715 2883 quarumque
1732 2795 1785 2860 hic
1802 2795 1974 2882 adsignata
1991 2796 2197 2861 continentur

543 2902 714 2984 vocabula,
738 2902 995 2967 misericordiam
1020 2902 1163 2967 concede
1186 2914 1390 2989 perpetuam,
1414 2914 1534 2990 quanto
1559 2925 1615 2966 eos
1638 2901 1681 2966 ad
1705 2901 1763 2966 filii
1788 2904 1835 2966 tui
1851 2902 1986 2966 Domini
2002 2904 2105 2967 nostri
2124 2925 2196 2988 per-

543 3011 647 3073 tinere
671 3012 809 3095 gratiam
834 3009 984 3075 tribuisti.
1032 3011 1105 3074 Pcr.

650 3119 739 3182 Alio.
779 3117 882 3199 Deus,
913 3118 981 3180 vita
1011 3118 1201 3197 viventium,
1233 3139 1308 3203 spes
1338 3117 1555 3198 morientium,
1586 3116 1672 3180 solus
1697 3117 1841 3180 omniurn
1871 3117 1905 3180 in
1930 3127 1962 3180 te
1985 3117 2195 3202 sperantium,

543 3235 675 3309 praesta
704 3224 873 3310 propitiuS,
907 3236 943 3288 ut
972 3225 1100 3288 animae
1130 3223 1324 3288 famrdorum
1355 3223 1616 3310 famularumque
1648 3234 1787 3304 tuarum,
1823 3245 1960 3308 quorum
1993 3244 2196 3308 quarumque
2215 3244 2243 3285 ss

545 3331 734 3393 memoriam
758 3332 885 3415 agimus
909 3342 941 3394 et
964 3353 1101 3416 quorum
1125 3352 1327 3416 quarumque
1351 3329 1556 3394 nominabis
1580 3330 1614 3392 in
1638 3328 1773 3416 diptitiis
1798 3329 2005 3393 continentur
2022 3330 2153 3410 inserta,
2177 3350 2197 3392 a

544 3446 673 3499 nostrae
697 3436 902 3500 mortalitatis
925 3434 1068 3500 tenebris
1092 3434 1239 3500 absolute
1263 3437 1296 3499 iu
1320 3447 1479 3523 perpetua
1502 3458 1576 3500 cum
1599 3438 1719 3500 sanctis
1742 3437 1806 3500 tuis
1829 3436 1902 3500 luce
1917 3435 2087 3500 laetentur.
2122 3436 2194 3499 Per.

653 3639 678 3686 4.
700 3638 741 3686 18.
761 3639 804 3687 23.
824 3637 856 3687 27
876 3632 939 3700 Per]
958 3655 981 3686 v.
1000 3638 1016 3686 L
1030 3643 1055 3686 ⁸.
1137 3639 1168 3687 13
1188 3637 1369 3688 emundentur
1390 3639 1416 3687 0.
1497 3640 1530 3687 15
1548 3632 1590 3699 ut]
1611 3643 1639 3687 et
1660 3636 1687 3688 C.
1762 3637 1793 3687 li
1813 3651 1873 3686 esse
1891 3642 2042 3686 noscuntur
2059 3635 2149 3686 denunt
2169 3635 2196 3684 C.

547 3728 579 3774 19
599 3726 733 3789 benignus
755 3727 781 3779 0.
845 3728 879 3776 25
898 3720 1067 3789 famulorum]
1086 3725 1304 3791 famulorumque
1326 3727 1353 3776 0.

711 4347 809 4475 60.
866 4342 1442 4476 CONCILIUM
1491 4341 2036 4479 TEATINUM.
2218 4413 2246 4455 ..

1218 4587 1317 4672 840.
1349 4587 1436 4661 Mai.
1468 4591 1524 4663 12.

654 4803 809 4903 concilii
826 4836 856 4899 T
853 4839 961 4916 eotini,
985 4860 1060 4900 citou
1084 4837 1189 4900 eodeni
1206 4837 1258 4901 die
1273 4851 1364 4922 otqnc
1380 4838 1547 4901 concilium
1568 4839 1829 4902 Uenornonnicum
1848 4839 1961 4923 (sopra
1977 4861 2015 4923 p.
2037 4839 2196 4923 raroqq.)

546 4948 706 5026 celebrati,
732 4947 855 5008 urn'cnm
875 4957 973 5006 mter
996 4942 1220 5022 documentum,
1249 4943 1441 5008 Theoderici
1461 4945 1605 5029 episcopi
1623 4946 1745 5009 scilicet
1766 4946 1920 5009 institutio
1944 4943 1982 5008 de
2005 4944 2131 5008 clericis
2153 4944 2199 5008 od

547 5078 690 5116 normam
714 5054 796 5115 ritae
819 5051 987 5113 canonicae
1011 5049 1201 5135 redigendis.
1241 5049 1340 5127 Quom
1365 5074 1403 5113 es
1424 5051 1554 5114 archivo
1577 5052 1725 5115 eccleciae
1745 5050 1775 5113 Τ
1773 5054 1895 5116 catinae
1914 5076 1947 5116 sc
1966 5051 2197 5137 dqirompoiirse

546 5160 695 5246 affirmat
712 5160 841 5243 prinmo
864 5155 974 5233 editor,
1004 5157 1061 5218 sed
1089 5181 1158 5220 eum
1182 5170 1292 5219 tererem
1318 5157 1429 5219 bouum
1453 5180 1515 5220 non
1540 5158 1692 5243 praebere
1722 5172 1874 5244 apparet:
1904 5160 2092 5223 correcturis
2117 5159 2197 5221 satra
2214 5180 2243 5221 te

546 5266 654 5329 irruitis
680 5263 808 5350 indiget,
832 5286 911 5346 quos
934 5262 979 5325 ad
1002 5265 1128 5326 reorniuo
1153 5263 1289 5325 locorum
1307 5286 1486 5349 proponere
1509 5266 1584 5328 artai
1605 5288 1666 5328 non
1688 5289 1805 5328 comus.
1838 5265 1911 5330 Hac
1927 5279 2029 5329 cutem
2045 5264 2083 5328 dc
2099 5288 2195 5329 causa

539 5372 743 5456 factumest,
769 5384 801 5432 ut
824 5392 884 5431 non
908 5369 1020 5452 ubique
1043 5371 1171 5432 nentina
1196 5369 1344 5433 moderno
1369 5371 1503 5434 locorum
1529 5385 1662 5435 statuere
1682 5395 1854 5457 possemne,
1878 5396 2067 5458 quamquam
2092 5372 2125 5435 in
2149 5372 2195 5434 cis

547 5475 749 5540 erirrcleondia
784 5476 941 5538 nobiscum
977 5500 1129 5538 aurrrnrorn
1165 5499 1291 5560 operam
1328 5476 1479 5541 dederuut
1512 5503 1558 5540 cr.
1592 5477 1644 5540 dd.
1677 5478 1723 5541 W.
1756 5478 1877 5543 Decciec
1909 5477 2134 5562 Friburpenstb
2167 5491 2197 5542 et

548 5584 588 5646 E.
614 5583 739 5669 Stenpei
759 5583 881 5645 criticus
904 5580 1151 5666 Morburycnais.

657 5713 751 5770 Edu.-
792 5712 915 5790 l'qlclli,
952 5711 1037 5768 Italia
1066 5732 1154 5769 sacra
1184 5714 1227 5769 cd.
1251 5719 1281 5772 2.
1311 5714 1357 5770 VI
1381 5708 1496 5789 (1720),
1523 5735 1555 5791 p.
1580 5719 1641 5774 679
1672 5737 1708 5774 coe
1737 5717 1853 5774 arcliuo
1882 5715 2013 5774 ecclcsiae
2049 5715 2193 5774 Teatinac.
2212 5733 2243 5774 to

548 5821 657 5891 Monoi,
683 5819 782 5896 Suppl.
807 5838 883 5876 conc.
908 5818 933 5888 I,
957 5821 1028 5878 897.
1076 5818 1175 5876 Monoi
1198 5819 1281 5888 XIV,
1307 5823 1368 5879 779
1391 5815 1501 5896 (ectr).
1525 5852 1567 5862 —
1591 5823 1682 5900 ch.:
1712 5822 1817 5880 ‘Neues
1840 5822 1958 5880 Areliv'
1983 5822 2097 5893 XXIV,
2121 5825 2192 5882 491.
