4884 6717
455 556 508 613 55.
544 555 764 614 CONCILIUM
787 556 843 611 AI)
866 507 1268 611 Tnbonouls-vmnnu
1292 551 1752 610 concamerationem.
1867 545 1928 608 701

275 743 576 810 subterfirmaverit.
622 743 707 808 Nam
731 741 817 807 idem
840 740 924 824 Ebc,
956 753 1124 827 comperta
1152 736 1333 804 inevitabili
1357 741 1406 804 sui
1430 738 1627 804 discriminis
1658 761 1768 822 cansa,
1798 738 1933 826 protulit

276 862 342 916 tres
365 861 464 915 testes
487 861 653 937 tamquam
684 872 759 914 suos
787 849 1001 931 confessores,
1024 847 1171 912 Aiulfum
1195 845 1351 911 videlicet
1374 845 1656 933 archiepiscopum
1667 851 1688 928 ¹,
1720 845 1933 912 Modoinum²

276 969 310 1023 et
332 956 564 1022 Badaradum³
587 957 768 1042 episcopos,
800 956 858 1041 qui
887 956 994 1019 vicem
1025 954 1110 1018 iilius
1141 953 1324 1018 obtinentes
1356 952 1512 1035 dicerent,
1543 953 1571 1017 si
1601 954 1647 1017 ita
1669 975 1783 1017 verum
1807 964 1866 1033 est,
1897 965 1933 1018 ut

276 1067 347 1150 ipse
370 1062 444 1128 Ebo
475 1064 523 1127 eis
553 1060 780 1143 confitebatur,
811 1059 982 1126 consilium
1012 1062 1044 1125 ci
1074 1060 1199 1142 darent,
1236 1070 1271 1125 ut
1294 1082 1314 1124 a
1337 1059 1516 1146 pontificali
1538 1060 1719 1125 ministerio
1743 1057 1931 1129 abstineret.

239 1196 255 1236 s
278 1171 344 1252 Qui
367 1172 466 1234 etiam
489 1168 553 1234 sibi
576 1169 656 1234 alios
680 1181 747 1233 tres
771 1168 991 1248 adsciverunt,
1015 1169 1072 1253 qui
1096 1190 1169 1231 eum
1193 1166 1256 1232 illis
1278 1166 1484 1230 confitentem
1501 1165 1662 1248 viderent,
1686 1166 1848 1231 Natonem
1871 1169 1932 1232 sci·

277 1276 354 1342 licet
368 1276 650 1363 archiepiscopum
661 1281 684 1356 ⁴,
709 1274 925 1339 Teodricum⁵
941 1286 974 1339 et
989 1273 1203 1338 Achardum⁶
1218 1274 1407 1360 episcopos,
1432 1275 1477 1362 cf.
1494 1275 1535 1337 A.
1553 1274 1657 1354 Nabal,
1676 1274 1757 1338 ‘Der
1774 1274 1933 1340 (iericbtr-

275 1384 373 1449 stand
394 1383 449 1448 dea
475 1383 587 1448 Oleros
611 1385 654 1447 im
671 1383 886 1471 fsrdnictbclten
911 1381 1025 1446 Iteiair'
1044 1405 1080 1468 p.
1101 1389 1152 1447 71.
1172 1389 1226 1447 77.

405 1754 471 1827 *A
511 1751 714 1830 EBONIS
737 1749 1147 1830 ARCHIEPISCOPI
1167 1749 1442 1827 REMENSIS
1465 1749 1806 1830 RESIGNATIO.

981 1917 1055 1975 835.
1082 1908 1177 1972 Mart.
1202 1916 1234 1974 4.

234 2093 261 2132 ro
386 2040 629 2134 Documentum
654 2070 720 2149 doc,
744 2071 834 2133 cuiue
857 2083 969 2133 aarum
994 2069 1051 2132 boc
1075 2070 1141 2132 ioco
1164 2093 1226 2132 non
1244 2071 1433 2155 praebemus
1456 2095 1493 2133 ea
1510 2070 1548 2133 de
1571 2094 1679 2149 carcaa,
1702 2070 1790 2155 quod
1804 2073 1936 2134 iteratur

279 2181 315 2244 in
338 2178 445 2242 libello
469 2179 686 2263 episcoporum
711 2177 805 2264 infra
828 2177 884 2239 eud
901 2176 933 2237 B
956 2175 1086 2254 edenda,
1111 2176 1225 2262 Iepitur
1248 2178 1281 2239 in
1306 2176 1412 2239 codice
1429 2175 1636 2240 Baralinenei
1652 2185 1707 2256 89,
1732 2175 1937 2243 Phitt.1765

280 2284 387 2368 (artua
410 2283 540 2370 collepii
563 2281 815 2362 Claramontani,
846 2297 910 2346 tum
933 2281 1207 2364 Meermanuiano)
1239 2307 1319 2347 eaec.
1336 2281 1378 2344 Χ.
1396 2281 1457 2344 XI.
1476 2283 1544 2370 foi.
1563 2286 1628 2362 90¹,
1655 2285 1834 2369 praemineo
1862 2284 1935 2348 tem-

279 2405 379 2455 mate:
409 2388 573 2475 Scriptum
605 2387 692 2475 quod
715 2386 789 2452 Ebc
812 2387 984 2451 Remensis
1007 2387 1181 2474 episcopus
1212 2387 1328 2474 optulit
1351 2389 1384 2451 in
1408 2387 1523 2451 sinodo
1548 2400 1661 2453 contra
1685 2389 1774 2472 (add.
1800 2415 1815 2454 e
1839 2391 1934 2474 coni.)

280 2519 315 2560 se
339 2497 457 2582 ipsum.
509 2496 653 2561 Transiit
672 2510 837 2582 praeterea
862 2498 896 2559 ia
919 2496 1146 2582 apolopeticum
1170 2495 1302 2576 Edonis,
1333 2498 1423 2559 cunm
1451 2496 1532 2558 duas
1547 2497 1681 2584 formae
1703 2499 1739 2560 in
1761 2496 1937 2583 appendice

236 2633 262 2673 rs
280 2605 414 2668 concilii
436 2603 690 2691 Inpellteimeneie
715 2611 781 2670 840
806 2604 914 2690 (infra
938 2627 967 2665 n.
986 2605 1041 2685 61)
1067 2604 1179 2687 prima
1212 2616 1241 2666 et
1262 2602 1399 2666 secunda
1417 2603 1633 2690 proferemus,
1666 2605 1698 2666 in
1721 2605 1935 2666 narrationem

280 2712 466 2775 clericorum
490 2709 691 2774 Remenaium
725 2712 756 2773 in
788 2709 964 2795 appendice
993 2711 1085 2772 tertia
1115 2708 1253 2772 eiusdem
1285 2710 1418 2772 correilii
1438 2708 1696 2795 Inpeldeimencie
1719 2709 1937 2788 eebibendam,

280 2821 315 2882 in
333 2818 366 2881 F
365 2817 518 2881 lodoardi
538 2817 672 2902 denique
696 2817 862 2880 historiam
879 2815 1044 2878 Beruenais
1060 2815 1208 2878 eccleciae
1229 2814 1272 2877 II
1290 2839 1314 2878 c.
1332 2821 1378 2881 20
1403 2813 1497 2896 (MG.
1516 2813 1575 2879 SS.
1594 2814 1696 2896 XIII,
1713 2823 1781 2883 473
1797 2846 1838 2869 =
1855 2815 1935 2881 MG.

280 2924 350 2989 LL.
376 2924 405 3003 I,
421 2933 490 2992 370
507 2954 547 2977 =
565 2923 645 2987 ΜΟ.
675 2922 778 3009 Capit.
805 2921 851 3002 II,
868 2926 936 3006 55).
960 2959 1003 2969 -
1028 2922 1125 3008 Reps
1149 2921 1264 2984 ‘Neues
1287 2921 1423 2985 Arcitio’
1447 2920 1537 2985 XXI
1544 2921 1577 3001 V,
1593 2930 1670 2990 489.

355 3278 400 3352 Β.
441 3277 707 3354 LIBELLUS
731 3274 1107 3353 EPISCOPORUM
1128 3276 1205 3349 DE
1227 3275 1430 3353 EBONIS
1453 3274 1870 3354 RESIGNATIONE.

236 3468 264 3508 n
669 3481 673 3488 -
983 3442 1057 3500 835.
1084 3433 1179 3496 itare.
1205 3441 1235 3498 4.

390 3566 558 3683 Epretola
583 3595 716 3659 coricilii
741 3592 771 3655 T
770 3595 923 3656 ricaseiui
943 3617 1025 3656 anno
1050 3600 1127 3660 867.
1152 3593 1198 3656 ad
1220 3592 1391 3656 Nicolaum
1414 3591 1441 3656 I.
1464 3617 1585 3679 papam
1609 3592 1730 3656 directa
1749 3607 1823 3680 post
1844 3594 1939 3657 uerba

282 3731 383 3793 cupra
414 3729 447 3791 p.
474 3711 542 3770 697
571 3702 708 3788 atlepata
745 3702 789 3763 ita
819 3702 943 3786 perpit:
980 3697 1060 3762 Post
1098 3699 1189 3764 cuius
1229 3697 1330 3762 libelli
1369 3700 1594 3763 recitationem
1633 3708 1665 3762 et
1700 3701 1938 3785 episcoporum,

284 3811 403 3899 quibus
428 3809 584 3874 secretius
608 3806 774 3871 confessus
799 3806 914 3886 fuerat,
938 3807 1182 3891 responsionem
1207 3805 1350 3869 omnium
1374 3804 1619 3870 denuntiatione
1644 3815 1752 3870 actum
1777 3815 1835 3886 est,
1860 3816 1896 3870 ut
1918 3827 1939 3869 a

283 3916 462 4006 pontificali
493 3924 636 3979 cessaret
667 3913 856 3977 ministerio.
908 3910 1009 3975 Cuius
1040 3910 1140 3976 libelli
1171 3910 1340 3997 exemplar
1369 3935 1474 3999 pupae
1504 3913 1632 3977 Leani⁷
1661 3912 1795 3976 missum
1826 3911 1938 3976 auditu

238 4053 267 4094 rs
284 4024 469 4103 didicimus,
494 4020 553 4085 sed
577 4031 609 4083 et
632 4031 760 4083 vestrae
785 4019 968 4083 auctoritati
993 4019 1025 4082 in
1049 4018 1152 4082 altere
1175 4017 1309 4082 scedula
1332 4042 1407 4082 curn
1430 4018 1491 4100 his,
1516 4042 1600 4105 quae
1622 4018 1729 4083 eidem
1745 4018 1854 4083 libello
1872 4019 1938 4104 epi·

285 4131 376 4218 scapi
401 4126 704 4215 superaddiderunt,
729 4126 908 4211 dirigimus,

393 4255 482 4320 Haec
512 4256 728 4340 episcoporum
759 4251 872 4314 relatio
903 4250 1017 4336 lepitur
1047 4252 1080 4313 iu
1111 4249 1217 4314 codiee
1241 4249 1453 4314 Lauduneuai
1473 4258 1542 4317 407
1564 4275 1643 4314 saec.
1669 4249 1730 4314 IX.
1748 4275 1794 4314 en.
1820 4251 1876 4330 (z
1894 4249 1938 4334 E)

278 4364 347 4453 foi.
364 4371 564 4441 159-160,
595 4385 684 4446 quem
716 4361 748 4422 in
778 4371 861 4422 tento
891 4357 1103 4420 constituendo
1132 4358 1232 4419 recidi
1251 4381 1367 4419 einricus.
1417 4357 1532 4421 Varias
1556 4358 1700 4422 lectiones
1721 4357 1940 4442 adapereimue

286 4494 326 4535 eta
341 4470 461 4533 duobua
477 4470 555 4532 adiab
571 4468 674 4544 libris,
698 4465 804 4529 coelice
819 4465 940 4528 scilicet
957 4463 1164 4526 Brureliensi
1176 4469 1407 4530 5417—5422
1421 4489 1500 4527 saec.
1515 4463 1556 4526 X.
1576 4463 1631 4536 (=
1649 4464 1693 4546 B)
1714 4487 1749 4550 p.
1768 4471 1940 4531 113-115

242 4605 269 4646 ιο
287 4590 316 4640 et
337 4577 444 4641 codice
467 4575 610 4638 Romano
639 4572 841 4636 bibliothecae
866 4570 1035 4634 Vaticanae
1066 4572 1146 4633 iuter
1169 4568 1335 4633 Palatinos
1357 4578 1425 4635 576
1453 4571 1557 4646 (anteo
1581 4571 1729 4634 ecclesiae
1752 4595 1776 4632 e.
1801 4569 1943 4635 Martini

286 4682 482 4768 Mopuntini)
506 4705 585 4744 saec.
603 4677 664 4747 IX.
691 4679 746 4738 I:
763 4676 803 4761 Ρ)
821 4678 888 4765 fol.
909 4677 1080 4742 ,tt—34¹.
1131 4675 1197 4752 Qui
1218 4675 1279 4739 duo
1303 4690 1421 4739 martion
1444 4676 1588 4740 srrbsidia
1612 4691 1684 4740 araret
1707 4678 1740 4740 in
1764 4690 1846 4740 terta
1869 4701 1939 4740 con·

285 4788 441 4854 atituendo
460 4801 640 4874 propterea,
671 4784 757 4870 quood
785 4809 824 4848 en
848 4784 1022 4847 Hincmari
1049 4783 1286 4869 aruiriepiunopi
1313 4807 1405 4868 opere
1435 4782 1473 4846 de
1495 4783 1784 4868 praxedestiuatioue
1807 4797 1877 4846 acta
1902 4782 1940 4848 de

286 4896 395 4960 Ebone
428 4895 695 4981 deprompserunt.
742 4890 807 4954 IIic
837 4904 938 4954 autem
972 4893 1004 4954 in
1035 4891 1117 4954 libro
1147 4915 1203 4952 auo
1228 4887 1357 4953 laudato
1389 4891 1428 4971 (o.
1453 4899 1516 4970 36,-
1554 4891 1634 4975 Opp.
1660 4889 1707 4952 ed.
1735 4888 1889 4954 Sirmond
1910 4888 1939 4970 I,

286 5007 368 5086 324)
393 5003 510 5087 recepit
533 5000 673 5063 libellum
698 5001 925 5084 epiecoporum,
951 4999 1031 5061 inter
1054 4999 1144 5060 cuiue
1167 4996 1248 5058 dirae
1265 5009 1388 5082 partes,
1411 4995 1533 5060 Edonis
1555 4998 1676 5060 sce‘iicet
1699 4998 1940 5082 rearpnationem

242 5137 270 5178 so
288 5111 401 5195 (supra
417 5109 462 5190 Α)
487 5121 516 5171 et
543 5105 737 5170 additionem
769 5106 987 5189 episcoporum
1018 5103 1070 5185 (de
1093 5129 1156 5188 prta
1188 5104 1281 5166 rerba
1304 5105 1391 5188 fiunt
1415 5105 1447 5166 in
1471 5103 1603 5188 epistola
1631 5102 1662 5166 T
1659 5105 1818 5166 ricaseina
1840 5127 1940 5190 cupra

287 5216 433 5296 muriam)
454 5215 529 5277 haee
549 5214 751 5297 interposuit:
768 5211 841 5274 Hac
861 5210 1022 5295 scriptura
1038 5231 1148 5272 coram
1167 5206 1292 5294 synodo
1310 5207 1436 5293 prolata
1451 5219 1548 5294 atque
1566 5208 1756 5273 confirmata
1772 5208 1940 5272 confessus

287 5331 337 5385 est
354 5321 426 5406 ipse
444 5321 526 5402 (scil.
545 5319 626 5402 Eoo)
644 5317 721 5380 viva
736 5339 817 5380 voce
837 5328 869 5379 ct
888 5315 979 5380 dedit
998 5327 1096 5379 testes
1117 5314 1197 5378 alios
1216 5316 1365 5400 exceptis
1384 5313 1557 5397 iudicibus,
1578 5314 1761 5380 Nothoncm
1781 5314 1939 5402 archiepi-

286 5450 421 5514 scopum
431 5431 454 5507 ⁴,
485 5423 723 5489 Theodericum
760 5423 970 5509 episcopum-¹³
1000 5433 1032 5486 et
1061 5420 1274 5485 Achardumt
1304 5421 1501 5508 episcopum.
1549 5423 1592 5486 Et
1626 5423 1672 5486 sic
1706 5420 1747 5486 ab
1779 5421 1940 5503 omnibus,

286 5535 401 5620 quiin
429 5531 544 5596 eodem
575 5529 713 5595 concilio
745 5529 883 5609 fuerunt,
915 5529 1077 5615 episcopis
1107 5529 1236 5614 accepit
1266 5529 1458 5591 sententiam
1489 5527 1672 5592 dicentibus
1702 5550 1762 5616 per
1792 5528 1940 5593 ordinem

241 5813 269 5852 ιο
398 5781 427 5866 1)
455 5788 668 5845 Bituriceneem.
784 5779 814 5861 2)
838 5785 1125 5861 Aupusmdunensem.
1241 5778 1271 5858 3)
1295 5784 1567 5842 Paderbornenaem.
1682 5777 1714 5866 4)
1737 5788 1939 5845 Arelatensem.

287 5889 320 5977 5)
346 5896 587 5954 Cbmeracensem.
679 5885 710 5966 6)
734 5891 991 5949 Nouiomacensem.
1084 5885 1114 5968 7)
1138 5890 1192 5947 IV.
1212 5885 1428 5968 (847-855).
