4884 6717
545 470 609 533 792
969 477 1021 533 61.
1057 476 1277 535 CONCILIUM
1299 477 1620 535 INGELHEIMENSE
1644 481 1681 536 Α.
1702 479 1777 536 840.
1815 509 1821 522 ·

544 669 770 755 apolopcticum
795 667 915 731 codicis
939 666 1174 730 Herivalleaeia
1198 666 1367 752 deperditi,
1391 669 1481 731 cuiue
1504 668 1666 755 exemplar
1687 692 1766 733 saec.
1785 666 1898 731 XVII.
1924 670 1964 732 ab
1987 668 2019 731 J.
2046 667 2200 732 Ss'rmond

543 776 718 861 confectam
742 788 841 838 castet
862 776 898 836 iu
920 773 1027 838 codice
1050 772 1234 837 Parcas'cuei
1254 772 1367 837 ‘Noun
1392 798 1460 858 acq.
1494 773 1560 837 lott’
1583 781 1651 842 469
1673 775 1740 861 fol.
1767 778 1853 841 120‘.
1881 780 1945 842 121
1970 775 2025 856 (--
2044 773 2081 858 6)
2113 789 2141 838 ct
2165 776 2198 838 ia

543 880 719 968 appendice
752 880 889 944 secundo
924 881 1018 944 laius
1052 881 1186 945 concilii
1217 880 1415 966 repetendum
1452 883 1519 944 crit.
1573 880 1744 967 deceptum
1779 881 1913 967 deaiquc
1948 895 1992 946 est
2028 884 2059 945 iu
2091 881 2197 945 codice

543 989 747 1075 apamiarum
778 986 929 1051 Udolrici
949 987 1193 1075 Bamberpensis
1222 986 1270 1051 ed.
1305 986 1443 1067 Greteer,
1474 986 1559 1052 Divi
1578 987 1825 1075 Bamberpcuees
1856 988 2066 1075 (Inpolstadii
2086 993 2196 1071 1611),

537 1119 574 1181 p.
591 1100 658 1162 523
666 1119 677 1176 ,·
707 1095 752 1181 cf.
777 1095 875 1181 duffi,
899 1094 1098 1159 Bibliotheca
1120 1118 1228 1158 reram
1246 1093 1510 1158 Gcrsuauicoram
1534 1095 1616 1174 V,6.
2213 1115 2228 1156 a

651 1226 747 1283 Edu.-
772 1223 902 1296 Goldast,
928 1223 1141 1284 Constitutioues
1163 1225 1324 1301 imperiales
1347 1225 1459 1296 I,189.
1504 1225 1642 1284 Simone
1662 1226 1702 1293 II,
1720 1230 1788 1286 631.
1830 1225 1899 1285 Coo.
1923 1245 1983 1303 rep.
2008 1245 2085 1283 conc.
2110 1226 2195 1295 XXI,

543 1337 613 1393 399.
662 1332 787 1403 Morlot,
819 1332 985 1408 Metropolis
1015 1332 1163 1390 Roucueis
1191 1332 1217 1403 Ι,
1242 1336 1314 1392 385.
1363 1330 1605 1391 labbe-Cossort
1632 1332 1695 1403 VH,
1721 1336 1818 1401 1771‚·
1853 1333 1897 1390 ed.
1930 1332 2017 1390 Colcti
2045 1332 2100 1403 IX,
2126 1336 2195 1391 905.
2438 1327 2439 1402 l

543 1440 653 1497 Balazc
675 1439 715 1509 II,
741 1442 809 1499 341.
858 1440 900 1496 Lc
923 1439 1021 1499 Coiutc
1049 1438 1130 1509 VIII,
1156 1442 1225 1499 616.
1272 1439 1410 1498 Hordiis
1432 1439 1488 1509 IV,
1513 1442 1602 1499 1447.
1651 1437 1751 1508 Gallia
1781 1437 1947 1497 ΟΙινίείἰαηα
1974 1438 2029 1510 IX,
2060 1439 2141 1496 inste.
2168 1445 2197 1497 6.

543 1547 675 1623 Bouquct
694 1547 776 1617 VIII,
793 1551 864 1606 366.
904 1546 1072 1603 Hert-lucios
1095 1544 1135 1617 II,
1153 1550 1221 1606 139.
1264 1545 1364 1603 Moesi
1385 1545 1470 1615 XIV,
1487 1548 1558 1605 773.
1583 1545 1682 1615 XVII,
1707 1566 1776 1622 app.
1794 1545 1834 1615 II,
1851 1549 1923 1605 233.
1967 1545 2084 1615 Walter,
2110 1543 2195 1621 Cos-p

543 1655 598 1711 iur.
624 1651 723 1713 Germ.
748 1652 805 1724 III,
822 1657 894 1713 262.
943 1651 1017 1712 MG.
1043 1653 1106 1710 LL.
1131 1653 1246 1723 L374.
1294 1652 1402 1730 Meque,
1427 1651 1536 1709 Putrol.
1560 1654 1610 1709 lat.
1637 1651 1789 1722 CXXXV,
1810 1655 1878 1712 137.
1906 1650 2107 1722 CXXXVIII,
2124 1656 2196 1712 525.
2218 1667 2244 1706 ιο

545 1758 620 1818 Mo.
647 1757 719 1836 Cap.
744 1760 786 1830 II,
803 1763 869 1819 111.
896 1790 940 1798 -
970 1760 1061 1837 ch.:
1091 1758 1440 1828 Biibmcr-Miilstbaclcr,
1471 1759 1561 1836 Hcyp.
1585 1758 1698 1834 imperii
1724 1760 1767 1816 cd.
1791 1763 1822 1818 2.
1846 1758 1868 1816 Ι
1885 1779 1915 1816 n.
1933 1761 2022 1827 1072,
2054 1758 2101 1815 ubi
2122 1759 2198 1816 aliae

544 1866 626 1923 ctiam
650 1866 783 1925 editioms
805 1868 970 1924 laudantia.
1018 1865 1121 1924 ‘Neues
1144 1865 1264 1923 Archia>
1289 1865 1403 1936 XXIV,
1421 1868 1489 1925 491.

651 2057 698 2152 In
721 2088 851 2151 nomine
875 2086 997 2151 domini
1020 2088 1122 2151 nostri
1145 2087 1222 2152 Iesu
1245 2086 1367 2152 Christi
1391 2088 1456 2153 Dei
1479 2090 1615 2153 aeterni.
1660 2088 1852 2153 Hlotharius
1883 2087 1996 2152 divina
2026 2088 2196 2152 ordinante

543 2194 750 2282 providentia
783 2195 960 2281 imperator
989 2187 1167 2279 Augustus.
1215 2193 1303 2275 Quia
1337 2195 1498 2259 confessio
1530 2194 1722 2260 delictorum
1751 2217 1817 2259 non
1847 2196 1953 2259 minus
1983 2195 2017 2259 in
2048 2191 2195 2259 adversis

363 2327 524 2378 artesae.
543 2302 730 2367 necessaria
753 2311 803 2365 est
826 2323 924 2388 quam
952 2301 987 2364 in
1009 2302 1174 2387 prosperis
1205 2312 1238 2365 et
1268 2323 1325 2365 cor
1354 2303 1527 2366 contritum
1558 2311 1590 2366 et
1613 2300 1814 2367 humiliatum
1838 2301 1931 2367 Deus
1954 2324 2020 2366 non
2044 2300 2193 2388 despicit,
2217 2322 2242 2362 u

364 2435 526 2488 camarare,
543 2408 699 2495 gaudium
723 2409 821 2472 etiam
844 2429 916 2472 esse
939 2408 1128 2493 angelorum
1151 2409 1185 2471 in
1209 2407 1300 2473 caelo
1324 2430 1423 2494 super
1444 2431 1508 2474 uno
1532 2419 1705 2495 peccatore
1728 2409 1963 2494 paenitentiam
1987 2419 2105 2493 agente
2129 2431 2193 2472 non

543 2513 739 2597 dubitamus,
774 2537 833 2590 nos
864 2512 1017 2578 mortales
1045 2514 1080 2578 iu
1109 2515 1204 2578 terris
1236 2535 1292 2579 eos
1322 2537 1529 2601 nequaquam
1559 2514 1768 2602 despicimus,
1803 2538 1862 2601 pro
1898 2513 2017 2602 quibus
2048 2514 2193 2600 gaudere

544 2621 677 2709 angelos
707 2622 742 2685 in
772 2621 863 2686 caelo
894 2619 1004 2684 divino
1035 2621 1219 2685 testimonio
1242 2643 1309 2685 non
1338 2622 1534 2707 ignoramus.
1580 2621 1784 2687 Accusantes
1807 2633 1840 2686 et
1862 2621 2137 2709 reprehendentes
2160 2622 2194 2685 in

544 2727 734 2794 excessibus
758 2728 949 2814 semetipsos
973 2726 1085 2792 divina
1107 2750 1166 2792 nos
1189 2726 1375 2814 benignitas
1398 2750 1463 2792 non
1487 2727 1715 2810 condemnare,
1746 2727 1805 2792 sed
1831 2750 1980 2793 recreare
2004 2727 2116 2794 docuit
2139 2729 2194 2815 qui

378 2864 525 2915 aaronem.
543 2836 747 2901 meretricem
771 2857 836 2899 non
859 2833 963 2899 solum
986 2856 1007 2897 a
1028 2832 1127 2920 legali
1142 2833 1350 2899 damnatione
1367 2835 1496 2921 eripuit,
1519 2858 1633 2899 verum
1650 2836 1748 2900 etiam
1765 2833 1975 2922 publicanum
1990 2834 2194 2900 humiliatum
2213 2856 2241 2895 sn

544 2954 577 3008 et
599 2951 808 3008 accusantem
838 2963 873 3005 se
902 2963 969 3005 non
999 2939 1240 3022 condemnavit,
1269 2940 1328 3005 sed
1355 2942 1460 3028 magis
1490 2940 1696 3006 iustificando
1727 2940 1894 3023 exaltavit,
1925 2943 1981 3028 qui
2004 2964 2070 3006 non
2094 2941 2193 3006 dixit:

387 3077 524 3128 memmi.
547 3051 668 3132 Omnia
698 3053 758 3137 qai
783 3075 816 3115 se
839 3049 997 3129 humiliat,
1033 3046 1312 3128 condemnabitur,
1343 3046 1402 3112 sed
1425 3050 1624 3114 excluditur.
1670 3048 1869 3113 Potestatem
1892 3070 1981 3134 ergo,
2014 3071 2113 3135 quam
2136 3070 2194 3135 pro

545 3179 644 3221 causa
666 3166 776 3221 nostra
798 3165 910 3241 raptus
933 3153 1115 3240 perdidisti,
1145 3152 1369 3241 repetentibus
1400 3153 1559 3219 ecclesiae
1582 3164 1658 3219 tuae
1684 3154 1769 3238 filiis,
1800 3154 2026 3241 praesentibus
2054 3178 2193 3242 quoquc,

544 3261 748 3329 adstantibus
771 3284 810 3326 ae
834 3259 1084 3326 decernentibus
1108 3259 1323 3347 praesulibus,
1347 3260 1458 3326 sedem
1482 3283 1522 3326 ac
1546 3260 1702 3326 diocesim
1717 3261 1888 3326 Remensis
1903 3260 1993 3326 urbis
2016 3261 2086 3342 tibi,
2110 3260 2194 3344 Ebc,

544 3371 754 3450 restituimus,
783 3379 819 3433 ut
841 3369 978 3455 pristino
1002 3378 1134 3432 sanctae
1157 3366 1318 3454 largitatis
1341 3366 1540 3454 apostolicae
1563 3367 1662 3454 pallio
1692 3367 1833 3450 indutus,
1865 3368 2073 3433 concordiam
2096 3379 2194 3455 atque
2213 3389 2240 3429 sn

544 3478 684 3564 gratiam
708 3475 811 3540 divini
835 3474 934 3539 officii
957 3473 1137 3555 nobiscum,
1161 3473 1275 3538 humili
1299 3473 1520 3539 satisfactione
1544 3473 1685 3560 expleta,
1709 3472 1857 3538 sollemni
1880 3485 1991 3540 nostra
2005 3498 2026 3540 a
2044 3475 2194 3562 largitate

545 3582 733 3669 recipiendo
756 3603 922 3647 exerceas.

734 3779 763 3842 L
787 3793 816 3844 et
839 3777 872 3841 F
890 3778 966 3842 baec
982 3779 1154 3864 praebent:
1656 3776 1681 3842 6
1702 3777 1779 3842 baec
1795 3779 1946 3865 praeda:

591 3903 641 3990 (l)
665 3903 799 3989 Drogo¹
824 3901 997 3990 episcopus
1020 3900 1160 3965 adsensi.
1444 3898 1618 3987 (l)Drogo
1627 3906 1648 3982 ¹,
1660 3900 1892 3966 filius²Karoli
1905 3901 2036 3987 gloriosi
2044 3901 2195 3988 Augusti,

1398 4006 1499 4070 frater
1520 4004 1716 4089 Hludowici,
1745 4007 2090 4074 excellentissimorum
2114 4008 2195 4074 Cae·
2215 4027 2242 4067 w

1399 4134 1507 4176 sarum
1530 4113 1691 4200 totiusque
1716 4125 1848 4179 sanctae
1872 4114 2032 4180 ecclesiae
2052 4116 2196 4203 ipsorum

1399 4217 1560 4306 palatinus
1576 4219 1798 4306 archipraesul
1807 4226 1830 4303 ⁸,
1851 4222 1957 4286 sciens
1974 4222 2043 4286 sine
2060 4233 2147 4286 certo
2164 4232 2197 4286 et

1399 4325 1569 4390 manifesto
1594 4328 1729 4391 crimine
1759 4329 1922 4392 neminem
1952 4329 2015 4392 nisi
2038 4329 2195 4393 canonice

1398 4443 1549 4497 vocatum
1562 4431 1757 4520 publiceque
1770 4435 1955 4499 convictum
1968 4434 2195 4523 deponendum

1399 4540 1588 4625 episcopum
1617 4562 1724 4626 neque
1755 4541 1824 4605 sine
1855 4563 2016 4606 consensu
2045 4553 2078 4607 et
2103 4564 2195 4630 prae·
2214 4560 2242 4600 ⁸³

1400 4647 1504 4710 sentia
1534 4646 1692 4711 ecclesiae
1723 4669 1801 4712 susc
1831 4646 1954 4713 nullum
1984 4649 2047 4713 nisi
2081 4659 2195 4735 sponte

1400 4752 1582 4818 confessum
1613 4752 1700 4818 licite
1732 4753 1966 4819 absolvendum
1996 4757 2196 4842 episcopum,

1399 4858 1543 4946 alioquin
1573 4862 1667 4946 quasi
1695 4859 1868 4947 fugitivum
1903 4872 1960 4928 aut
1991 4884 2196 4949 quocumque

1398 4964 1495 5030 modo
1530 4964 1726 5032 subductum
1761 4970 1917 5033 canonice
1956 4968 2195 5050 revocandum3

653 5169 798 5220 emmau:
818 5168 965 5219 Restitutio
985 5167 1087 5216 Ebonis
1106 5165 1138 5225 L,
1165 5166 1290 5216 [rotharii
1310 5161 1507 5232 imp(eratoris)
1528 5167 1668 5218 decretum
1688 5168 1722 5218 de
1741 5169 1844 5220 Ebonis
1864 5170 2036 5221 restitutione
2055 5169 2078 5221 6
2094 5166 2123 5232 (a
2141 5168 2197 5221 sis·
2213 5181 2242 5221 so

545 5259 621 5311 mont
638 5254 765 5318 aaut).

655 5368 687 5416 13
714 5364 861 5416 Lotharins
881 5361 914 5412 F.
1006 5363 1039 5411 16
1063 5363 1145 5412 etiam
1172 5355 1242 5425 esse]
1267 5377 1326 5412 esse
1346 5361 1426 5412 etiam
1454 5359 1482 5411 6.
1576 5363 1607 5411 18
1634 5357 1670 5426 et]
1697 5362 1740 5414 vel
1764 5363 1793 5414 S.
1886 5366 1917 5416 12
1944 5366 2144 5433 condempnare
2164 5365 2195 5417 F.

547 5457 581 5508 20
600 5454 792 5521 dampnatione
813 5451 842 5502 F.
897 5453 928 5502 21
944 5450 1152 5516 condempnavit
1165 5449 1197 5500 F.
1254 5451 1288 5499 22
1301 5449 1546 5514 condempnabitur
1558 5449 1590 5501 F.
1647 5446 1764 5518 utfinis]
1778 5452 1904 5504 fidelibus
1918 5452 1947 5505 S.
2004 5454 2153 5506 dioecesim
2166 5454 2195 5506 6.

547 5546 581 5595 24
600 5544 689 5595 Eboni
709 5541 737 5593 S.
811 5542 845 5592 26
863 5539 1007 5605 sollempni
1028 5538 1058 5600 F,
1077 5537 1193 5590 solemni
1212 5537 1242 5589 6.

657 5724 686 5792 1)
724 5721 876 5829 Mettamis.
997 5720 1028 5788 2)
1064 5719 1110 5776 Dc
1143 5718 1359 5795 interpolatione
1393 5718 1501 5778 Eiones
1538 5721 1580 5793 cs.
1614 5741 1689 5797 quac
1722 5722 1899 5798 aaposuiotus
1937 5723 2040 5782 ‘Neues
2073 5725 2195 5784 Arciio⁷
2213 5739 2242 5779 ts

550 5831 613 5887 XX
617 5831 647 5900 V,
665 5833 726 5891 374
737 5850 779 5906 sq.
872 5829 903 5898 3)
928 5828 958 5885 V.
981 5827 1065 5899 infra
1083 5846 1116 5902 p.
1134 5829 1196 5886 804
1219 5845 1291 5883 anu.
1307 5829 1336 5886 4.
