<?xml version="1.0" encoding="UTF-8"?>
<!DOCTYPE html PUBLIC "-//W3C//DTD XHTML 1.0 Transitional//EN"
    "http://www.w3.org/TR/xhtml1/DTD/xhtml1-transitional.dtd">
<html xmlns="http://www.w3.org/1999/xhtml" xml:lang="en" lang="en">
 <head>
  <title>
</title>
<meta http-equiv="Content-Type" content="text/html;charset=utf-8" />
  <meta name='ocr-system' content='tesseract 3.04.00' />
  <meta name='ocr-capabilities' content='ocr_page ocr_carea ocr_par ocr_line ocrx_word'/>
</head>
<body>
  <div class='ocr_page' id='page_1' title='image "./monumentagerman02gescgoog/monumentagerman02gescgoog_0396.png"; bbox 0 0 4884 6717; ppageno 0'>
   <div class='ocr_carea' id='block_1_1' title="bbox 524 529 1756 592">
    <p class='ocr_par' dir='ltr' id='par_1_1' title="bbox 524 529 1756 592">
     <span class='ocr_line' id='line_1_1' title="bbox 524 529 1756 592; baseline -0.005 0"><span class='ocrx_word' id='word_1_1' title='bbox 524 529 590 592; x_wconf 83' lang='grc'>808</span> <span class='ocrx_word' id='word_1_2' title='bbox 948 533 1001 588; x_wconf 83' lang='lat' dir='ltr'>til.</span> <span class='ocrx_word' id='word_1_3' title='bbox 1037 531 1257 588; x_wconf 74' lang='lat' dir='ltr'>coxcmt&#39;ss</span> <span class='ocrx_word' id='word_1_4' title='bbox 1278 531 1600 588; x_wconf 74' lang='lat' dir='ltr'>mcssfflmfflxsn</span> <span class='ocrx_word' id='word_1_5' title='bbox 1622 535 1661 587; x_wconf 84' lang='grc' dir='ltr'>Δ.</span> <span class='ocrx_word' id='word_1_6' title='bbox 1680 531 1756 587; x_wconf 77' lang='grc'>840.</span> 
     </span>
    </p>
   </div>
   <div class='ocr_carea' id='block_1_2' title="bbox 518 717 2225 3365">
    <p class='ocr_par' dir='ltr' id='par_1_2' title="bbox 522 717 2182 1016">
     <span class='ocr_line' id='line_1_2' title="bbox 522 717 2182 804; baseline -0.001 -19"><span class='ocrx_word' id='word_1_7' title='bbox 522 720 676 785; x_wconf 85' lang='lat' dir='ltr'>roborata</span> <span class='ocrx_word' id='word_1_8' title='bbox 699 719 848 783; x_wconf 83' lang='lat' dir='ltr'>damnari</span> <span class='ocrx_word' id='word_1_9' title='bbox 870 717 1055 782; x_wconf 87' lang='lat' dir='ltr'>nullatenus</span> <span class='ocrx_word' id='word_1_10' title='bbox 1077 719 1171 781; x_wconf 84' lang='lat' dir='ltr'>iuxta</span> <span class='ocrx_word' id='word_1_11' title='bbox 1194 717 1327 782; x_wconf 85' lang='lat' dir='ltr'>decreta</span> <span class='ocrx_word' id='word_1_12' title='bbox 1350 729 1537 782; x_wconf 87' lang='lat' dir='ltr'>sanctornm</span> <span class='ocrx_word' id='word_1_13' title='bbox 1559 723 1711 804; x_wconf 82' lang='lat' dir='ltr'>patrnm¹</span> <span class='ocrx_word' id='word_1_14' title='bbox 1733 720 1893 804; x_wconf 87' lang='lat' dir='ltr'>potuisset</span> <span class='ocrx_word' id='word_1_15' title='bbox 1913 739 1976 782; x_wconf 89' lang='lat' dir='ltr'>nec</span> <span class='ocrx_word' id='word_1_16' title='bbox 2000 717 2123 783; x_wconf 86' lang='lat' dir='ltr'>diutins</span> <span class='ocrx_word' id='word_1_17' title='bbox 2145 721 2182 783; x_wconf 93' lang='lat' dir='ltr'>in</span> 
     </span>
     <span class='ocr_line' id='line_1_3' title="bbox 523 824 2180 911; baseline -0.001 -20"><span class='ocrx_word' id='word_1_18' title='bbox 523 825 643 891; x_wconf 85' lang='lat' dir='ltr'>talibus</span> <span class='ocrx_word' id='word_1_19' title='bbox 673 837 880 911; x_wconf 83' lang='lat' dir='ltr'>torqueretur</span> <span class='ocrx_word' id='word_1_20' title='bbox 909 835 943 887; x_wconf 90' lang='lat' dir='ltr'>et</span> <span class='ocrx_word' id='word_1_21' title='bbox 971 826 1069 889; x_wconf 89' lang='lat' dir='ltr'>etiam</span> <span class='ocrx_word' id='word_1_22' title='bbox 1100 847 1198 887; x_wconf 89' lang='lat' dir='ltr'>sanus</span> <span class='ocrx_word' id='word_1_23' title='bbox 1228 846 1365 910; x_wconf 89' lang='lat' dir='ltr'>corpore</span> <span class='ocrx_word' id='word_1_24' title='bbox 1394 825 1478 887; x_wconf 90' lang='lat' dir='ltr'>iram</span> <span class='ocrx_word' id='word_1_25' title='bbox 1507 824 1644 887; x_wconf 84' lang='lat' dir='ltr'>maximi</span> <span class='ocrx_word' id='word_1_26' title='bbox 1670 824 1829 910; x_wconf 87' lang='lat' dir='ltr'>principis</span> <span class='ocrx_word' id='word_1_27' title='bbox 1852 847 2058 911; x_wconf 87' lang='lat' dir='ltr'>quocumque</span> <span class='ocrx_word' id='word_1_28' title='bbox 2080 825 2180 892; x_wconf 90' lang='lat' dir='ltr'>modo</span> 
     </span>
     <span class='ocr_line' id='line_1_4' title="bbox 522 928 1319 1016; baseline -0.005 -19"><span class='ocrx_word' id='word_1_29' title='bbox 522 932 713 1012; x_wconf 79' lang='lat' dir='ltr'>declinaret,</span> <span class='ocrx_word' id='word_1_30' title='bbox 737 943 871 996; x_wconf 86' lang='lat' dir='ltr'>coactus</span> <span class='ocrx_word' id='word_1_31' title='bbox 894 932 1026 1016; x_wconf 74' lang='lat' dir='ltr'>scripsit</span> <span class='ocrx_word' id='word_1_32' title='bbox 1047 928 1192 994; x_wconf 83' lang='lat' dir='ltr'>libellum</span> <span class='ocrx_word' id='word_1_33' title='bbox 1215 929 1319 994; x_wconf 88' lang='lat' dir='ltr'>hunc:</span> 
     </span>
    </p>

    <p class='ocr_par' dir='ltr' id='par_1_3' title="bbox 519 1036 2225 1973">
     <span class='ocr_line' id='line_1_5' title="bbox 629 1036 2181 1122; baseline 0.001 -20"><span class='ocrx_word' id='word_1_34' title='bbox 629 1044 714 1120; x_wconf 75' lang='lat' dir='ltr'>Ego²</span> <span class='ocrx_word' id='word_1_35' title='bbox 741 1048 836 1113; x_wconf 86' lang='lat' dir='ltr'>Ebbo,</span> <span class='ocrx_word' id='word_1_36' title='bbox 866 1048 999 1118; x_wconf 82' lang='lat' dir='ltr'>indignus</span> <span class='ocrx_word' id='word_1_37' title='bbox 1029 1036 1192 1122; x_wconf 80' lang='lat' dir='ltr'>quondam</span> <span class='ocrx_word' id='word_1_38' title='bbox 1224 1047 1385 1118; x_wconf 83' lang='lat' dir='ltr'>episcopus,</span> <span class='ocrx_word' id='word_1_39' title='bbox 1415 1063 1622 1117; x_wconf 83' lang='lat' dir='ltr'>recognoscens</span> <span class='ocrx_word' id='word_1_40' title='bbox 1652 1045 1838 1117; x_wconf 65' lang='lat' dir='ltr'>flagitium</span> <span class='ocrx_word' id='word_1_41' title='bbox 1866 1064 1960 1101; x_wconf 82' lang='lat' dir='ltr'>meam</span> <span class='ocrx_word' id='word_1_42' title='bbox 1989 1055 2020 1102; x_wconf 91' lang='lat' dir='ltr'>et</span> <span class='ocrx_word' id='word_1_43' title='bbox 2048 1049 2181 1120; x_wconf 71' lang='lat' dir='ltr'>pondera</span> 
     </span>
     <span class='ocr_line' id='line_1_6' title="bbox 520 1147 2212 1227; baseline 0.001 -17"><span class='ocrx_word' id='word_1_44' title='bbox 520 1163 700 1227; x_wconf 69' lang='lat' dir='ltr'>peccatorum</span> <span class='ocrx_word' id='word_1_45' title='bbox 736 1171 876 1220; x_wconf 85' lang='lat' dir='ltr'>meorum,</span> <span class='ocrx_word' id='word_1_46' title='bbox 915 1161 1007 1208; x_wconf 87' lang='lat' dir='ltr'>testes</span> <span class='ocrx_word' id='word_1_47' title='bbox 1044 1152 1241 1218; x_wconf 80' lang='lat' dir='ltr'>confessores,</span> <span class='ocrx_word' id='word_1_48' title='bbox 1271 1147 1420 1207; x_wconf 74' lang='lat' dir='ltr'>Ainlfnm⁸</span> <span class='ocrx_word' id='word_1_49' title='bbox 1454 1152 1591 1207; x_wconf 76' lang='lat' dir='ltr'>videlicet</span> <span class='ocrx_word' id='word_1_50' title='bbox 1627 1152 1870 1224; x_wconf 82' lang='lat' dir='ltr'>arehiepiscopum</span> <span class='ocrx_word' id='word_1_51' title='bbox 1907 1161 1938 1207; x_wconf 87' lang='lat' dir='ltr'>et</span> <span class='ocrx_word' id='word_1_52' title='bbox 1974 1152 2212 1212; x_wconf 72' lang='lat' dir='ltr'>Badarsdnm⁴s</span> 
     </span>
     <span class='ocr_line' id='line_1_7' title="bbox 521 1254 2180 1333; baseline -0.002 -16"><span class='ocrx_word' id='word_1_53' title='bbox 521 1263 684 1333; x_wconf 89' lang='lat' dir='ltr'>episcopum</span> <span class='ocrx_word' id='word_1_54' title='bbox 706 1279 818 1315; x_wconf 82' lang='lat' dir='ltr'><strong>necnon</strong></span> <span class='ocrx_word' id='word_1_55' title='bbox 842 1269 872 1314; x_wconf 90' lang='lat' dir='ltr'>et</span> <span class='ocrx_word' id='word_1_56' title='bbox 897 1254 1083 1314; x_wconf 72' lang='lat' dir='ltr'>Modoinum⁵</span> <span class='ocrx_word' id='word_1_57' title='bbox 1105 1259 1279 1330; x_wconf 86' lang='lat' dir='ltr'>episcopum,</span> <span class='ocrx_word' id='word_1_58' title='bbox 1309 1258 1443 1314; x_wconf 85' lang='lat' dir='ltr'>constitui</span> <span class='ocrx_word' id='word_1_59' title='bbox 1465 1259 1533 1313; x_wconf 85' lang='lat' dir='ltr'>mihi</span> <span class='ocrx_word' id='word_1_60' title='bbox 1554 1259 1664 1313; x_wconf 84' lang='lat' dir='ltr'>iudices</span> <span class='ocrx_word' id='word_1_61' title='bbox 1686 1259 1853 1313; x_wconf 76' lang='lat' dir='ltr'>delictorum</span> <span class='ocrx_word' id='word_1_62' title='bbox 1875 1277 2001 1314; x_wconf 89' lang='lat' dir='ltr'>meornrn</span> <span class='ocrx_word' id='word_1_63' title='bbox 2024 1269 2056 1316; x_wconf 86' lang='lat' dir='ltr'>et</span> <span class='ocrx_word' id='word_1_64' title='bbox 2078 1280 2180 1332; x_wconf 74' lang='lat' dir='ltr'>puram</span> 
     </span>
     <span class='ocr_line' id='line_1_8' title="bbox 520 1365 2178 1440; baseline 0 -17"><span class='ocrx_word' id='word_1_65' title='bbox 520 1370 588 1440; x_wconf 90' lang='lat' dir='ltr'>ipsis</span> <span class='ocrx_word' id='word_1_66' title='bbox 611 1368 817 1423; x_wconf 84' lang='lat' dir='ltr'>confessionem</span> <span class='ocrx_word' id='word_1_67' title='bbox 841 1367 907 1421; x_wconf 85' lang='lat' dir='ltr'>dedi</span> <span class='ocrx_word' id='word_1_68' title='bbox 931 1383 1071 1437; x_wconf 86' lang='lat' dir='ltr'>quaerens</span> <span class='ocrx_word' id='word_1_69' title='bbox 1101 1367 1258 1420; x_wconf 86' lang='lat' dir='ltr'>remedium</span> <span class='ocrx_word' id='word_1_70' title='bbox 1286 1365 1455 1437; x_wconf 85' lang='lat' dir='ltr'>poenitendi</span> <span class='ocrx_word' id='word_1_71' title='bbox 1485 1373 1515 1420; x_wconf 90' lang='lat' dir='ltr'>et</span> <span class='ocrx_word' id='word_1_72' title='bbox 1544 1365 1666 1419; x_wconf 79' lang='lat' dir='ltr'>salutem</span> <span class='ocrx_word' id='word_1_73' title='bbox 1696 1366 1806 1419; x_wconf 78' lang='lat' dir='ltr'>animae</span> <span class='ocrx_word' id='word_1_74' title='bbox 1829 1383 1922 1432; x_wconf 77' lang='lat' dir='ltr'>meae,</span> <span class='ocrx_word' id='word_1_75' title='bbox 1952 1375 1986 1420; x_wconf 90' lang='lat' dir='ltr'>nt</span> <span class='ocrx_word' id='word_1_76' title='bbox 2008 1369 2178 1423; x_wconf 77' lang='lat' dir='ltr'>recederem</span> 
     </span>
     <span class='ocr_line' id='line_1_9' title="bbox 520 1471 2178 1546; baseline 0 -17"><span class='ocrx_word' id='word_1_77' title='bbox 520 1476 558 1530; x_wconf 86' lang='lat' dir='ltr'>ab</span> <span class='ocrx_word' id='word_1_78' title='bbox 573 1473 667 1529; x_wconf 83' lang='lat' dir='ltr'>officio</span> <span class='ocrx_word' id='word_1_79' title='bbox 684 1483 715 1528; x_wconf 87' lang='lat' dir='ltr'>et</span> <span class='ocrx_word' id='word_1_80' title='bbox 729 1474 885 1528; x_wconf 89' lang='lat' dir='ltr'>ministerio</span> <span class='ocrx_word' id='word_1_81' title='bbox 907 1471 1073 1543; x_wconf 87' lang='lat' dir='ltr'>pontificali,</span> <span class='ocrx_word' id='word_1_82' title='bbox 1098 1489 1154 1543; x_wconf 88' lang='lat' dir='ltr'>quo</span> <span class='ocrx_word' id='word_1_83' title='bbox 1176 1490 1222 1526; x_wconf 90' lang='lat' dir='ltr'>me</span> <span class='ocrx_word' id='word_1_84' title='bbox 1245 1490 1417 1544; x_wconf 81' lang='lat' dir='ltr'>recognosco</span> <span class='ocrx_word' id='word_1_85' title='bbox 1441 1489 1505 1526; x_wconf 86' lang='lat' dir='ltr'>ease</span> <span class='ocrx_word' id='word_1_86' title='bbox 1529 1471 1685 1543; x_wconf 81' lang='lat' dir='ltr'>indignum,</span> <span class='ocrx_word' id='word_1_87' title='bbox 1709 1480 1740 1526; x_wconf 90' lang='lat' dir='ltr'>et</span> <span class='ocrx_word' id='word_1_88' title='bbox 1762 1471 1886 1527; x_wconf 85' lang='lat' dir='ltr'>alienum</span> <span class='ocrx_word' id='word_1_89' title='bbox 1908 1492 1954 1529; x_wconf 88' lang='lat' dir='ltr'>me</span> <span class='ocrx_word' id='word_1_90' title='bbox 1977 1474 2104 1530; x_wconf 87' lang='lat' dir='ltr'>reddens</span> <span class='ocrx_word' id='word_1_91' title='bbox 2125 1494 2178 1546; x_wconf 81' lang='lat' dir='ltr'>pru</span> 
     </span>
     <span class='ocr_line' id='line_1_10' title="bbox 520 1578 2178 1652; baseline 0 -16"><span class='ocrx_word' id='word_1_92' title='bbox 520 1582 647 1637; x_wconf 88' lang='lat' dir='ltr'>reatibus</span> <span class='ocrx_word' id='word_1_93' title='bbox 671 1582 751 1646; x_wconf 89' lang='lat' dir='ltr'>meis,</span> <span class='ocrx_word' id='word_1_94' title='bbox 782 1581 810 1634; x_wconf 89' lang='lat' dir='ltr'>in</span> <span class='ocrx_word' id='word_1_95' title='bbox 841 1579 943 1650; x_wconf 77' lang='lat' dir='ltr'>qmbus</span> <span class='ocrx_word' id='word_1_96' title='bbox 965 1597 1010 1632; x_wconf 91' lang='lat' dir='ltr'>me</span> <span class='ocrx_word' id='word_1_97' title='bbox 1033 1597 1169 1650; x_wconf 77' lang='lat' dir='ltr'>peccasse</span> <span class='ocrx_word' id='word_1_98' title='bbox 1193 1587 1306 1633; x_wconf 87' lang='lat' dir='ltr'>secreto</span> <span class='ocrx_word' id='word_1_99' title='bbox 1328 1579 1383 1632; x_wconf 87' lang='lat' dir='ltr'>illis</span> <span class='ocrx_word' id='word_1_100' title='bbox 1406 1578 1552 1633; x_wconf 86' lang='lat' dir='ltr'>confessus</span> <span class='ocrx_word' id='word_1_101' title='bbox 1575 1597 1646 1645; x_wconf 89' lang='lat' dir='ltr'>sum,</span> <span class='ocrx_word' id='word_1_102' title='bbox 1678 1596 1713 1633; x_wconf 91' lang='lat' dir='ltr'>eo</span> <span class='ocrx_word' id='word_1_103' title='bbox 1736 1579 1846 1635; x_wconf 89' lang='lat' dir='ltr'>seilicet</span> <span class='ocrx_word' id='word_1_104' title='bbox 1868 1581 1963 1646; x_wconf 90' lang='lat' dir='ltr'>modo,</span> <span class='ocrx_word' id='word_1_105' title='bbox 1985 1589 2019 1634; x_wconf 93' lang='lat' dir='ltr'>ut</span> <span class='ocrx_word' id='word_1_106' title='bbox 2041 1581 2097 1652; x_wconf 84' lang='lat' dir='ltr'>ipsi</span> <span class='ocrx_word' id='word_1_107' title='bbox 2119 1583 2178 1636; x_wconf 83' lang='lat' dir='ltr'>sint</span> 
     </span>
     <span class='ocr_line' id='line_1_11' title="bbox 520 1685 2225 1758; baseline 0.001 -16"><span class='ocrx_word' id='word_1_108' title='bbox 520 1696 610 1743; x_wconf 88' lang='lat' dir='ltr'>testes</span> <span class='ocrx_word' id='word_1_109' title='bbox 634 1687 689 1741; x_wconf 86' lang='lat' dir='ltr'>alio</span> <span class='ocrx_word' id='word_1_110' title='bbox 712 1686 886 1741; x_wconf 87' lang='lat' dir='ltr'>succedendi</span> <span class='ocrx_word' id='word_1_111' title='bbox 910 1693 940 1740; x_wconf 91' lang='lat' dir='ltr'>et</span> <span class='ocrx_word' id='word_1_112' title='bbox 964 1686 1148 1739; x_wconf 87' lang='lat' dir='ltr'>consecrandi</span> <span class='ocrx_word' id='word_1_113' title='bbox 1171 1685 1402 1756; x_wconf 75' lang='lat' dir='ltr'>subrogandique</span> <span class='ocrx_word' id='word_1_114' title='bbox 1424 1685 1454 1738; x_wconf 89' lang='lat' dir='ltr'>in</span> <span class='ocrx_word' id='word_1_115' title='bbox 1476 1685 1539 1739; x_wconf 92' lang='lat' dir='ltr'>loco</span> <span class='ocrx_word' id='word_1_116' title='bbox 1561 1703 1636 1750; x_wconf 88' lang='lat' dir='ltr'>meo,</span> <span class='ocrx_word' id='word_1_117' title='bbox 1660 1685 1709 1756; x_wconf 89' lang='lat' dir='ltr'>qni</span> <span class='ocrx_word' id='word_1_118' title='bbox 1732 1686 1818 1757; x_wconf 83' lang='lat' dir='ltr'>digne</span> <span class='ocrx_word' id='word_1_119' title='bbox 1832 1704 1970 1757; x_wconf 81' lang='lat' dir='ltr'>praeesse</span> <span class='ocrx_word' id='word_1_120' title='bbox 1990 1695 2021 1742; x_wconf 89' lang='lat' dir='ltr'>et</span> <span class='ocrx_word' id='word_1_121' title='bbox 2039 1689 2177 1758; x_wconf 78' lang='lat' dir='ltr'>prodesse</span> <span class='ocrx_word' id='word_1_122' title='bbox 2198 1706 2225 1744; x_wconf 86' lang='lat' dir='ltr'>ro</span> 
     </span>
     <span class='ocr_line' id='line_1_12' title="bbox 519 1781 2177 1867; baseline 0.001 -19"><span class='ocrx_word' id='word_1_123' title='bbox 519 1796 608 1867; x_wconf 83' lang='lat' dir='ltr'>possit</span> <span class='ocrx_word' id='word_1_124' title='bbox 626 1794 776 1856; x_wconf 86' lang='lat' dir='ltr'>ecclesiae,</span> <span class='ocrx_word' id='word_1_125' title='bbox 799 1793 844 1846; x_wconf 90' lang='lat' dir='ltr'>cni</span> <span class='ocrx_word' id='word_1_126' title='bbox 867 1792 1006 1845; x_wconf 88' lang='lat' dir='ltr'>hactenus</span> <span class='ocrx_word' id='word_1_127' title='bbox 1030 1792 1161 1862; x_wconf 80' lang='lat' dir='ltr'>indignus</span> <span class='ocrx_word' id='word_1_128' title='bbox 1184 1792 1313 1861; x_wconf 71' lang='lat' dir='ltr'>praefui,</span> <span class='ocrx_word' id='word_1_129' title='bbox 1347 1799 1377 1845; x_wconf 91' lang='lat' dir='ltr'>et</span> <span class='ocrx_word' id='word_1_130' title='bbox 1400 1799 1433 1844; x_wconf 90' lang='lat' dir='ltr'>ut</span> <span class='ocrx_word' id='word_1_131' title='bbox 1456 1792 1523 1845; x_wconf 88' lang='lat' dir='ltr'>inde</span> <span class='ocrx_word' id='word_1_132' title='bbox 1547 1781 1631 1845; x_wconf 65' lang='lat' dir='ltr'>ultus</span> <span class='ocrx_word' id='word_1_133' title='bbox 1656 1792 1764 1845; x_wconf 83' lang='lat' dir='ltr'>nuliam</span> <span class='ocrx_word' id='word_1_134' title='bbox 1785 1794 1988 1863; x_wconf 84' lang='lat' dir='ltr'>repetitionem</span> <span class='ocrx_word' id='word_1_135' title='bbox 2010 1803 2062 1848; x_wconf 76' lang='lat' dir='ltr'>ant</span> <span class='ocrx_word' id='word_1_136' title='bbox 2085 1796 2177 1850; x_wconf 86' lang='lat' dir='ltr'>inter-</span> 
     </span>
     <span class='ocr_line' id='line_1_13' title="bbox 519 1898 1992 1973; baseline -0.001 -18"><span class='ocrx_word' id='word_1_137' title='bbox 519 1902 704 1973; x_wconf 82' lang='lat' dir='ltr'>pellationem</span> <span class='ocrx_word' id='word_1_138' title='bbox 728 1901 896 1954; x_wconf 86' lang='lat' dir='ltr'>auctoritate</span> <span class='ocrx_word' id='word_1_139' title='bbox 920 1899 1056 1952; x_wconf 87' lang='lat' dir='ltr'>canonica</span> <span class='ocrx_word' id='word_1_140' title='bbox 1079 1898 1175 1953; x_wconf 82' lang='lat' dir='ltr'>facere</span> <span class='ocrx_word' id='word_1_141' title='bbox 1199 1898 1320 1964; x_wconf 77' lang='lat' dir='ltr'>valeam,</span> <span class='ocrx_word' id='word_1_142' title='bbox 1342 1915 1427 1951; x_wconf 87' lang='lat' dir='ltr'>manu</span> <span class='ocrx_word' id='word_1_143' title='bbox 1448 1898 1563 1968; x_wconf 80' lang='lat' dir='ltr'>propria</span> <span class='ocrx_word' id='word_1_144' title='bbox 1583 1916 1649 1952; x_wconf 83' lang='lat' dir='ltr'>mea</span> <span class='ocrx_word' id='word_1_145' title='bbox 1670 1899 1852 1953; x_wconf 77' lang='lat' dir='ltr'>subscribens</span> <span class='ocrx_word' id='word_1_146' title='bbox 1873 1898 1992 1954; x_wconf 79' lang='lat' dir='ltr'>finnsvi.</span> 
     </span>
    </p>

    <p class='ocr_par' dir='ltr' id='par_1_4' title="bbox 518 1994 2222 2720">
     <span class='ocr_line' id='line_1_14' title="bbox 628 1994 2176 2077; baseline 0.001 -16"><span class='ocrx_word' id='word_1_147' title='bbox 628 1998 775 2077; x_wconf 83' lang='lat' dir='ltr'>Quorum</span> <span class='ocrx_word' id='word_1_148' title='bbox 798 1997 929 2059; x_wconf 88' lang='lat' dir='ltr'>testium</span> <span class='ocrx_word' id='word_1_149' title='bbox 952 1994 1005 2059; x_wconf 80' lang='lat' dir='ltr'>rel</span> <span class='ocrx_word' id='word_1_150' title='bbox 1030 1995 1251 2059; x_wconf 84' lang='lat' dir='ltr'>confessorum</span> <span class='ocrx_word' id='word_1_151' title='bbox 1274 1995 1494 2058; x_wconf 88' lang='lat' dir='ltr'>testimonium</span> <span class='ocrx_word' id='word_1_152' title='bbox 1517 1995 1550 2058; x_wconf 91' lang='lat' dir='ltr'>in</span> <span class='ocrx_word' id='word_1_153' title='bbox 1574 1997 1782 2059; x_wconf 82' lang='lat' dir='ltr'>successione</span> <span class='ocrx_word' id='word_1_154' title='bbox 1812 2009 1845 2059; x_wconf 91' lang='lat' dir='ltr'>et</span> <span class='ocrx_word' id='word_1_155' title='bbox 1871 1997 1905 2059; x_wconf 92' lang='lat' dir='ltr'>in</span> <span class='ocrx_word' id='word_1_156' title='bbox 1928 1999 2176 2063; x_wconf 85' lang='lat' dir='ltr'>consecratione</span> 
     </span>
     <span class='ocr_line' id='line_1_15' title="bbox 519 2100 2176 2187; baseline 0.001 -20"><span class='ocrx_word' id='word_1_157' title='bbox 519 2104 651 2168; x_wconf 76' lang='lat' dir='ltr'>alterius</span> <span class='ocrx_word' id='word_1_158' title='bbox 668 2102 775 2166; x_wconf 89' lang='lat' dir='ltr'>nullus</span> <span class='ocrx_word' id='word_1_159' title='bbox 791 2124 934 2187; x_wconf 90' lang='lat' dir='ltr'>unquam</span> <span class='ocrx_word' id='word_1_160' title='bbox 951 2102 1132 2187; x_wconf 78' lang='lat' dir='ltr'>requisivit,</span> <span class='ocrx_word' id='word_1_161' title='bbox 1157 2124 1232 2164; x_wconf 86' lang='lat' dir='ltr'>cum</span> <span class='ocrx_word' id='word_1_162' title='bbox 1248 2101 1346 2164; x_wconf 87' lang='lat' dir='ltr'>etiam</span> <span class='ocrx_word' id='word_1_163' title='bbox 1361 2123 1445 2164; x_wconf 89' lang='lat' dir='ltr'>unus</span> <span class='ocrx_word' id='word_1_164' title='bbox 1461 2123 1584 2180; x_wconf 87' lang='lat' dir='ltr'>eorum,</span> <span class='ocrx_word' id='word_1_165' title='bbox 1607 2100 1821 2165; x_wconf 86' lang='lat' dir='ltr'>Badaradus⁴</span> <span class='ocrx_word' id='word_1_166' title='bbox 1836 2102 1973 2182; x_wconf 88' lang='lat' dir='ltr'>scilicet,</span> <span class='ocrx_word' id='word_1_167' title='bbox 1996 2105 2031 2167; x_wconf 90' lang='lat' dir='ltr'>in</span> <span class='ocrx_word' id='word_1_168' title='bbox 2046 2106 2176 2169; x_wconf 85' lang='lat' dir='ltr'>restitn-</span> 
     </span>
     <span class='ocr_line' id='line_1_16' title="bbox 520 2205 2222 2286; baseline 0.001 -11"><span class='ocrx_word' id='word_1_169' title='bbox 520 2213 607 2275; x_wconf 88' lang='lat' dir='ltr'>tione</span> <span class='ocrx_word' id='word_1_170' title='bbox 630 2207 778 2274; x_wconf 86' lang='lat' dir='ltr'>Ebbouis</span> <span class='ocrx_word' id='word_1_171' title='bbox 802 2209 909 2271; x_wconf 83' lang='lat' dir='ltr'>fuerit.</span> <span class='ocrx_word' id='word_1_172' title='bbox 945 2207 1054 2270; x_wconf 84' lang='lat' dir='ltr'>Finito</span> <span class='ocrx_word' id='word_1_173' title='bbox 1071 2223 1179 2271; x_wconf 85' lang='lat' dir='ltr'>autem</span> <span class='ocrx_word' id='word_1_174' title='bbox 1196 2205 1344 2286; x_wconf 85' lang='lat' dir='ltr'>concilio,</span> <span class='ocrx_word' id='word_1_175' title='bbox 1368 2206 1522 2271; x_wconf 90' lang='lat' dir='ltr'>reductus</span> <span class='ocrx_word' id='word_1_176' title='bbox 1545 2221 1595 2271; x_wconf 88' lang='lat' dir='ltr'>est</span> <span class='ocrx_word' id='word_1_177' title='bbox 1617 2206 1678 2271; x_wconf 89' lang='lat' dir='ltr'>sub</span> <span class='ocrx_word' id='word_1_178' title='bbox 1702 2221 1774 2271; x_wconf 85' lang='lat' dir='ltr'>arta</span> <span class='ocrx_word' id='word_1_179' title='bbox 1794 2208 1944 2273; x_wconf 90' lang='lat' dir='ltr'>custodia</span> <span class='ocrx_word' id='word_1_180' title='bbox 1967 2209 2011 2274; x_wconf 87' lang='lat' dir='ltr'>ad</span> <span class='ocrx_word' id='word_1_181' title='bbox 2033 2211 2176 2277; x_wconf 90' lang='lat' dir='ltr'>eundern</span> <span class='ocrx_word' id='word_1_182' title='bbox 2195 2238 2222 2277; x_wconf 81' lang='lat' dir='ltr'>rs</span> 
     </span>
     <span class='ocr_line' id='line_1_17' title="bbox 519 2312 2175 2402; baseline 0 -21"><span class='ocrx_word' id='word_1_183' title='bbox 519 2319 625 2381; x_wconf 88' lang='lat' dir='ltr'>sancti</span> <span class='ocrx_word' id='word_1_184' title='bbox 654 2315 780 2379; x_wconf 88' lang='lat' dir='ltr'>scilicet</span> <span class='ocrx_word' id='word_1_185' title='bbox 808 2314 971 2378; x_wconf 84' lang='lat' dir='ltr'>Bonifacii</span> <span class='ocrx_word' id='word_1_186' title='bbox 1000 2315 1272 2396; x_wconf 43' lang='lat' dir='ltr'>monesterium&amp;</span> <span class='ocrx_word' id='word_1_187' title='bbox 1307 2325 1381 2399; x_wconf 88' lang='lat' dir='ltr'>post</span> <span class='ocrx_word' id='word_1_188' title='bbox 1415 2312 1617 2400; x_wconf 88' lang='lat' dir='ltr'>aliquantum</span> <span class='ocrx_word' id='word_1_189' title='bbox 1644 2337 1724 2378; x_wconf 79' lang='lat' dir='ltr'>vero</span> <span class='ocrx_word' id='word_1_190' title='bbox 1754 2317 1908 2402; x_wconf 86' lang='lat' dir='ltr'>temporis</span> <span class='ocrx_word' id='word_1_191' title='bbox 1938 2317 2175 2382; x_wconf 89' lang='lat' dir='ltr'>conmendatus</span> 
     </span>
     <span class='ocr_line' id='line_1_18' title="bbox 520 2418 2174 2506; baseline 0.001 -18"><span class='ocrx_word' id='word_1_192' title='bbox 520 2439 570 2488; x_wconf 85' lang='lat' dir='ltr'>est</span> <span class='ocrx_word' id='word_1_193' title='bbox 593 2422 741 2487; x_wconf 89' lang='lat' dir='ltr'>similiter</span> <span class='ocrx_word' id='word_1_194' title='bbox 763 2420 806 2485; x_wconf 89' lang='lat' dir='ltr'>ad</span> <span class='ocrx_word' id='word_1_195' title='bbox 830 2418 1079 2485; x_wconf 87' lang='lat' dir='ltr'>custodiendum</span> <span class='ocrx_word' id='word_1_196' title='bbox 1102 2420 1131 2483; x_wconf 89' lang='lat' dir='ltr'>F</span> <span class='ocrx_word' id='word_1_197' title='bbox 1131 2420 1255 2484; x_wconf 82' lang='lat' dir='ltr'>reeulfo</span> <span class='ocrx_word' id='word_1_198' title='bbox 1278 2419 1477 2486; x_wconf 79' lang='lat' dir='ltr'>Lexoviensi</span> <span class='ocrx_word' id='word_1_199' title='bbox 1501 2421 1667 2506; x_wconf 76' lang='lat' dir='ltr'>episeopo,</span> <span class='ocrx_word' id='word_1_200' title='bbox 1693 2419 1770 2484; x_wconf 88' lang='lat' dir='ltr'>iude</span> <span class='ocrx_word' id='word_1_201' title='bbox 1794 2423 1892 2485; x_wconf 88' lang='lat' dir='ltr'>etiam</span> <span class='ocrx_word' id='word_1_202' title='bbox 1916 2422 2038 2487; x_wconf 88' lang='lat' dir='ltr'>Bosoni</span> <span class='ocrx_word' id='word_1_203' title='bbox 2061 2423 2174 2490; x_wconf 85' lang='lat' dir='ltr'>abbati</span> 
     </span>
     <span class='ocr_line' id='line_1_19' title="bbox 519 2525 2177 2617; baseline 0.001 -22"><span class='ocrx_word' id='word_1_204' title='bbox 519 2533 553 2595; x_wconf 92' lang='lat' dir='ltr'>in</span> <span class='ocrx_word' id='word_1_205' title='bbox 576 2530 810 2594; x_wconf 85' lang='lat' dir='ltr'>monasterinm</span> <span class='ocrx_word' id='word_1_206' title='bbox 829 2528 934 2590; x_wconf 88' lang='lat' dir='ltr'>sancti</span> <span class='ocrx_word' id='word_1_207' title='bbox 949 2526 1121 2590; x_wconf 89' lang='lat' dir='ltr'>Benedicti</span> <span class='ocrx_word' id='word_1_208' title='bbox 1133 2531 1153 2606; x_wconf 68' lang='lat'>³,</span> <span class='ocrx_word' id='word_1_209' title='bbox 1178 2525 1239 2589; x_wconf 88' lang='lat' dir='ltr'>sub</span> <span class='ocrx_word' id='word_1_210' title='bbox 1263 2527 1356 2590; x_wconf 91' lang='lat' dir='ltr'>cuius</span> <span class='ocrx_word' id='word_1_211' title='bbox 1379 2548 1478 2591; x_wconf 89' lang='lat' dir='ltr'>manu</span> <span class='ocrx_word' id='word_1_212' title='bbox 1494 2525 1659 2608; x_wconf 78' lang='lat' dir='ltr'>exulabat,</span> <span class='ocrx_word' id='word_1_213' title='bbox 1683 2527 1815 2613; x_wconf 87' lang='lat' dir='ltr'>quando</span> <span class='ocrx_word' id='word_1_214' title='bbox 1832 2527 1982 2593; x_wconf 88' lang='lat' dir='ltr'>dominus</span> <span class='ocrx_word' id='word_1_215' title='bbox 1997 2531 2177 2617; x_wconf 86' lang='lat' dir='ltr'>imperator</span> 
     </span>
     <span class='ocr_line' id='line_1_20' title="bbox 518 2635 1155 2720; baseline -0.009 -19"><span class='ocrx_word' id='word_1_216' title='bbox 518 2639 607 2701; x_wconf 82' lang='lat' dir='ltr'>viam</span> <span class='ocrx_word' id='word_1_217' title='bbox 630 2637 728 2699; x_wconf 89' lang='lat' dir='ltr'>totius</span> <span class='ocrx_word' id='word_1_218' title='bbox 753 2635 919 2720; x_wconf 84' lang='lat' dir='ltr'>ingressus</span> <span class='ocrx_word' id='word_1_219' title='bbox 944 2644 993 2695; x_wconf 90' lang='lat' dir='ltr'>est</span> <span class='ocrx_word' id='word_1_220' title='bbox 1016 2635 1155 2696; x_wconf 56' lang='lat' dir='ltr'>camisss.</span> 
     </span>
    </p>

    <p class='ocr_par' dir='ltr' id='par_1_5' title="bbox 519 2740 2223 3365">
     <span class='ocr_line' id='line_1_21' title="bbox 626 2740 2223 2826; baseline 0.002 -19"><span class='ocrx_word' id='word_1_221' title='bbox 626 2743 792 2807; x_wconf 86' lang='lat' dir='ltr'>Defuncto</span> <span class='ocrx_word' id='word_1_222' title='bbox 816 2753 925 2804; x_wconf 89' lang='lat' dir='ltr'>autem</span> <span class='ocrx_word' id='word_1_223' title='bbox 948 2742 1143 2826; x_wconf 86' lang='lat' dir='ltr'>imperatore</span> <span class='ocrx_word' id='word_1_224' title='bbox 1167 2740 1322 2804; x_wconf 88' lang='lat' dir='ltr'>reductus</span> <span class='ocrx_word' id='word_1_225' title='bbox 1345 2753 1395 2804; x_wconf 89' lang='lat' dir='ltr'>est</span> <span class='ocrx_word' id='word_1_226' title='bbox 1418 2763 1438 2804; x_wconf 85' lang='lat' dir='ltr'>a</span> <span class='ocrx_word' id='word_1_227' title='bbox 1460 2740 1615 2804; x_wconf 85' lang='lat' dir='ltr'>iamdicto</span> <span class='ocrx_word' id='word_1_228' title='bbox 1631 2740 1761 2805; x_wconf 89' lang='lat' dir='ltr'>Bosone</span> <span class='ocrx_word' id='word_1_229' title='bbox 1784 2740 1903 2805; x_wconf 79' lang='lat' dir='ltr'>abbate</span> <span class='ocrx_word' id='word_1_230' title='bbox 1925 2741 1968 2806; x_wconf 83' lang='lat' dir='ltr'>ad</span> <span class='ocrx_word' id='word_1_231' title='bbox 1983 2743 2175 2810; x_wconf 88' lang='lat' dir='ltr'>Lotharium</span> <span class='ocrx_word' id='word_1_232' title='bbox 2194 2771 2223 2810; x_wconf 88' lang='lat' dir='ltr'>so</span> 
     </span>
     <span class='ocr_line' id='line_1_22' title="bbox 519 2846 2175 2937; baseline 0 -22"><span class='ocrx_word' id='word_1_233' title='bbox 519 2863 552 2915; x_wconf 89' lang='lat' dir='ltr'>et</span> <span class='ocrx_word' id='word_1_234' title='bbox 575 2849 722 2915; x_wconf 82' lang='lat' dir='ltr'>obviavit</span> <span class='ocrx_word' id='word_1_235' title='bbox 741 2850 771 2912; x_wconf 89' lang='lat' dir='ltr'>ei</span> <span class='ocrx_word' id='word_1_236' title='bbox 794 2846 883 2934; x_wconf 87' lang='lat' dir='ltr'>apud</span> <span class='ocrx_word' id='word_1_237' title='bbox 900 2846 1141 2931; x_wconf 64' lang='lat' dir='ltr'>ingelenheim,</span> <span class='ocrx_word' id='word_1_238' title='bbox 1165 2846 1222 2911; x_wconf 92' lang='lat' dir='ltr'>ubi</span> <span class='ocrx_word' id='word_1_239' title='bbox 1240 2858 1439 2932; x_wconf 83' lang='lat' dir='ltr'>congregata</span> <span class='ocrx_word' id='word_1_240' title='bbox 1462 2846 1588 2934; x_wconf 73' lang='lat' dir='ltr'>synodo</span> <span class='ocrx_word' id='word_1_241' title='bbox 1611 2848 1803 2911; x_wconf 84' lang='lat' dir='ltr'>auctoritate</span> <span class='ocrx_word' id='word_1_242' title='bbox 1827 2848 2007 2935; x_wconf 86' lang='lat' dir='ltr'>apostolica</span> <span class='ocrx_word' id='word_1_243' title='bbox 2030 2863 2063 2914; x_wconf 89' lang='lat' dir='ltr'>et</span> <span class='ocrx_word' id='word_1_244' title='bbox 2081 2874 2175 2937; x_wconf 89' lang='lat' dir='ltr'>prae·</span> 
     </span>
     <span class='ocr_line' id='line_1_23' title="bbox 519 2952 2175 3044; baseline 0.001 -23"><span class='ocrx_word' id='word_1_245' title='bbox 519 2958 669 3044; x_wconf 89' lang='lat' dir='ltr'>ceptione</span> <span class='ocrx_word' id='word_1_246' title='bbox 686 2955 834 3019; x_wconf 88' lang='lat' dir='ltr'>Letharii</span> <span class='ocrx_word' id='word_1_247' title='bbox 851 2955 1056 3041; x_wconf 88' lang='lat' dir='ltr'>imperatoris</span> <span class='ocrx_word' id='word_1_248' title='bbox 1073 2953 1160 3039; x_wconf 88' lang='lat' dir='ltr'>apud</span> <span class='ocrx_word' id='word_1_249' title='bbox 1184 2977 1256 3017; x_wconf 88' lang='lat' dir='ltr'>eam</span> <span class='ocrx_word' id='word_1_250' title='bbox 1279 2955 1447 3018; x_wconf 87' lang='lat' dir='ltr'>restitutus</span> <span class='ocrx_word' id='word_1_251' title='bbox 1471 2958 1543 3017; x_wconf 82' lang='lat' dir='ltr'>ost⁹</span> <span class='ocrx_word' id='word_1_252' title='bbox 1564 2952 1607 3016; x_wconf 90' lang='lat' dir='ltr'>ab</span> <span class='ocrx_word' id='word_1_253' title='bbox 1628 2952 1679 3016; x_wconf 90' lang='lat' dir='ltr'>his</span> <span class='ocrx_word' id='word_1_254' title='bbox 1695 2955 1874 3040; x_wconf 87' lang='lat' dir='ltr'>episcopis:</span> <span class='ocrx_word' id='word_1_255' title='bbox 1899 2955 2055 3041; x_wconf 86' lang='lat' dir='ltr'>Drogone</span> <span class='ocrx_word' id='word_1_256' title='bbox 2066 2963 2092 2999; x_wconf 87' lang='lat'>¹⁰</span> <span class='ocrx_word' id='word_1_257' title='bbox 2107 2960 2175 3044; x_wconf 92' lang='lat' dir='ltr'>epi·</span> 
     </span>
     <span class='ocr_line' id='line_1_24' title="bbox 520 3059 2175 3150; baseline 0 -21"><span class='ocrx_word' id='word_1_258' title='bbox 520 3087 629 3150; x_wconf 90' lang='lat' dir='ltr'>scopo,</span> <span class='ocrx_word' id='word_1_259' title='bbox 653 3063 788 3127; x_wconf 89' lang='lat' dir='ltr'>Hecti¹¹</span> <span class='ocrx_word' id='word_1_260' title='bbox 812 3061 1070 3147; x_wconf 86' lang='lat' dir='ltr'>archiepiscopo,</span> <span class='ocrx_word' id='word_1_261' title='bbox 1102 3060 1262 3146; x_wconf 85' lang='lat' dir='ltr'>Othgario</span> <span class='ocrx_word' id='word_1_262' title='bbox 1274 3066 1300 3103; x_wconf 84' lang='lat'>¹²</span> <span class='ocrx_word' id='word_1_263' title='bbox 1322 3061 1581 3147; x_wconf 82' lang='lat' dir='ltr'>archiepiscopo,</span> <span class='ocrx_word' id='word_1_264' title='bbox 1604 3059 1716 3124; x_wconf 79' lang='lat' dir='ltr'>David</span> <span class='ocrx_word' id='word_1_265' title='bbox 1727 3066 1754 3104; x_wconf 82' lang='lat'>¹³</span> <span class='ocrx_word' id='word_1_266' title='bbox 1775 3061 2034 3149; x_wconf 84' lang='lat' dir='ltr'>archiepiscopo,</span> <span class='ocrx_word' id='word_1_267' title='bbox 2064 3064 2175 3129; x_wconf 80' lang='lat' dir='ltr'>Amal·</span> 
     </span>
     <span class='ocr_line' id='line_1_25' title="bbox 519 3166 2175 3257; baseline 0.001 -22"><span class='ocrx_word' id='word_1_268' title='bbox 519 3172 641 3235; x_wconf 81' lang='lat' dir='ltr'>wino¹⁴</span> <span class='ocrx_word' id='word_1_269' title='bbox 669 3168 927 3254; x_wconf 85' lang='lat' dir='ltr'>archiepiscopo,</span> <span class='ocrx_word' id='word_1_270' title='bbox 958 3166 1115 3253; x_wconf 83' lang='lat' dir='ltr'>Ioseph¹⁵</span> <span class='ocrx_word' id='word_1_271' title='bbox 1137 3167 1395 3255; x_wconf 85' lang='lat' dir='ltr'>archiepiscopo,</span> <span class='ocrx_word' id='word_1_272' title='bbox 1424 3166 1546 3232; x_wconf 82' lang='lat' dir='ltr'>Audax</span> <span class='ocrx_word' id='word_1_273' title='bbox 1558 3171 1584 3209; x_wconf 77' lang='lat'>¹⁶</span> <span class='ocrx_word' id='word_1_274' title='bbox 1606 3166 1864 3254; x_wconf 83' lang='lat' dir='ltr'>archiepiscopo,</span> <span class='ocrx_word' id='word_1_275' title='bbox 1893 3168 2084 3235; x_wconf 73' lang='lat' dir='ltr'>Adalulfo¹³</span> <span class='ocrx_word' id='word_1_276' title='bbox 2107 3173 2175 3257; x_wconf 89' lang='lat' dir='ltr'>epi·</span> 
     </span>
     <span class='ocr_line' id='line_1_26' title="bbox 519 3272 2222 3365; baseline 0 -22"><span class='ocrx_word' id='word_1_277' title='bbox 519 3301 628 3364; x_wconf 91' lang='lat' dir='ltr'>scopo,</span> <span class='ocrx_word' id='word_1_278' title='bbox 645 3277 827 3340; x_wconf 71' lang='lat' dir='ltr'>Erminio¹⁸</span> <span class='ocrx_word' id='word_1_279' title='bbox 843 3275 1008 3361; x_wconf 88' lang='lat' dir='ltr'>episcopo,</span> <span class='ocrx_word' id='word_1_280' title='bbox 1025 3272 1234 3337; x_wconf 79' lang='lat' dir='ltr'>Badarad0¹⁹</span> <span class='ocrx_word' id='word_1_281' title='bbox 1249 3276 1413 3361; x_wconf 88' lang='lat' dir='ltr'>episcopo,</span> <span class='ocrx_word' id='word_1_282' title='bbox 1431 3275 1626 3360; x_wconf 76' lang='lat' dir='ltr'>Aganone²⁰</span> <span class='ocrx_word' id='word_1_283' title='bbox 1641 3275 1805 3360; x_wconf 90' lang='lat' dir='ltr'>episcopo,</span> <span class='ocrx_word' id='word_1_284' title='bbox 1823 3274 1991 3339; x_wconf 81' lang='lat' dir='ltr'>Samuel²¹</span> <span class='ocrx_word' id='word_1_285' title='bbox 2007 3278 2174 3365; x_wconf 88' lang='lat' dir='ltr'>episcopo,</span> <span class='ocrx_word' id='word_1_286' title='bbox 2192 3302 2222 3342; x_wconf 80' lang='lat' dir='ltr'>rs</span> 
     </span>
    </p>
   </div>
   <div class='ocr_carea' id='block_1_3' title="bbox 518 3453 2220 3874">
    <p class='ocr_par' dir='ltr' id='par_1_6' title="bbox 518 3453 2220 3874">
     <span class='ocr_line' id='line_1_27' title="bbox 626 3453 2173 3526; baseline 0.002 -16"><span class='ocrx_word' id='word_1_287' title='bbox 626 3463 642 3511; x_wconf 83' lang='lat'>2</span> <span class='ocrx_word' id='word_1_288' title='bbox 662 3460 855 3526; x_wconf 89' lang='lat' dir='ltr'>quodcumque</span> <span class='ocrx_word' id='word_1_289' title='bbox 874 3458 906 3508; x_wconf 91' lang='grc' dir='ltr'>Ρ.</span> <span class='ocrx_word' id='word_1_290' title='bbox 991 3461 1007 3508; x_wconf 87' lang='grc'>3</span> <span class='ocrx_word' id='word_1_291' title='bbox 1027 3465 1160 3508; x_wconf 88' lang='lat' dir='ltr'>cosuetus</span> <span class='ocrx_word' id='word_1_292' title='bbox 1181 3457 1210 3507; x_wconf 88' lang='lat' dir='ltr'>P.</span> <span class='ocrx_word' id='word_1_293' title='bbox 1293 3453 1421 3521; x_wconf 77' lang='lat' dir='ltr'>btestes]</span> <span class='ocrx_word' id='word_1_294' title='bbox 1441 3465 1468 3508; x_wconf 91' lang='lat' dir='ltr'>et</span> <span class='ocrx_word' id='word_1_295' title='bbox 1486 3457 1548 3507; x_wconf 85' lang='lat' dir='ltr'>add.</span> <span class='ocrx_word' id='word_1_296' title='bbox 1566 3459 1601 3507; x_wconf 75' lang='grc' dir='ltr'>Α.</span> <span class='ocrx_word' id='word_1_297' title='bbox 1682 3457 1865 3508; x_wconf 82' lang='lat' dir='ltr'>Biadarsdnm</span> <span class='ocrx_word' id='word_1_298' title='bbox 1886 3461 1919 3508; x_wconf 72' lang='lat' dir='ltr'><strong><em>A.</em></strong></span> <span class='ocrx_word' id='word_1_299' title='bbox 2004 3461 2123 3512; x_wconf 77' lang='lat' dir='ltr'>bmichi</span> <span class='ocrx_word' id='word_1_300' title='bbox 2143 3463 2173 3513; x_wconf 95' lang='grc' dir='ltr'>Ρ.</span> 
     </span>
     <span class='ocr_line' id='line_1_28' title="bbox 519 3541 2175 3617; baseline 0.001 -17"><span class='ocrx_word' id='word_1_301' title='bbox 519 3553 535 3600; x_wconf 83' lang='grc'>8</span> <span class='ocrx_word' id='word_1_302' title='bbox 555 3550 652 3600; x_wconf 91' lang='lat' dir='ltr'>redens</span> <span class='ocrx_word' id='word_1_303' title='bbox 672 3549 703 3599; x_wconf 90' lang='grc' dir='ltr'>Ρ.</span> <span class='ocrx_word' id='word_1_304' title='bbox 765 3551 781 3598; x_wconf 81' lang='grc'>9</span> <span class='ocrx_word' id='word_1_305' title='bbox 801 3543 865 3609; x_wconf 87' lang='lat' dir='ltr'>sint]</span> <span class='ocrx_word' id='word_1_306' title='bbox 886 3555 950 3596; x_wconf 90' lang='lat' dir='ltr'>sunt</span> <span class='ocrx_word' id='word_1_307' title='bbox 970 3549 1003 3596; x_wconf 71' lang='lat' dir='ltr'><strong><em>A.</em></strong></span> <span class='ocrx_word' id='word_1_308' title='bbox 1023 3547 1053 3596; x_wconf 88' lang='lat' dir='ltr'>P.</span> <span class='ocrx_word' id='word_1_309' title='bbox 1118 3549 1150 3596; x_wconf 91' lang='grc'>10</span> <span class='ocrx_word' id='word_1_310' title='bbox 1169 3546 1252 3597; x_wconf 79' lang='lat' dir='ltr'>atium</span> <span class='ocrx_word' id='word_1_311' title='bbox 1272 3549 1306 3597; x_wconf 77' lang='lat' dir='ltr'><strong><em>A.</em></strong></span> <span class='ocrx_word' id='word_1_312' title='bbox 1366 3541 1542 3610; x_wconf 86' lang='lat' dir='ltr'>succedendi}</span> <span class='ocrx_word' id='word_1_313' title='bbox 1561 3547 1691 3597; x_wconf 81' lang='lat' dir='ltr'>succendi</span> <span class='ocrx_word' id='word_1_314' title='bbox 1710 3546 1742 3596; x_wconf 93' lang='lat' dir='ltr'>P.</span> <span class='ocrx_word' id='word_1_315' title='bbox 1803 3549 1991 3598; x_wconf 83' lang='lat' dir='ltr'>comsecrandi</span> <span class='ocrx_word' id='word_1_316' title='bbox 2012 3549 2042 3599; x_wconf 89' lang='grc' dir='ltr'>Ρ.</span> <span class='ocrx_word' id='word_1_317' title='bbox 2097 3567 2175 3617; x_wconf 82' lang='lat' dir='ltr'>prae·</span> 
     </span>
     <span class='ocr_line' id='line_1_29' title="bbox 522 3632 2175 3706; baseline 0.001 -18"><span class='ocrx_word' id='word_1_318' title='bbox 522 3634 593 3701; x_wconf 88' lang='lat' dir='ltr'>esse]</span> <span class='ocrx_word' id='word_1_319' title='bbox 615 3655 724 3705; x_wconf 87' lang='lat' dir='ltr'>precem</span> <span class='ocrx_word' id='word_1_320' title='bbox 744 3638 775 3688; x_wconf 94' lang='grc' dir='ltr'>Ρ.</span> <span class='ocrx_word' id='word_1_321' title='bbox 860 3639 892 3687; x_wconf 95' lang='grc'>12</span> <span class='ocrx_word' id='word_1_322' title='bbox 912 3632 1028 3699; x_wconf 80' lang='lat' dir='ltr'>firmari]</span> <span class='ocrx_word' id='word_1_323' title='bbox 1049 3637 1108 3686; x_wconf 82' lang='lat' dir='ltr'>Ebo</span> <span class='ocrx_word' id='word_1_324' title='bbox 1127 3636 1265 3699; x_wconf 87' lang='lat' dir='ltr'>quondam</span> <span class='ocrx_word' id='word_1_325' title='bbox 1284 3639 1431 3703; x_wconf 86' lang='lat' dir='ltr'>episcopus</span> <span class='ocrx_word' id='word_1_326' title='bbox 1450 3636 1599 3700; x_wconf 85' lang='lat' dir='ltr'>subscripsi</span> <span class='ocrx_word' id='word_1_327' title='bbox 1624 3637 1660 3688; x_wconf 82' lang='lat' dir='ltr'>(r.</span> <span class='ocrx_word' id='word_1_328' title='bbox 1674 3653 1704 3701; x_wconf 83' lang='lat' dir='ltr'>p.</span> <span class='ocrx_word' id='word_1_329' title='bbox 1718 3641 1770 3686; x_wconf 79' lang='lat'>699</span> <span class='ocrx_word' id='word_1_330' title='bbox 1788 3637 1862 3692; x_wconf 78' lang='lat' dir='ltr'>L27,</span> <span class='ocrx_word' id='word_1_331' title='bbox 1876 3654 1906 3702; x_wconf 83' lang='lat' dir='ltr'>p.</span> <span class='ocrx_word' id='word_1_332' title='bbox 1923 3641 1974 3688; x_wconf 79' lang='grc'>702</span> <span class='ocrx_word' id='word_1_333' title='bbox 1991 3639 2008 3688; x_wconf 99' lang='lat' dir='ltr'><em>L</em></span> <span class='ocrx_word' id='word_1_334' title='bbox 2023 3641 2117 3706; x_wconf 67' lang='grc' dir='ltr'><strong>19η.)</strong></span> <span class='ocrx_word' id='word_1_335' title='bbox 2132 3641 2175 3690; x_wconf 83' lang='lat' dir='ltr'>de·</span> 
     </span>
     <span class='ocr_line' id='line_1_30' title="bbox 518 3724 2175 3792; baseline 0.002 -15"><span class='ocrx_word' id='word_1_336' title='bbox 518 3738 577 3777; x_wconf 71' lang='lat' dir='ltr'>suist</span> <span class='ocrx_word' id='word_1_337' title='bbox 595 3729 660 3777; x_wconf 72' lang='lat' dir='ltr'>siem</span> <span class='ocrx_word' id='word_1_338' title='bbox 676 3745 755 3792; x_wconf 80' lang='lat' dir='ltr'>supro</span> <span class='ocrx_word' id='word_1_339' title='bbox 769 3745 800 3792; x_wconf 84' lang='lat' dir='ltr'>p.</span> <span class='ocrx_word' id='word_1_340' title='bbox 816 3731 866 3776; x_wconf 71' lang='lat'>59:</span> <span class='ocrx_word' id='word_1_341' title='bbox 884 3726 902 3776; x_wconf 82' lang='lat'><strong><em>1.</em></strong></span> <span class='ocrx_word' id='word_1_342' title='bbox 918 3729 959 3784; x_wconf 87' lang='lat'>13,</span> <span class='ocrx_word' id='word_1_343' title='bbox 979 3744 1006 3790; x_wconf 85' lang='lat' dir='ltr'>p.</span> <span class='ocrx_word' id='word_1_344' title='bbox 1020 3731 1073 3774; x_wconf 61' lang='grc'>7103</span> <span class='ocrx_word' id='word_1_345' title='bbox 1092 3726 1108 3774; x_wconf 87' lang='lat' dir='ltr'><em>L</em></span> <span class='ocrx_word' id='word_1_346' title='bbox 1123 3731 1146 3774; x_wconf 74' lang='grc'>9.</span> <span class='ocrx_word' id='word_1_347' title='bbox 1222 3728 1254 3775; x_wconf 77' lang='grc'><strong>15</strong></span> <span class='ocrx_word' id='word_1_348' title='bbox 1279 3725 1394 3774; x_wconf 80' lang='lat' dir='ltr'>consitio</span> <span class='ocrx_word' id='word_1_349' title='bbox 1415 3724 1446 3775; x_wconf 90' lang='lat' dir='ltr'><strong><em>P.</em></strong></span> <span class='ocrx_word' id='word_1_350' title='bbox 1521 3727 1551 3775; x_wconf 85' lang='grc'><strong>17</strong></span> <span class='ocrx_word' id='word_1_351' title='bbox 1577 3726 1760 3776; x_wconf 79' lang='lat' dir='ltr'>Luxoriensis</span> <span class='ocrx_word' id='word_1_352' title='bbox 1779 3725 1811 3775; x_wconf 90' lang='lat' dir='ltr'>P.</span> <span class='ocrx_word' id='word_1_353' title='bbox 1883 3729 1916 3777; x_wconf 91' lang='grc'>21</span> <span class='ocrx_word' id='word_1_354' title='bbox 1944 3726 2124 3792; x_wconf 78' lang='lat' dir='ltr'>ingelenhsin</span> <span class='ocrx_word' id='word_1_355' title='bbox 2143 3730 2175 3781; x_wconf 90' lang='lat' dir='ltr'><strong><em>P.</em></strong></span> 
     </span>
     <span class='ocr_line' id='line_1_31' title="bbox 519 3812 2220 3874; baseline -0.003 -6"><span class='ocrx_word' id='word_1_356' title='bbox 519 3820 553 3868; x_wconf 90' lang='grc'>22</span> <span class='ocrx_word' id='word_1_357' title='bbox 573 3818 678 3866; x_wconf 83' lang='lat' dir='ltr'>Lotarii</span> <span class='ocrx_word' id='word_1_358' title='bbox 698 3815 729 3866; x_wconf 92' lang='lat' dir='ltr'>P.</span> <span class='ocrx_word' id='word_1_359' title='bbox 804 3817 838 3866; x_wconf 84' lang='grc'>24</span> <span class='ocrx_word' id='word_1_360' title='bbox 858 3815 973 3865; x_wconf 83' lang='lat' dir='ltr'>Andsux</span> <span class='ocrx_word' id='word_1_361' title='bbox 993 3817 1027 3868; x_wconf 73' lang='lat' dir='ltr'><strong><em>A.</em></strong></span> <span class='ocrx_word' id='word_1_362' title='bbox 1046 3813 1163 3864; x_wconf 71' lang='lat' dir='ltr'>Andrus</span> <span class='ocrx_word' id='word_1_363' title='bbox 1182 3812 1212 3863; x_wconf 92' lang='lat' dir='ltr'><strong><em>P.</em></strong></span> <span class='ocrx_word' id='word_1_364' title='bbox 1286 3813 1403 3864; x_wconf 77' lang='lat' dir='ltr'>Adaluso</span> <span class='ocrx_word' id='word_1_365' title='bbox 1423 3814 1453 3863; x_wconf 87' lang='lat' dir='ltr'>P.</span> <span class='ocrx_word' id='word_1_366' title='bbox 1526 3816 1560 3865; x_wconf 83' lang='grc'>25</span> <span class='ocrx_word' id='word_1_367' title='bbox 1579 3814 1688 3864; x_wconf 82' lang='lat' dir='ltr'>Eimino</span> <span class='ocrx_word' id='word_1_368' title='bbox 1708 3815 1739 3864; x_wconf 88' lang='lat' dir='ltr'><strong><em>P.</em></strong></span> <span class='ocrx_word' id='word_1_369' title='bbox 2192 3834 2220 3874; x_wconf 65' lang='grc' dir='ltr'><strong>η</strong></span> 
     </span>
    </p>
   </div>
   <div class='ocr_carea' id='block_1_4' title="bbox 512 3973 2217 5976">
    <p class='ocr_par' dir='ltr' id='par_1_7' title="bbox 512 3973 2217 5976">
     <span class='ocr_line' id='line_1_32' title="bbox 630 3973 2174 4058; baseline 0.002 -23"><span class='ocrx_word' id='word_1_370' title='bbox 630 3973 659 4058; x_wconf 94' lang='grc'><strong>1)</strong></span> <span class='ocrx_word' id='word_1_371' title='bbox 689 3981 858 4056; x_wconf 69' lang='lat' dir='ltr'>AHeqonncr</span> <span class='ocrx_word' id='word_1_372' title='bbox 887 3979 938 4035; x_wconf 78' lang='lat' dir='ltr'>hoc</span> <span class='ocrx_word' id='word_1_373' title='bbox 966 3981 1026 4035; x_wconf 86' lang='lat' dir='ltr'>loco</span> <span class='ocrx_word' id='word_1_374' title='bbox 1055 3980 1209 4035; x_wconf 80' lang='lat' dir='ltr'>decretales</span> <span class='ocrx_word' id='word_1_375' title='bbox 1238 3978 1535 4048; x_wconf 74' lang='lat' dir='ltr'>Pseudoiridorionae,</span> <span class='ocrx_word' id='word_1_376' title='bbox 1571 3999 1608 4035; x_wconf 74' lang='lat' dir='ltr'>cc</span> <span class='ocrx_word' id='word_1_377' title='bbox 1636 3978 1734 4054; x_wconf 79' lang='lat' dir='ltr'>quidus</span> <span class='ocrx_word' id='word_1_378' title='bbox 1764 3980 1934 4050; x_wconf 69' lang='lat' dir='ltr'>conserano</span> <span class='ocrx_word' id='word_1_379' title='bbox 1957 3981 2063 4056; x_wconf 79' lang='lat' dir='ltr'>praes.</span> <span class='ocrx_word' id='word_1_380' title='bbox 2087 4002 2111 4038; x_wconf 85' lang='lat' dir='ltr'>c.</span> <span class='ocrx_word' id='word_1_381' title='bbox 2136 3987 2174 4042; x_wconf 88' lang='grc'>8.·</span> 
     </span>
     <span class='ocr_line' id='line_1_33' title="bbox 519 4086 2173 4160; baseline 0.002 -18"><span class='ocrx_word' id='word_1_382' title='bbox 519 4087 695 4160; x_wconf 76' lang='lat' dir='ltr'>synodorum</span> <span class='ocrx_word' id='word_1_383' title='bbox 718 4106 785 4143; x_wconf 84' lang='lat' dir='ltr'>vero</span> <span class='ocrx_word' id='word_1_384' title='bbox 816 4087 1076 4159; x_wconf 83' lang='lat' dir='ltr'>congregandarum</span> <span class='ocrx_word' id='word_1_385' title='bbox 1106 4088 1259 4141; x_wconf 87' lang='lat' dir='ltr'>auctoritas</span> <span class='ocrx_word' id='word_1_386' title='bbox 1286 4086 1441 4157; x_wconf 88' lang='lat' dir='ltr'>apostolice</span> <span class='ocrx_word' id='word_1_387' title='bbox 1466 4087 1528 4141; x_wconf 88' lang='lat' dir='ltr'>sedi</span> <span class='ocrx_word' id='word_1_388' title='bbox 1550 4087 1661 4158; x_wconf 74' lang='lat' dir='ltr'>privata</span> <span class='ocrx_word' id='word_1_389' title='bbox 1684 4088 1830 4141; x_wconf 89' lang='lat' dir='ltr'>commissa</span> <span class='ocrx_word' id='word_1_390' title='bbox 1856 4095 1901 4142; x_wconf 89' lang='lat' dir='ltr'>est</span> <span class='ocrx_word' id='word_1_391' title='bbox 1930 4095 2089 4159; x_wconf 81' lang='lat' dir='ltr'>potestate,</span> <span class='ocrx_word' id='word_1_392' title='bbox 2119 4109 2173 4146; x_wconf 89' lang='lat' dir='ltr'>nec</span> 
     </span>
     <span class='ocr_line' id='line_1_34' title="bbox 518 4189 2172 4268; baseline 0.001 -18"><span class='ocrx_word' id='word_1_393' title='bbox 518 4195 605 4250; x_wconf 81' lang='lat' dir='ltr'>ullam</span> <span class='ocrx_word' id='word_1_394' title='bbox 628 4194 767 4266; x_wconf 85' lang='lat' dir='ltr'>synodum</span> <span class='ocrx_word' id='word_1_395' title='bbox 790 4201 880 4248; x_wconf 85' lang='lat' dir='ltr'>ratam</span> <span class='ocrx_word' id='word_1_396' title='bbox 905 4212 968 4249; x_wconf 87' lang='lat' dir='ltr'>esse</span> <span class='ocrx_word' id='word_1_397' title='bbox 991 4193 1122 4264; x_wconf 82' lang='lat' dir='ltr'>legimus,</span> <span class='ocrx_word' id='word_1_398' title='bbox 1154 4211 1227 4264; x_wconf 89' lang='lat' dir='ltr'>quae</span> <span class='ocrx_word' id='word_1_399' title='bbox 1259 4194 1320 4248; x_wconf 90' lang='lat' dir='ltr'>eius</span> <span class='ocrx_word' id='word_1_400' title='bbox 1348 4211 1405 4249; x_wconf 89' lang='lat' dir='ltr'>non</span> <span class='ocrx_word' id='word_1_401' title='bbox 1429 4193 1515 4248; x_wconf 86' lang='lat' dir='ltr'>fuerit</span> <span class='ocrx_word' id='word_1_402' title='bbox 1538 4193 1710 4248; x_wconf 84' lang='lat' dir='ltr'>anctoritate</span> <span class='ocrx_word' id='word_1_403' title='bbox 1738 4203 1912 4266; x_wconf 80' lang='lat' dir='ltr'>congregata</span> <span class='ocrx_word' id='word_1_404' title='bbox 1935 4195 1982 4250; x_wconf 85' lang='lat' dir='ltr'>rel</span> <span class='ocrx_word' id='word_1_405' title='bbox 2012 4196 2086 4251; x_wconf 79' lang='lat' dir='ltr'>fulta</span> <span class='ocrx_word' id='word_1_406' title='bbox 2115 4189 2172 4268; x_wconf 80' lang='lat' dir='ltr'>(cd.</span> 
     </span>
     <span class='ocr_line' id='line_1_35' title="bbox 519 4295 2171 4376; baseline 0.003 -18"><span class='ocrx_word' id='word_1_407' title='bbox 519 4300 674 4358; x_wconf 75' lang='lat' dir='ltr'>ffinscliius</span> <span class='ocrx_word' id='word_1_408' title='bbox 683 4319 717 4375; x_wconf 84' lang='lat' dir='ltr'>p.</span> <span class='ocrx_word' id='word_1_409' title='bbox 735 4295 797 4375; x_wconf 86' lang='lat'>19),</span> <span class='ocrx_word' id='word_1_410' title='bbox 814 4298 973 4375; x_wconf 73' lang='lat' dir='ltr'>qur‘buscum</span> <span class='ocrx_word' id='word_1_411' title='bbox 990 4299 1186 4376; x_wconf 72' lang='lat' dir='ltr'>coniuupendu</span> <span class='ocrx_word' id='word_1_412' title='bbox 1200 4307 1268 4355; x_wconf 78' lang='lat' dir='ltr'>sunt</span> <span class='ocrx_word' id='word_1_413' title='bbox 1281 4300 1398 4374; x_wconf 84' lang='lat' dir='ltr'>epistola</span> <span class='ocrx_word' id='word_1_414' title='bbox 1416 4299 1551 4356; x_wconf 75' lang='lat' dir='ltr'>Marcelli</span> <span class='ocrx_word' id='word_1_415' title='bbox 1562 4301 1688 4356; x_wconf 68' lang='lat' dir='ltr'>secanda</span> <span class='ocrx_word' id='word_1_416' title='bbox 1703 4320 1728 4355; x_wconf 85' lang='lat' dir='ltr'>c.</span> <span class='ocrx_word' id='word_1_417' title='bbox 1745 4303 1793 4369; x_wconf 86' lang='lat'>10,</span> <span class='ocrx_word' id='word_1_418' title='bbox 1810 4299 1877 4356; x_wconf 78' lang='lat' dir='ltr'>Iulii</span> <span class='ocrx_word' id='word_1_419' title='bbox 1891 4301 2004 4359; x_wconf 80' lang='lat' dir='ltr'>decreto</span> <span class='ocrx_word' id='word_1_420' title='bbox 2020 4321 2059 4358; x_wconf 86' lang='lat' dir='ltr'>cc.</span> <span class='ocrx_word' id='word_1_421' title='bbox 2076 4307 2106 4361; x_wconf 88' lang='grc'>5.</span> <span class='ocrx_word' id='word_1_422' title='bbox 2123 4307 2171 4374; x_wconf 85' lang='grc'><strong>13,</strong></span> 
     </span>
     <span class='ocr_line' id='line_1_36' title="bbox 519 4401 2217 4483; baseline 0.003 -19"><span class='ocrx_word' id='word_1_423' title='bbox 519 4407 644 4464; x_wconf 83' lang='lat' dir='ltr'>Damasi</span> <span class='ocrx_word' id='word_1_424' title='bbox 665 4407 779 4463; x_wconf 81' lang='lat' dir='ltr'>decreto</span> <span class='ocrx_word' id='word_1_425' title='bbox 802 4409 863 4465; x_wconf 86' lang='lat' dir='ltr'>c.9</span> <span class='ocrx_word' id='word_1_426' title='bbox 887 4401 920 4478; x_wconf 82' lang='lat' dir='ltr'>(l.</span> <span class='ocrx_word' id='word_1_427' title='bbox 940 4407 958 4462; x_wconf 88' lang='lat' dir='ltr'><em>L</em></span> <span class='ocrx_word' id='word_1_428' title='bbox 977 4426 1012 4481; x_wconf 83' lang='lat' dir='ltr'>p.</span> <span class='ocrx_word' id='word_1_429' title='bbox 1029 4410 1104 4464; x_wconf 84' lang='grc'>228.</span> <span class='ocrx_word' id='word_1_430' title='bbox 1120 4409 1192 4465; x_wconf 69' lang='grc'>459.</span> <span class='ocrx_word' id='word_1_431' title='bbox 1209 4409 1279 4464; x_wconf 71' lang='grc'><strong>471.</strong></span> <span class='ocrx_word' id='word_1_432' title='bbox 1297 4401 1370 4481; x_wconf 84' lang='lat'><em>503)</em></span> <span class='ocrx_word' id='word_1_433' title='bbox 1378 4428 1389 4474; x_wconf 89' lang='lat'>,·</span> <span class='ocrx_word' id='word_1_434' title='bbox 1418 4406 1461 4476; x_wconf 79' lang='lat' dir='ltr'>es.</span> <span class='ocrx_word' id='word_1_435' title='bbox 1485 4405 1599 4476; x_wconf 74' lang='lat' dir='ltr'>Hoack,</span> <span class='ocrx_word' id='word_1_436' title='bbox 1630 4406 1925 4483; x_wconf 74' lang='lat' dir='ltr'>‘Kircherrqesclricdte</span> <span class='ocrx_word' id='word_1_437' title='bbox 1947 4408 2171 4467; x_wconf 76' lang='lat' dir='ltr'>Dartschlcnds’</span> <span class='ocrx_word' id='word_1_438' title='bbox 2190 4429 2217 4469; x_wconf 69' lang='lat' dir='ltr'>a</span> 
     </span>
     <span class='ocr_line' id='line_1_37' title="bbox 519 4509 2170 4590; baseline 0.001 -19"><span class='ocrx_word' id='word_1_439' title='bbox 519 4516 562 4571; x_wconf 85' lang='lat' dir='ltr'>ed.</span> <span class='ocrx_word' id='word_1_440' title='bbox 586 4519 616 4573; x_wconf 82' lang='lat'><strong><em>2.</em></strong></span> <span class='ocrx_word' id='word_1_441' title='bbox 641 4513 681 4582; x_wconf 85' lang='grc' dir='ltr'>Π,</span> <span class='ocrx_word' id='word_1_442' title='bbox 698 4517 770 4571; x_wconf 87' lang='grc'>532.</span> <span class='ocrx_word' id='word_1_443' title='bbox 816 4512 847 4569; x_wconf 79' lang='lat' dir='ltr'><strong><em>V.</em></strong></span> <span class='ocrx_word' id='word_1_444' title='bbox 872 4513 955 4568; x_wconf 66' lang='lat' dir='ltr'>diora</span> <span class='ocrx_word' id='word_1_445' title='bbox 985 4513 1067 4588; x_wconf 84' lang='lat' dir='ltr'>apud</span> <span class='ocrx_word' id='word_1_446' title='bbox 1087 4512 1333 4569; x_wconf 68' lang='lat' dir='ltr'>Psmdooidonrm</span> <span class='ocrx_word' id='word_1_447' title='bbox 1358 4512 1501 4587; x_wconf 75' lang='lat' dir='ltr'>epistolam</span> <span class='ocrx_word' id='word_1_448' title='bbox 1523 4514 1675 4570; x_wconf 74' lang='lat' dir='ltr'>secundem</span> <span class='ocrx_word' id='word_1_449' title='bbox 1701 4513 1805 4570; x_wconf 70' lang='lat' dir='ltr'>Pelius</span> <span class='ocrx_word' id='word_1_450' title='bbox 1826 4513 1970 4590; x_wconf 74' lang='lat' dir='ltr'>Lpapae</span> <span class='ocrx_word' id='word_1_451' title='bbox 1993 4535 2016 4572; x_wconf 85' lang='lat' dir='ltr'>c.</span> <span class='ocrx_word' id='word_1_452' title='bbox 2033 4519 2073 4575; x_wconf 87' lang='lat'>10</span> <span class='ocrx_word' id='word_1_453' title='bbox 2095 4509 2128 4590; x_wconf 86' lang='lat' dir='ltr'>(L</span> <span class='ocrx_word' id='word_1_454' title='bbox 2150 4518 2170 4573; x_wconf 88' lang='lat' dir='ltr'><em>L</em></span> 
     </span>
     <span class='ocr_line' id='line_1_38' title="bbox 513 4613 2170 4697; baseline 0.002 -21"><span class='ocrx_word' id='word_1_455' title='bbox 513 4640 547 4697; x_wconf 82' lang='lat' dir='ltr'>p.</span> <span class='ocrx_word' id='word_1_456' title='bbox 564 4617 654 4695; x_wconf 78' lang='lat'><em>201):</em></span> <span class='ocrx_word' id='word_1_457' title='bbox 687 4621 760 4682; x_wconf 71' lang='lat' dir='ltr'>Nam</span> <span class='ocrx_word' id='word_1_458' title='bbox 789 4622 812 4674; x_wconf 92' lang='lat' dir='ltr'>si</span> <span class='ocrx_word' id='word_1_459' title='bbox 842 4621 900 4674; x_wconf 89' lang='lat' dir='ltr'>suis</span> <span class='ocrx_word' id='word_1_460' title='bbox 928 4620 1015 4675; x_wconf 85' lang='lat' dir='ltr'>fuerit</span> <span class='ocrx_word' id='word_1_461' title='bbox 1039 4613 1209 4694; x_wconf 59' lang='lat' dir='ltr'>(epscopus)</span> <span class='ocrx_word' id='word_1_462' title='bbox 1239 4627 1289 4673; x_wconf 85' lang='lat' dir='ltr'>ant</span> <span class='ocrx_word' id='word_1_463' title='bbox 1320 4621 1442 4675; x_wconf 84' lang='lat' dir='ltr'>ecclesie</span> <span class='ocrx_word' id='word_1_464' title='bbox 1466 4621 1519 4675; x_wconf 88' lang='lat' dir='ltr'>sibi</span> <span class='ocrx_word' id='word_1_465' title='bbox 1542 4620 1686 4675; x_wconf 86' lang='lat' dir='ltr'>commisse</span> <span class='ocrx_word' id='word_1_466' title='bbox 1709 4621 1795 4676; x_wconf 88' lang='lat' dir='ltr'>rebus</span> <span class='ocrx_word' id='word_1_467' title='bbox 1819 4622 1978 4693; x_wconf 82' lang='lat' dir='ltr'>expoliatus</span> <span class='ocrx_word' id='word_1_468' title='bbox 2003 4632 2062 4688; x_wconf 85' lang='lat' dir='ltr'>aut,</span> <span class='ocrx_word' id='word_1_469' title='bbox 2094 4626 2170 4696; x_wconf 87' lang='lat' dir='ltr'>quod</span> 
     </span>
     <span class='ocr_line' id='line_1_39' title="bbox 518 4724 2169 4800; baseline 0.002 -17"><span class='ocrx_word' id='word_1_470' title='bbox 518 4729 603 4794; x_wconf 85' lang='lat' dir='ltr'>absit,</span> <span class='ocrx_word' id='word_1_471' title='bbox 627 4728 704 4800; x_wconf 91' lang='lat' dir='ltr'>qnod</span> <span class='ocrx_word' id='word_1_472' title='bbox 727 4727 850 4783; x_wconf 90' lang='lat' dir='ltr'>alienum</span> <span class='ocrx_word' id='word_1_473' title='bbox 873 4727 910 4782; x_wconf 96' lang='lat' dir='ltr'>ab</span> <span class='ocrx_word' id='word_1_474' title='bbox 933 4727 1062 4782; x_wconf 88' lang='lat' dir='ltr'>omnibus</span> <span class='ocrx_word' id='word_1_475' title='bbox 1092 4744 1155 4781; x_wconf 90' lang='lat' dir='ltr'>esse</span> <span class='ocrx_word' id='word_1_476' title='bbox 1179 4726 1269 4781; x_wconf 87' lang='lat' dir='ltr'>debet</span> <span class='ocrx_word' id='word_1_477' title='bbox 1292 4724 1435 4786; x_wconf 82' lang='lat' dir='ltr'>fidelibus,</span> <span class='ocrx_word' id='word_1_478' title='bbox 1465 4745 1483 4782; x_wconf 85' lang='lat' dir='ltr'>a</span> <span class='ocrx_word' id='word_1_479' title='bbox 1505 4728 1574 4783; x_wconf 88' lang='lat' dir='ltr'>sede</span> <span class='ocrx_word' id='word_1_480' title='bbox 1598 4729 1713 4799; x_wconf 87' lang='lat' dir='ltr'>propria</span> <span class='ocrx_word' id='word_1_481' title='bbox 1741 4729 1851 4783; x_wconf 88' lang='lat' dir='ltr'>eiectus</span> <span class='ocrx_word' id='word_1_482' title='bbox 1877 4737 1928 4782; x_wconf 87' lang='lat' dir='ltr'>aut</span> <span class='ocrx_word' id='word_1_483' title='bbox 1950 4730 1980 4783; x_wconf 91' lang='lat' dir='ltr'>in</span> <span class='ocrx_word' id='word_1_484' title='bbox 2002 4730 2169 4787; x_wconf 87' lang='lat' dir='ltr'>detentione</span> 
     </span>
     <span class='ocr_line' id='line_1_40' title="bbox 518 4834 2169 4907; baseline 0.002 -17"><span class='ocrx_word' id='word_1_485' title='bbox 518 4837 613 4907; x_wconf 87' lang='lat' dir='ltr'>aliqua</span> <span class='ocrx_word' id='word_1_486' title='bbox 635 4853 654 4889; x_wconf 88' lang='lat' dir='ltr'>a</span> <span class='ocrx_word' id='word_1_487' title='bbox 675 4835 732 4888; x_wconf 86' lang='lat' dir='ltr'>suis</span> <span class='ocrx_word' id='word_1_488' title='bbox 755 4835 855 4889; x_wconf 82' lang='lat' dir='ltr'>oribus</span> <span class='ocrx_word' id='word_1_489' title='bbox 885 4834 972 4889; x_wconf 83' lang='lat' dir='ltr'>fuerit</span> <span class='ocrx_word' id='word_1_490' title='bbox 1002 4841 1209 4904; x_wconf 84' lang='lat' dir='ltr'>sequestratus,</span> <span class='ocrx_word' id='word_1_491' title='bbox 1241 4841 1308 4887; x_wconf 87' lang='lat' dir='ltr'>tune</span> <span class='ocrx_word' id='word_1_492' title='bbox 1339 4834 1491 4888; x_wconf 85' lang='lat' dir='ltr'>canonicae</span> <span class='ocrx_word' id='word_1_493' title='bbox 1523 4840 1676 4905; x_wconf 87' lang='lat' dir='ltr'>antequam</span> <span class='ocrx_word' id='word_1_494' title='bbox 1706 4836 1735 4888; x_wconf 91' lang='lat' dir='ltr'>in</span> <span class='ocrx_word' id='word_1_495' title='bbox 1763 4835 1883 4906; x_wconf 85' lang='lat' dir='ltr'>pristino</span> <span class='ocrx_word' id='word_1_496' title='bbox 1912 4836 2082 4891; x_wconf 83' lang='lat' dir='ltr'>restituatur</span> <span class='ocrx_word' id='word_1_497' title='bbox 2106 4856 2169 4893; x_wconf 87' lang='lat' dir='ltr'>cum</span> 
     </span>
     <span class='ocr_line' id='line_1_41' title="bbox 517 4940 2217 5013; baseline 0.004 -17"><span class='ocrx_word' id='word_1_498' title='bbox 517 4943 591 4997; x_wconf 92' lang='lat' dir='ltr'>omni</span> <span class='ocrx_word' id='word_1_499' title='bbox 622 4941 771 5013; x_wconf 81' lang='lat' dir='ltr'>privilegio</span> <span class='ocrx_word' id='word_1_500' title='bbox 800 4958 851 4995; x_wconf 88' lang='lat' dir='ltr'>suo</span> <span class='ocrx_word' id='word_1_501' title='bbox 880 4940 986 4995; x_wconf 91' lang='lat' dir='ltr'>honore</span> <span class='ocrx_word' id='word_1_502' title='bbox 1018 4949 1048 4996; x_wconf 90' lang='lat' dir='ltr'>et</span> <span class='ocrx_word' id='word_1_503' title='bbox 1078 4958 1129 4994; x_wconf 82' lang='lat' dir='ltr'>sna</span> <span class='ocrx_word' id='word_1_504' title='bbox 1159 4940 1262 5006; x_wconf 88' lang='lat' dir='ltr'>omnia,</span> <span class='ocrx_word' id='word_1_505' title='bbox 1293 4957 1349 5010; x_wconf 91' lang='lat' dir='ltr'>que</span> <span class='ocrx_word' id='word_1_506' title='bbox 1379 4940 1488 4994; x_wconf 87' lang='lat' dir='ltr'>insidiis</span> <span class='ocrx_word' id='word_1_507' title='bbox 1517 4940 1690 4996; x_wconf 88' lang='lat' dir='ltr'>inimicorum</span> <span class='ocrx_word' id='word_1_508' title='bbox 1719 4958 1831 4995; x_wconf 88' lang='lat' dir='ltr'>snorum</span> <span class='ocrx_word' id='word_1_509' title='bbox 1861 4943 1887 4996; x_wconf 90' lang='lat' dir='ltr'>ei</span> <span class='ocrx_word' id='word_1_510' title='bbox 1918 4942 2016 4999; x_wconf 85' lang='lat' dir='ltr'>ablata</span> <span class='ocrx_word' id='word_1_511' title='bbox 2043 4944 2217 5012; x_wconf 64' lang='lat' dir='ltr'>irrorantes</span> 
     </span>
     <span class='ocr_line' id='line_1_42' title="bbox 517 5047 2169 5120; baseline 0.004 -18"><span class='ocrx_word' id='word_1_512' title='bbox 517 5048 629 5120; x_wconf 85' lang='lat' dir='ltr'>legibus</span> <span class='ocrx_word' id='word_1_513' title='bbox 651 5047 894 5118; x_wconf 81' lang='lat' dir='ltr'>redintegrentur,</span> <span class='ocrx_word' id='word_1_514' title='bbox 918 5065 972 5102; x_wconf 89' lang='lat' dir='ltr'>nec</span> <span class='ocrx_word' id='word_1_515' title='bbox 996 5048 1143 5102; x_wconf 78' lang='lat' dir='ltr'>convocari</span> <span class='ocrx_word' id='word_1_516' title='bbox 1167 5065 1221 5101; x_wconf 90' lang='lat' dir='ltr'>nee</span> <span class='ocrx_word' id='word_1_517' title='bbox 1245 5047 1363 5101; x_wconf 87' lang='lat' dir='ltr'>iudicari</span> <span class='ocrx_word' id='word_1_518' title='bbox 1386 5048 1504 5118; x_wconf 86' lang='lat' dir='ltr'>poterit,</span> <span class='ocrx_word' id='word_1_519' title='bbox 1534 5048 1587 5102; x_wconf 88' lang='lat' dir='ltr'>nisi</span> <span class='ocrx_word' id='word_1_520' title='bbox 1611 5049 1672 5119; x_wconf 87' lang='lat' dir='ltr'>ipse</span> <span class='ocrx_word' id='word_1_521' title='bbox 1695 5065 1746 5118; x_wconf 91' lang='lat' dir='ltr'>pro</span> <span class='ocrx_word' id='word_1_522' title='bbox 1769 5066 1821 5102; x_wconf 88' lang='lat' dir='ltr'>sua</span> <span class='ocrx_word' id='word_1_523' title='bbox 1842 5050 2028 5116; x_wconf 86' lang='lat' dir='ltr'>necessitate,</span> <span class='ocrx_word' id='word_1_524' title='bbox 2057 5053 2169 5108; x_wconf 87' lang='lat' dir='ltr'>minime</span> 
     </span>
     <span class='ocr_line' id='line_1_43' title="bbox 517 5147 2171 5233; baseline 0.002 -23"><span class='ocrx_word' id='word_1_525' title='bbox 517 5163 613 5210; x_wconf 88' lang='lat' dir='ltr'>tamen</span> <span class='ocrx_word' id='word_1_526' title='bbox 642 5154 818 5221; x_wconf 84' lang='lat' dir='ltr'>iudicandus,</span> <span class='ocrx_word' id='word_1_527' title='bbox 853 5155 988 5208; x_wconf 83' lang='lat' dir='ltr'>advenire</span> <span class='ocrx_word' id='word_1_528' title='bbox 1020 5161 1122 5225; x_wconf 87' lang='lat' dir='ltr'>sponte</span> <span class='ocrx_word' id='word_1_529' title='bbox 1154 5154 1287 5224; x_wconf 87' lang='lat' dir='ltr'>elegerit.</span> <span class='ocrx_word' id='word_1_530' title='bbox 1342 5151 1391 5225; x_wconf 84' lang='lat' dir='ltr'><strong><em>Cs.</em></strong></span> <span class='ocrx_word' id='word_1_531' title='bbox 1423 5152 1588 5223; x_wconf 61' lang='lat' dir='ltr'>Rosciis,</span> <span class='ocrx_word' id='word_1_532' title='bbox 1619 5154 1638 5209; x_wconf 88' lang='lat'><strong><em>1.</em></strong></span> <span class='ocrx_word' id='word_1_533' title='bbox 1662 5154 1680 5209; x_wconf 91' lang='lat' dir='ltr'><em>L</em></span> <span class='ocrx_word' id='word_1_534' title='bbox 1706 5174 1741 5229; x_wconf 85' lang='lat' dir='ltr'>p.</span> <span class='ocrx_word' id='word_1_535' title='bbox 1767 5152 1841 5212; x_wconf 82' lang='lat' dir='ltr'><strong><em>CCI.</em></strong></span> <span class='ocrx_word' id='word_1_536' title='bbox 1956 5147 1987 5232; x_wconf 82' lang='grc'>2)</span> <span class='ocrx_word' id='word_1_537' title='bbox 2023 5156 2058 5213; x_wconf 83' lang='lat' dir='ltr'><strong><em>V.</em></strong></span> <span class='ocrx_word' id='word_1_538' title='bbox 2080 5177 2171 5233; x_wconf 77' lang='lat' dir='ltr'>supm</span> 
     </span>
     <span class='ocr_line' id='line_1_44' title="bbox 512 5251 2171 5340; baseline 0.002 -21"><span class='ocrx_word' id='word_1_539' title='bbox 512 5281 545 5337; x_wconf 83' lang='lat' dir='ltr'>p.</span> <span class='ocrx_word' id='word_1_540' title='bbox 564 5264 626 5319; x_wconf 84' lang='grc'>702</span> <span class='ocrx_word' id='word_1_541' title='bbox 637 5280 678 5335; x_wconf 81' lang='lat' dir='ltr'>sq.</span> <span class='ocrx_word' id='word_1_542' title='bbox 701 5262 771 5318; x_wconf 87' lang='lat'><strong><em>797.</em></strong></span> <span class='ocrx_word' id='word_1_543' title='bbox 795 5263 875 5327; x_wconf 82' lang='grc'><strong><em>803;</em></strong></span> <span class='ocrx_word' id='word_1_544' title='bbox 898 5280 924 5316; x_wconf 85' lang='lat' dir='ltr'>o.</span> <span class='ocrx_word' id='word_1_545' title='bbox 949 5259 1031 5316; x_wconf 62' lang='lat' dir='ltr'>cnoro</span> <span class='ocrx_word' id='word_1_546' title='bbox 1050 5279 1083 5335; x_wconf 82' lang='lat' dir='ltr'>p.</span> <span class='ocrx_word' id='word_1_547' title='bbox 1103 5263 1173 5318; x_wconf 85' lang='lat'><strong><em>699.</em></strong></span> <span class='ocrx_word' id='word_1_548' title='bbox 1243 5251 1274 5338; x_wconf 85' lang='lat'>3)</span> <span class='ocrx_word' id='word_1_549' title='bbox 1297 5258 1512 5316; x_wconf 78' lang='lat' dir='ltr'>Bitarr‘censem.</span> <span class='ocrx_word' id='word_1_550' title='bbox 1581 5251 1613 5330; x_wconf 80' lang='grc'>4)</span> <span class='ocrx_word' id='word_1_551' title='bbox 1636 5258 1908 5317; x_wconf 79' lang='lat' dir='ltr'>Poderdornenscm.</span> <span class='ocrx_word' id='word_1_552' title='bbox 1978 5253 2010 5336; x_wconf 85' lang='lat'>5)</span> <span class='ocrx_word' id='word_1_553' title='bbox 2033 5263 2171 5340; x_wconf 73' lang='lat' dir='ltr'>Aupmto·</span> 
     </span>
     <span class='ocr_line' id='line_1_45' title="bbox 517 5357 2172 5443; baseline 0.002 -19"><span class='ocrx_word' id='word_1_554' title='bbox 517 5368 678 5424; x_wconf 61' lang='lat' dir='ltr'>westsear.</span> <span class='ocrx_word' id='word_1_555' title='bbox 763 5357 794 5442; x_wconf 84' lang='grc'>6)</span> <span class='ocrx_word' id='word_1_556' title='bbox 819 5363 869 5437; x_wconf 82' lang='lat' dir='ltr'><strong><em>Cf.</em></strong></span> <span class='ocrx_word' id='word_1_557' title='bbox 894 5365 1074 5441; x_wconf 68' lang='lat' dir='ltr'>cprstolurum</span> <span class='ocrx_word' id='word_1_558' title='bbox 1100 5365 1282 5423; x_wconf 78' lang='lat' dir='ltr'>Fuldmsiron</span> <span class='ocrx_word' id='word_1_559' title='bbox 1299 5366 1416 5443; x_wconf 66' lang='lat' dir='ltr'>fraym-</span> <span class='ocrx_word' id='word_1_560' title='bbox 1440 5369 1496 5435; x_wconf 87' lang='lat'>13,·</span> <span class='ocrx_word' id='word_1_561' title='bbox 1521 5365 1595 5425; x_wconf 76' lang='lat' dir='ltr'><strong><em>MG.</em></strong></span> <span class='ocrx_word' id='word_1_562' title='bbox 1621 5366 1699 5442; x_wconf 82' lang='lat' dir='ltr'>Epp.</span> <span class='ocrx_word' id='word_1_563' title='bbox 1722 5367 1843 5438; x_wconf 56' lang='lat'><strong><em>16520.</em></strong></span> <span class='ocrx_word' id='word_1_564' title='bbox 1931 5368 1961 5438; x_wconf 78' lang='lat'>7)</span> <span class='ocrx_word' id='word_1_565' title='bbox 1986 5368 2172 5428; x_wconf 74' lang='lat' dir='ltr'>P&#39;lorr‘acenre</span> 
     </span>
     <span class='ocr_line' id='line_1_46' title="bbox 517 5463 2217 5551; baseline 0.004 -21"><span class='ocrx_word' id='word_1_566' title='bbox 517 5467 670 5548; x_wconf 52' lang='lat' dir='ltr'>(Hmryk</span> <span class='ocrx_word' id='word_1_567' title='bbox 694 5473 735 5543; x_wconf 81' lang='lat' dir='ltr'>cs.</span> <span class='ocrx_word' id='word_1_568' title='bbox 761 5471 882 5542; x_wconf 73' lang='lat' dir='ltr'>Simon,</span> <span class='ocrx_word' id='word_1_569' title='bbox 907 5473 925 5529; x_wconf 92' lang='lat' dir='ltr'><em>L</em></span> <span class='ocrx_word' id='word_1_570' title='bbox 951 5474 969 5529; x_wconf 81' lang='grc' dir='ltr'>Ι.</span> <span class='ocrx_word' id='word_1_571' title='bbox 994 5471 1034 5541; x_wconf 82' lang='grc' dir='ltr'>Π,</span> <span class='ocrx_word' id='word_1_572' title='bbox 1052 5475 1122 5532; x_wconf 83' lang='grc'><strong>137.</strong></span> <span class='ocrx_word' id='word_1_573' title='bbox 1215 5463 1246 5550; x_wconf 89' lang='grc'>8)</span> <span class='ocrx_word' id='word_1_574' title='bbox 1270 5476 1333 5532; x_wconf 75' lang='grc'>810</span> <span class='ocrx_word' id='word_1_575' title='bbox 1355 5472 1419 5529; x_wconf 83' lang='lat' dir='ltr'><strong><em>Iun.</em></strong></span> <span class='ocrx_word' id='word_1_576' title='bbox 1436 5477 1487 5532; x_wconf 90' lang='grc'>20.</span> <span class='ocrx_word' id='word_1_577' title='bbox 1576 5473 1607 5543; x_wconf 88' lang='grc'>9)</span> <span class='ocrx_word' id='word_1_578' title='bbox 1632 5472 1665 5528; x_wconf 84' lang='lat' dir='ltr'><strong><em>V.</em></strong></span> <span class='ocrx_word' id='word_1_579' title='bbox 1688 5493 1779 5548; x_wconf 80' lang='lat' dir='ltr'>supro</span> <span class='ocrx_word' id='word_1_580' title='bbox 1796 5493 1830 5549; x_wconf 80' lang='lat' dir='ltr'>p.</span> <span class='ocrx_word' id='word_1_581' title='bbox 1848 5477 1980 5551; x_wconf 72' lang='lat' dir='ltr'>791sqq.</span> <span class='ocrx_word' id='word_1_582' title='bbox 2004 5476 2039 5533; x_wconf 83' lang='lat' dir='ltr'>dc</span> <span class='ocrx_word' id='word_1_583' title='bbox 2064 5476 2171 5535; x_wconf 75' lang='lat' dir='ltr'>Edonis</span> <span class='ocrx_word' id='word_1_584' title='bbox 2188 5497 2217 5537; x_wconf 76' lang='lat' dir='ltr'>ss</span> 
     </span>
     <span class='ocr_line' id='line_1_47' title="bbox 516 5571 2172 5659; baseline 0.002 -23"><span class='ocrx_word' id='word_1_585' title='bbox 516 5578 689 5636; x_wconf 63' lang='lat' dir='ltr'>rasarone</span> <span class='ocrx_word' id='word_1_586' title='bbox 711 5578 740 5636; x_wconf 81' lang='lat' dir='ltr'>ia</span> <span class='ocrx_word' id='word_1_587' title='bbox 764 5578 880 5635; x_wconf 71' lang='lat' dir='ltr'>condito</span> <span class='ocrx_word' id='word_1_588' title='bbox 903 5577 1118 5655; x_wconf 65' lang='lat' dir='ltr'>hqaoommsi</span> <span class='ocrx_word' id='word_1_589' title='bbox 1139 5579 1212 5635; x_wconf 81' lang='lat' dir='ltr'>anni</span> <span class='ocrx_word' id='word_1_590' title='bbox 1229 5583 1301 5639; x_wconf 81' lang='grc'>840.</span> <span class='ocrx_word' id='word_1_591' title='bbox 1388 5571 1439 5658; x_wconf 88' lang='grc'>10)</span> <span class='ocrx_word' id='word_1_592' title='bbox 1464 5579 1605 5637; x_wconf 80' lang='lat' dir='ltr'>Mettensi.</span> <span class='ocrx_word' id='word_1_593' title='bbox 1692 5571 1744 5658; x_wconf 94' lang='grc'>11)</span> <span class='ocrx_word' id='word_1_594' title='bbox 1773 5579 1947 5639; x_wconf 75' lang='lat' dir='ltr'>Trevermsi.</span> <span class='ocrx_word' id='word_1_595' title='bbox 2030 5576 2081 5659; x_wconf 87' lang='grc'>12)</span> <span class='ocrx_word' id='word_1_596' title='bbox 2106 5582 2172 5641; x_wconf 82' lang='lat' dir='ltr'>Mo·</span> 
     </span>
     <span class='ocr_line' id='line_1_48' title="bbox 514 5679 2170 5767; baseline 0.002 -25"><span class='ocrx_word' id='word_1_597' title='bbox 514 5686 642 5763; x_wconf 65' lang='lat' dir='ltr'>protono.</span> <span class='ocrx_word' id='word_1_598' title='bbox 725 5684 777 5755; x_wconf 67' lang='lat'>13&gt;</span> <span class='ocrx_word' id='word_1_599' title='bbox 800 5685 915 5742; x_wconf 61' lang='lat' dir='ltr'>Rectus</span> <span class='ocrx_word' id='word_1_600' title='bbox 938 5685 1076 5762; x_wconf 69' lang='lat' dir='ltr'>episcopo,</span> <span class='ocrx_word' id='word_1_601' title='bbox 1100 5685 1159 5742; x_wconf 80' lang='lat' dir='ltr'>scil.</span> <span class='ocrx_word' id='word_1_602' title='bbox 1185 5685 1396 5744; x_wconf 61' lang='lat' dir='ltr'>Lwnnnmn.</span> <span class='ocrx_word' id='word_1_603' title='bbox 1479 5679 1530 5764; x_wconf 79' lang='lat'>14)</span> <span class='ocrx_word' id='word_1_604' title='bbox 1560 5685 1741 5744; x_wconf 78' lang='lat' dir='ltr'>Vesontiemr&#39;.</span> <span class='ocrx_word' id='word_1_605' title='bbox 1819 5679 1871 5764; x_wconf 82' lang='grc'><strong>15)</strong></span> <span class='ocrx_word' id='word_1_606' title='bbox 1894 5686 2008 5746; x_wconf 75' lang='lat' dir='ltr'>Rectius</span> <span class='ocrx_word' id='word_1_607' title='bbox 2030 5688 2170 5767; x_wconf 80' lang='lat' dir='ltr'>episeopo,</span> 
     </span>
     <span class='ocr_line' id='line_1_49' title="bbox 515 5783 2168 5875; baseline 0.004 -27"><span class='ocrx_word' id='word_1_608' title='bbox 515 5790 575 5848; x_wconf 75' lang='lat' dir='ltr'>scil.</span> <span class='ocrx_word' id='word_1_609' title='bbox 593 5790 792 5866; x_wconf 56' lang='lat' dir='ltr'>sporum</span> <span class='ocrx_word' id='word_1_610' title='bbox 871 5785 922 5868; x_wconf 87' lang='grc'><strong>16)</strong></span> <span class='ocrx_word' id='word_1_611' title='bbox 946 5791 1172 5848; x_wconf 70' lang='lat' dir='ltr'>Tarmitasieusi.</span> <span class='ocrx_word' id='word_1_612' title='bbox 1251 5783 1303 5870; x_wconf 84' lang='grc'>11)</span> <span class='ocrx_word' id='word_1_613' title='bbox 1321 5791 1602 5869; x_wconf 76' lang='lat' dir='ltr'>Gratianopolitcrw.</span> <span class='ocrx_word' id='word_1_614' title='bbox 1678 5785 1730 5870; x_wconf 83' lang='grc'><strong>18)</strong></span> <span class='ocrx_word' id='word_1_615' title='bbox 1748 5791 1924 5852; x_wconf 71' lang='grc' dir='ltr'>Οαιιᾶαυίὲ</span> <span class='ocrx_word' id='word_1_616' title='bbox 1991 5786 2043 5875; x_wconf 88' lang='grc'><strong>19)</strong></span> <span class='ocrx_word' id='word_1_617' title='bbox 2058 5795 2168 5855; x_wconf 59' lang='lat' dir='ltr'>Puden</span> 
     </span>
     <span class='ocr_line' id='line_1_50' title="bbox 516 5889 1399 5976; baseline 0.002 -21"><span class='ocrx_word' id='word_1_618' title='bbox 516 5896 657 5955; x_wconf 63' lang='lat' dir='ltr'>corneus</span> <span class='ocrx_word' id='word_1_619' title='bbox 749 5891 802 5976; x_wconf 92' lang='grc'>20)</span> <span class='ocrx_word' id='word_1_620' title='bbox 826 5896 1019 5975; x_wconf 65' lang='lat' dir='ltr'>Bergomensi.</span> <span class='ocrx_word' id='word_1_621' title='bbox 1112 5889 1165 5974; x_wconf 90' lang='grc'>21)</span> <span class='ocrx_word' id='word_1_622' title='bbox 1192 5898 1399 5956; x_wconf 83' lang='lat' dir='ltr'>Wormcticnsi.</span> 
     </span>
    </p>
   </div>
   <div class='ocr_carea' id='block_1_5' title="bbox 0 0 2446 6710">
    <p class='ocr_par' dir='ltr' id='par_1_8' title="bbox 0 0 2446 6710">
     <span class='ocr_line' id='line_1_51' title="bbox 0 0 2446 6710; baseline 0 0"><span class='ocrx_word' id='word_1_623' title='bbox 0 0 2446 6710; x_wconf 95' lang='lat' dir='ltr'> </span> 
     </span>
    </p>
   </div>
  </div>
 </body>
</html>
