4884 6717
727 497 739 526 ἱ

617 518 684 582 488
1090 524 1143 579 st.
1179 522 1398 580 cossium
1423 521 1650 579 rammasse
1673 523 1712 578 A.
1733 522 1808 578 825.

725 711 803 776 ΧΠ.
838 712 920 776 Item
943 711 1032 776 idem
1054 711 1100 775 ad
1121 710 1280 777 eundem:
1305 720 1451 775 Perlatum
1460 715 1481 784 ¹,
1504 711 1620 796 inquit,
1644 720 1785 790 siquidem
1801 720 1838 773 ad
1853 738 1905 774 uos
1920 719 2026 786 tuerat,
2051 722 2126 791 quod
2150 721 2266 776 inconsi-

618 831 720 884 derato
740 828 804 883 zelo
825 846 981 883 snecem
1003 837 1164 884 unctorum
1186 828 1322 899 imagines
1345 827 1399 880 sub
1421 826 1475 881 hac
1498 827 1580 897 quasi
1602 826 1796 892 excusatione,
1820 845 1857 881 ne
1874 827 1985 881 adorari
2000 827 2179 894 debuissent,
2204 847 2267 883 con·

617 937 768 1006 fringeres.
814 935 852 990 lit
876 936 992 1007 quidem
1024 936 1091 1007 qnia
1113 953 1163 990 eas
1185 935 1303 991 adum
1325 934 1479 996 vetuisses,
1509 934 1621 987 omnino
1650 932 1842 990 laudavimus:
1873 933 1994 1005 fregisse
2023 951 2091 989 vero
2114 936 2268 1005 reprehen-

619 1044 720 1097 dimus.
765 1042 831 1104 Dic,
854 1042 955 1109 frater,
978 1060 998 1096 a
1019 1060 1076 1114 qno
1097 1041 1204 1096 factum
1227 1041 1377 1095 sacerdote
1401 1040 1555 1111 aliquando
1577 1040 1705 1094 auditum
1728 1047 1773 1093 est
1797 1041 1873 1110 quod
1897 1040 2014 1095 fecisti?
2049 1039 2079 1095 Si
2102 1059 2160 1096 non
2183 1042 2268 1108 alind,

616 1149 663 1204 vel
686 1149 755 1204 illud
779 1157 810 1204 te
833 1167 889 1203 non
913 1149 1015 1204 debuit
1037 1166 1184 1214 revocare,
1210 1155 1242 1202 ut
1266 1148 1412 1218 despectis
1435 1146 1497 1201 aliis
1520 1146 1655 1200 fnanibus
1677 1145 1767 1200 solum
1790 1153 1820 1200 te
1844 1155 1973 1201 nncmm
1997 1155 2027 1201 et
2051 1165 2114 1203 esse
2137 1149 2296 1206 crederess

615 1258 784 1328 sapientem.
819 1257 907 1310 Aliud
930 1265 975 1310 est
998 1257 1073 1310 enim
1096 1257 1235 1326 picturam
1258 1255 1388 1318 adorare,
1411 1254 1488 1308 alind
1507 1253 1635 1324 picturae
1650 1253 1769 1306 hhtoria
1784 1254 1852 1323 qnid
1868 1253 1906 1307 sit
1921 1255 2094 1309 adorandum
2109 1255 2268 1310 addiscere.

616 1365 686 1418 Nam
709 1364 785 1434 qnod
809 1363 974 1434 legentibus
996 1364 1148 1434 scriptura,
1169 1362 1224 1416 hoe
1247 1362 1344 1416 idiotis
1367 1368 1497 1432 praestat
1519 1360 1633 1430 pictura
1655 1360 1850 1426 cernentibus,
1882 1361 1949 1430 quia
1972 1362 2001 1415 in
2023 1361 2086 1431 ipsa
2107 1363 2269 1433 ignorantes

615 1471 715 1525 rident
738 1471 815 1541 quod
838 1471 922 1541 sequi
945 1470 1084 1536 debeant,
1111 1470 1140 1523 in
1162 1470 1226 1540 ipsa
1247 1469 1347 1540 legunt
1371 1469 1419 1538 qui
1442 1466 1555 1522 litteras
1578 1467 1720 1520 nesciunt.
1767 1465 1852 1521 Unde
1883 1469 2039 1538 praecipue
2062 1469 2198 1539 gentibus
2220 1488 2270 1540 pro

616 1577 738 1633 lectione
762 1578 877 1648 pictura
899 1583 955 1642 est,
980 1577 1056 1647 quod
1079 1594 1251 1648 magnopere
1275 1594 1292 1630 a
1314 1584 1356 1632 te.
1381 1575 1430 1645 qui
1452 1575 1529 1630 inter
1550 1580 1654 1645 gentes
1678 1573 1799 1640 habitas,
1822 1574 1936 1627 attendi
1959 1575 2107 1642 decuerat,
2131 1594 2179 1640 ne,
2204 1577 2269 1629 dnm

614 1695 694 1740 recto
716 1684 780 1740 zelo
802 1685 917 1738 incante
941 1684 1134 1750 succenderis,
1165 1683 1308 1738 ferocibus
1337 1683 1437 1736 animis
1467 1680 1630 1734 scandalum
1659 1697 1826 1750 generares.
1873 1681 1977 1752 Frangi
2001 1699 2069 1752 ergo
2090 1699 2147 1736 non
2171 1682 2309 1739 debuitne

615 1793 690 1862 quod
720 1810 775 1846 non
806 1793 842 1844 ad
873 1791 1048 1844 adorandum
1078 1791 1107 1844 in
1130 1790 1270 1856 ecelesiis,
1301 1791 1353 1843 sed
1383 1790 1420 1843 ad
1451 1786 1631 1842 instruendas
1660 1786 1835 1841 solummodo
1865 1797 1977 1842 mentes
2003 1788 2058 1841 fuit
2082 1788 2270 1843 nescientium

614 1897 799 1956 ‹mllocatumz
831 1906 862 1951 et
892 1898 960 1968 qnia
986 1898 1014 1950 in
1037 1896 1106 1951 loeis
1128 1896 1341 1952 venerabilibus
1364 1903 1524 1949 sanctorum
1547 1893 1665 1963 depingi
1688 1893 1819 1947 historias
1843 1911 1899 1947 non
1922 1895 1983 1948 sine
2008 1895 2116 1950 ratione
2141 1904 2270 1950 vetustas

614 2006 737 2070 admisit,
761 2006 783 2057 si
807 2004 898 2056 zelum
922 2005 1094 2058 discretione
1117 2005 1274 2068 condisses,
1296 2005 1358 2056 sine
1383 2002 1469 2056 dubio
1492 2009 1522 2055 et
1547 2019 1592 2066 ea,
1616 2017 1690 2070 quae
1714 2000 1896 2066 intendebas,
1921 2001 2074 2056 salubriter
2088 2002 2221 2056 obtinere
2241 2011 2269 2057 et

614 2111 765 2166 collectum
787 2130 906 2182 gregem
928 2128 984 2165 non
1008 2111 1187 2181 dispergere,
1210 2111 1262 2164 sed
1286 2111 1379 2180 potins
1403 2117 1518 2180 poteras
1541 2125 1727 2178 congregare,
1751 2115 1784 2160 ut
1807 2108 1928 2177 pastoris
1952 2109 1980 2161 in
2004 2117 2034 2163 te
2050 2109 2152 2162 merito
2167 2127 2270 2163 nomen

615 2218 782 2284 excelleret,
806 2236 861 2271 non
885 2217 969 2289 ‹ndpa
992 2219 1160 2288 dispersoris
1182 2219 1370 2271 meumberet.
1418 2216 1491 2269 Hinc
1514 2223 1621 2282 autem,
1652 2215 1719 2267 dum
1750 2215 1778 2267 in
1803 2215 1854 2268 hoc
1878 2215 1962 2268 animi
1986 2215 2028 2268 tui
2051 2216 2165 2270 incante
2189 2217 2270 2269 nimis
2289 2233 2310 2271 ts

614 2339 705 2378 {notus
730 2326 905 2395 exsequeris.
936 2326 977 2378 ita
999 2337 1063 2376 tntis
1086 2324 1293 2378 mannasse
1318 2323 1390 2377 filios
1413 2322 1583 2393 perhiberis,
1613 2331 1646 2374 ut
1676 2321 1795 2375 maxima
1819 2339 1915 2376 eornm
1938 2339 2003 2392 pars
2027 2340 2044 2375 a
2066 2331 2117 2376 tna
2138 2340 2169 2376 se
2193 2340 2269 2376 com·

614 2433 745 2485 mersione
768 2433 972 2502 suspenderet,
1018 2429 1140 2493 Quando
1163 2449 1232 2501 ergo
1255 2432 1290 2484 ad
1314 2430 1387 2483 ovile
1412 2429 1580 2483 dominicum
1605 2435 1733 2482 errantes
1756 2445 1824 2482 oses
1848 2430 1984 2494 adducas,
2015 2430 2063 2500 qui
2087 2447 2157 2500 quas
2180 2429 2270 2483 habes

614 2539 745 2594 detinere
768 2557 825 2592 non
847 2539 1020 2609 praevales?
1054 2538 1177 2592 Proinde
1200 2538 1353 2600 hortamur,
1378 2545 1409 2589 nt
1433 2536 1480 2590 rel
1503 2554 1577 2589 nunc
1600 2536 1718 2590 studeas
1742 2554 1806 2590 esse
1829 2536 1966 2590 sollicitus
1989 2547 2077 2608 atque
2100 2538 2137 2592 ab
2159 2536 2216 2590 ltac
2240 2547 2269 2590 te

613 2646 844 2717 praesumptione
867 2663 1022 2715 conpeseas
1047 2655 1076 2698 et
1101 2663 1197 2698 eorum
1221 2645 1339 2710 animos,
1370 2661 1441 2714 qnos
1464 2661 1482 2697 a
1505 2653 1555 2696 tua
1578 2643 1733 2697 disiunctos
1756 2644 1867 2697 unitate
1895 2645 2050 2715 cognoscis,
2081 2653 2201 2715 patema
2234 2644 2270 2696 ad

613 2763 643 2807 te
666 2751 830 2818 dideedine,
854 2753 928 2804 omni
952 2753 1052 2805 annisu
1074 2753 1208 2822 omnique
1232 2752 1327 2804 studio
1350 2768 1485 2804 revocare
1510 2749 1640 2804 festines.
1676 2748 1857 2804 Convocandi
1874 2752 1948 2805 enim
1964 2759 2029 2805 sunt
2046 2751 2149 2805 diversi
2174 2750 2269 2804 ecclc-
2288 2767 2312 2803 sn

612 2861 671 2914 siae
702 2859 763 2924 tilii,
795 2861 892 2930 cisque
923 2859 1081 2929 scripturae
1112 2873 1157 2912 est
1181 2859 1349 2912 testimoniis
1373 2857 1593 2923 ostendendum,
1625 2857 1693 2926 quia
1721 2873 1803 2910 omne
1835 2875 1918 2911 mann
1942 2858 2047 2912 factum
2070 2859 2187 2912 adorare
2214 2875 2271 2910 non

445 2980 586 3028 tanmem
613 2970 709 3034 liceat,
733 2970 863 3039 cinciniani
888 2970 1024 3038 seriptum
1048 2979 1109 3021 est:
1135 2965 1286 3020 Demtinmn
1312 2964 1403 3019 [lenm
1427 2972 1502 3018 mecm
1525 2963 1661 3018 adorabis
1684 2970 1710 3018 et
1732 2962 1773 3018 ils·
1794 2963 1848 3019 soli
1868 2963 1982 3032 sermea,
2013 2984 2046 3019 ae
2071 2965 2175 3020 deinde
2199 2965 2270 3017 snb·

613 3077 795 3145 iungendum,
814 3077 890 3146 fluia.
914 3077 1045 3145 elnoniam
1061 3075 1187 3145 picturas
1203 3074 1364 3144 imaginum,
1388 3089 1462 3141 qnae
1486 3071 1523 3124 ad
1538 3069 1764 3124 aedificationem
1781 3071 1904 3141 imperiti
1919 3071 2018 3142 populi
2033 3071 2125 3126 factae
2141 3070 2270 3136 fuerant,

612 3193 644 3236 ut
668 3184 830 3236 nesciente«
855 3183 965 3236 litteras
990 3185 1077 3252 ipsam
1102 3181 1246 3234 historiam
1271 3180 1455 3232 intendentes
1486 3177 1562 3248 qnod
1586 3178 1692 3231 dictum
1715 3178 1752 3229 sii
1776 3178 1932 3242 discerent,
1957 3179 2091 3232 transisse
2116 3179 2143 3231 in
2166 3179 2270 3232 adora·

613 3291 717 3342 tironem
742 3291 863 3344 videras.
888 3291 992 3342 ideireo
1015 3301 1168 3340 eoniniotm
1192 3305 1236 3352 es,
1260 3299 1289 3338 ut
1316 3304 1364 3338 eas
1388 3285 1523 3354 imagines
1547 3283 1639 3354 frangi
1661 3285 1846 3355 praeciperes
1869 3295 1956 3356 atque
1982 3287 2023 3340 eis
2047 3286 2216 3339 dicendum:
2248 3286 2272 3338 si
2289 3298 2314 3337 ss

612 3397 648 3448 ad
674 3396 744 3448 hane
768 3397 993 3448 inerme-tionem.
1023 3397 1059 3447 ad
1084 3413 1166 3464 emam
1191 3394 1327 3462 inmgines
1351 3392 1506 3461 antiquitus
1531 3391 1625 3445 factae
1649 3399 1725 3456 sunt,
1750 3391 1856 3446 habere
1880 3391 1966 3445 vultis
1990 3394 2018 3445 in
2049 3392 2186 3458 ecclesiis,
2221 3410 2272 3446 eas

613 3505 702 3556 nitelis
725 3505 851 3554 tettini'ons
876 3513 904 3556 et
928 3503 1023 3556 offerri
1048 3513 1076 3554 et
1101 3502 1199 3554 haberi
1221 3501 1381 3571 permittas.
1418 3501 1456 3551 At
1481 3499 1584 3562 indies,
1608 3499 1683 3568 qnod
1708 3516 1764 3551 non
1787 3499 1838 3552 tibi
1862 3499 1924 3569 ipsa
1938 3499 2008 3553 risio
2024 3499 2167 3562 historiae,
2192 3517 2270 3570 quae

612 3612 725 3681 pletura
748 3621 824 3662 teste
849 3611 1039 3679 pandebatur,
1070 3608 1258 3678 displiemerit,
1289 3607 1339 3657 sed
1364 3605 1411 3658 tila
1435 3606 1571 3670 adoratio,
1602 3623 1675 3675 qnae
1708 3605 1825 3674 picturis
1848 3605 1942 3659 fuerat
1966 3606 2194 3676 incompetenter
2220 3625 2271 3660 cx·

613 3718 713 3772 hibita,
736 3731 824 3787 atqne
849 3719 875 3769 in
900 3719 941 3768 his
965 3719 1057 3770 verbis
1082 3734 1178 3768 eortim
1201 3727 1313 3766 mentes
1337 3712 1502 3765 demulcens
1526 3730 1574 3765 eos
1597 3713 1634 3766 ad
1657 3713 1834 3766 concordiam
1858 3721 1935 3766 tuam
1958 3731 2070 3767 revoca.
2106 3713 2143 3765 Et
2163 3713 2187 3766 si
2205 3714 2272 3784 quis

614 3825 750 3894 itnaginee
781 3825 876 3876 facere
908 3824 1039 3878 retineris,
1071 3824 1183 3874 minime
1214 3821 1342 3891 prohibe.
1374 3821 1492 3873 atiorare
1523 3837 1590 3872 sero
1621 3819 1757 3888 imagines
1786 3820 1952 3874 omnimodis
1979 3820 2086 3875 devita
2132 3817 2190 3873 Sed
2216 3820 2273 3874 hoc
2291 3834 2316 3870 sn

613 3932 733 3986 mllieite
759 3933 922 3984 fraternitas
946 3945 996 3982 tna
1018 3939 1188 3984 atnitnmeat,
1220 3937 1251 3980 nt
1283 3945 1317 3980 ex
1342 3928 1448 3980 risione
1472 3927 1512 3979 rei
1536 3934 1637 3996 gestae
1660 3926 1792 3980 ardorem
1815 3927 2030 3996 conpunctionis
2052 3926 2214 3997 percipiant
2241 3937 2271 3980 et

615 4039 641 4091 in
666 4040 858 4092 aelorationcrn
883 4038 968 4090 soiius
991 4037 1195 4107 enntiipotemis
1218 4047 1335 4086 sanetae
1360 4032 1494 4086 trinitatis
1517 4032 1662 4087 humiIIter
1684 4041 1912 4102 prosternantur.

722 4153 816 4216 XIII.
854 4153 934 4215 Item
959 4151 1043 4214 idem
1067 4151 1110 4214 ad
1137 4150 1322 4212 Ianuarium
1347 4149 1553 4233 episcopum:
1584 4153 1716 4224 ludaei²,
1748 4149 1863 4233 inquit,
1892 4158 1929 4211 de
1953 4157 2069 4211 ciiitate
2093 4164 2188 4211 vestra
2214 4158 2273 4212 hnc

615 4271 774 4334 veniente»,
804 4270 898 4338 questi
929 4271 1007 4321 noli-
1038 4279 1114 4320 stitit.
1146 4267 1220 4336 qnod
1253 4283 1423 4335 synagogam
1456 4282 1562 4328 eornm,
1593 4281 1665 4333 qnae
1697 4262 1805 4317 Caralis
1834 4264 1888 4317 sita
1919 4271 1974 4329 est,
2005 4263 2116 4330 Petrus,
2152 4265 2202 4334 qni
2237 4283 2274 4319 ex

615 4395 710 4431 eornm
734 4377 934 4446 superstitione
958 4377 992 4426 ad
1011 4373 1023 4420 f
1037 4377 1187 4426 hristianae
1212 4373 1279 4424 tidei
1297 4377 1402 4424 ‹nltnm
1420 4371 1482 4424 Deo
1499 4369 1613 4424 volente
1630 4371 1785 4440 perductus
1802 4379 1857 4436 est,
1881 4370 2014 4424 adhibitis
2030 4370 2083 4424 sibi
2099 4370 2276 4440 quibusdam
2293 4384 2319 4423 so

614 4483 829 4552 indisciplinatis
852 4483 985 4552 sequenti
1009 4483 1055 4534 die
1081 4481 1257 4550 baptismatis
1281 4480 1334 4536 sni.
1367 4479 1418 4531 hoe
1443 4487 1485 4531 est
1512 4477 1651 4531 dominica
1674 4477 1735 4548 ipsa
1758 4477 1916 4532 festivitate
1941 4477 2077 4547 paschali,
2102 4495 2165 4531 cum
2187 4479 2273 4548 grati

613 4591 748 4644 scandalo
775 4591 836 4642 sine
861 4603 957 4641 vestra
979 4589 1158 4658 occupaverit
1185 4587 1332 4638 voluntate
1357 4597 1444 4654 atquc
1469 4585 1617 4654 imaginem
1640 4584 1697 4637 illic
1720 4586 1874 4655 genetricis
1900 4585 1954 4638 Dei
1978 4585 2147 4654 Dominiqne
2178 4587 2274 4639 nostri

614 4704 645 4750 et
668 4697 859 4749 vernermtdain
883 4715 993 4748 erneem
1018 4695 1063 4748 sel
1088 4696 1191 4746 birrum
1216 4695 1319 4746 albam.
1345 4711 1400 4761 qna
1423 4691 1502 4744 fonte
1526 4709 1645 4760 surgens
1668 4692 1783 4745 indutus
1806 4692 1910 4758 fuerat,
1936 4692 2123 4763 apposuisset.

724 4794 762 4857 tlt
787 4811 859 4880 post
884 4817 1006 4879 pistica:
1035 4801 1046 4852 f
1053 4804 1256 4853 'desiderantes
1266 4797 1289 4858 ⁴³,
1315 4789 1427 4873 inquit,
1452 4798 1504 4851 hae
1528 4799 1563 4852 de
1588 4816 1618 4852 re
1642 4807 1756 4852 vestrae
1781 4798 1934 4852 voluntatis
1958 4799 2098 4852 intentum
2121 4816 2155 4852 ac
2177 4802 2275 4868 magis

615 4913 745 4964 indieinm
772 4913 812 4962 his
837 4911 980 4962 tiortamnr
1003 4909 1146 4962 at't‘atilms.
1171 4919 1200 4958 nt
1227 4906 1338 4957 nitidata
1363 4905 1464 4958 exinde
1489 4922 1551 4958 cnm
1576 4923 1620 4972 ea,
1646 4922 1702 4975 qua
1725 4906 1840 4976 dignum
1864 4914 1907 4960 ost
1925 4906 2119 4964 veneratione.
2144 4906 2273 4976 hnagine
2295 4919 2322 4957 to

614 5027 701 5089 atqne
726 5037 808 5070 erues·
834 5017 965 5070 debentis
989 5019 1062 5086 qnod
1090 5015 1229 5067 violenter
1252 5012 1377 5064 ablatum
1403 5021 1445 5064 est
1471 5011 1634 5067 reformare.

721 5264 783 5311 XII,
816 5267 824 5311 Ι
849 5263 995 5322 I'crlatnm
1015 5263 1097 5324 (mg,
1117 5279 1144 5306 in
1164 5276 1241 5322 rvuerf),
1264 5255 1293 5306 P,
1366 5259 1382 5304 9
1402 5274 1417 5305 a
1435 5257 1501 5306 deor
1521 5255 1551 5305 P.
1623 5257 1657 5305 23
1677 5258 1806 5320 quoniam
1824 5255 1890 5305 deest
1908 5255 1939 5305 P.
2013 5258 2046 5305 24
2066 5255 2173 5306 discere
2193 5255 2226 5306 P.

720 5353 799 5401 XIII.
829 5357 862 5400 ‚355
885 5353 990 5410 tristati,
1012 5350 1093 5410 ling,
1113 5349 1139 5396 in
1160 5365 1238 5408 uturp,
1260 5345 1289 5395 Ρ,
1362 5349 1397 5395 to
1416 5347 1558 5394 adeetilns
1578 5344 1609 5393 P.
1681 5340 1745 5409 qua]
1765 5347 1827 5409 qnia
1848 5345 1879 5394 P.

727 5569 753 5634 l,
784 5567 941 5642 (hesperius
975 5567 1027 5636 il„
1065 5566 1196 5640 Epistola
1228 5565 1271 5618 ml
1301 5563 1436 5618 serentem
1470 5562 1690 5630 elmanensem
1727 5561 1801 5620 ΜΟ
1834 5563 1912 5637 Epp.
1943 5562 1982 5632 Π,
2006 5565 2069 5624 270
2098 5553 2275 5635 (chiffl-E.

616 5695 644 5730 1ι,
662 5677 768 5747 1800).
808 5677 857 5744 (Ἰ.
884 5675 1033 5730 flettlritmi
1055 5683 1145 5749 qimi,
1172 5671 1245 5728 Ml).
1273 5669 1348 5745 Epp.
1374 5669 1471 5738 VJ),
1487 5672 1537 5728 48.
1553 5674 1603 5728 55.
1643 5669 1723 5726 Lt'br.
1750 5668 1877 5727 Carofiu.
1902 5669 1938 5724 Π
1955 5673 2044 5728 c.23.
2137 5670 2167 5728 2l
2193 5670 2277 5729 Gre-
2295 5692 2325 5731 {5

613 5781 711 5856 gerim
731 5781 782 5848 tl„
809 5781 937 5856 Epistola
960 5785 1002 5836 od
1024 5779 1209 5846 ldnrtttrinmJ
1236 5773 1308 5835 ΜΕ.
1329 5771 1721 5853 F47p.Il,183(Jaffe'·E.
1746 5771 1906 5852 n.1722).
1944 5773 1993 5846 Cf.
2011 5776 2162 5832 Hadriani
2175 5779 2276 5852 epist,

615 5887 634 5942 Ι.
654 5887 673 5942 l.
704 5885 800 5956 ΗΒ.
881 5889 911 5954 55,
937 5887 1054 5944 Ibidem.

2061 6511 2349 6687 A
2389 6647 2391 6686 .
