4884 6717
699 546 752 601 56.
789 545 1008 601 CONCILIUM
1031 544 1360 608 AQUISGRANENSE
1384 545 1420 599 Α.
1442 542 1517 598 836.
1870 534 1932 598 735

280 730 387 794 fuerit.
423 731 466 795 Et
489 732 575 817 quia,
600 754 640 795 ne
664 732 765 797 filium
789 731 980 812 immolaret,
1004 730 1138 816 angelus
1163 733 1193 795 ei
1209 730 1358 812 inhibuit,
1383 732 1517 794 arietem
1534 730 1692 793 tamenin
1708 728 1933 793 holocaustum

281 837 355 901 Deo
385 860 443 923 pro
473 837 540 902 lilio
571 837 696 919 obtulit,
732 849 764 902 et
794 848 966 925 propterea
995 838 1108 902 audire
1138 840 1266 918 meruit,
1303 839 1387 901 sicut
1415 838 1449 899 in
1480 836 1644 922 saepefato
1680 833 1762 899 libro
1799 835 1932 920 legitur:

290 945 419 1008 Vocaeit
451 959 552 1009 antem
588 947 718 1029 angelus
748 946 884 1010 Domim'
911 946 1074 1009 Abraham
1107 947 1242 1010 seeundo
1274 946 1312 1008 de
1342 947 1439 1023 caelo,
1470 944 1595 1008 dicens:
1629 943 1692 1006 Per
1721 946 1933 1029 memetipsum
1954 958 2055 1050 ‘iffi'

283 1054 400 1130 iurari,
425 1052 504 1115 dicit
520 1052 688 1130 Dominus,
712 1056 788 1138 qnia
806 1054 924 1138 fecesti
945 1078 1008 1116 rem
1034 1054 1114 1117 hanc
1138 1067 1166 1116 et
1188 1077 1249 1116 non
1265 1054 1445 1138 pepercisti
1467 1053 1624 1134 rraiaenita
1640 1051 1717 1136 filio
1741 1064 1791 1113 tuo
1804 1064 1935 1136 propter
2041 1043 2045 1050 ¹

249 1183 339 1224 arne.
370 1157 550 1222 benedicam
580 1160 641 1222 tilri
669 1174 698 1222 et
727 1160 945 1244 multiplicabo
975 1185 1078 1222 semen
1108 1175 1192 1222 taam
1222 1162 1305 1222 sicut
1329 1158 1437 1220 stellas
1467 1157 1551 1220 caeli
1578 1166 1611 1219 et
1634 1165 1752 1236 cetera,
1777 1178 1860 1241 quae
1884 1177 1933 1218 se·

281 1277 433 1349 quuntnr.
481 1264 694 1349 Perspicuum
725 1266 845 1350 quippe
877 1275 927 1327 est
957 1277 989 1327 et
1018 1264 1115 1328 valde
1145 1264 1339 1344 mirandum,
1371 1264 1457 1348 quia,
1489 1273 1609 1347 quanto
1640 1263 1817 1326 ferventior
1846 1264 1935 1326 eirea

281 1368 347 1432 Dei
372 1369 493 1433 cultum
517 1392 608 1433 mens
624 1369 778 1433 Abrahae
802 1371 873 1450 fuit,
896 1381 986 1434 tanto
1011 1371 1149 1456 amplius
1172 1370 1369 1455 uberiusque
1393 1369 1505 1433 divina
1528 1367 1699 1450 beneficia,
1723 1378 1756 1432 et
1770 1370 1934 1454 presentia

281 1488 314 1539 et
337 1476 455 1554 futura,
480 1474 541 1538 sibi
566 1475 712 1561 polliceri
736 1476 870 1540 audivit.

389 1617 466 1681 XX.
505 1616 602 1680 Unde
627 1617 722 1681 datur
744 1617 899 1702 intellegi,
921 1617 1013 1704 ,quod
1036 1630 1197 1682 aniatores
1221 1628 1253 1682 et
1277 1617 1473 1681 exaltatores
1498 1640 1537 1680 ae
1561 1616 1716 1681 ditatores
1740 1618 1809 1681 sive
1834 1618 1933 1681 etiam

238 1751 263 1788 ιο
281 1735 489 1788 veneratores
525 1723 627 1787 divini
662 1725 767 1788 cultus
792 1747 811 1787 a
834 1725 976 1787 Domino
1012 1735 1045 1788 et
1074 1727 1108 1788 iu
1142 1726 1286 1811 presenti
1321 1725 1450 1788 saeculo
1484 1725 1568 1787 tueri
1603 1734 1635 1786 et
1670 1722 1808 1787 exaltari
1839 1734 1871 1789 et
1901 1727 1933 1788 in

281 1831 389 1895 futuro
414 1831 565 1895 mercede
589 1843 722 1895 aeterna
750 1843 915 1894 merentur
945 1831 1059 1895 donari
1090 1845 1122 1895 et
1152 1833 1207 1917 qui
1238 1854 1331 1895 secus
1363 1840 1463 1914 agunt
1493 1841 1548 1894 aut
1572 1831 1698 1914 egerint
1721 1830 1934 1895 infernalibus

282 1937 431 2001 claustris
456 1939 645 2023 mancipari.
693 1937 785 2001 Deus
810 1939 929 2023 itaque,
954 1939 1038 2002 sicut
1061 1939 1125 2001 iarn
1150 1961 1249 2024 supra
1272 1937 1395 2002 dictum
1420 1947 1478 2016 est,
1503 1939 1530 2000 si
1554 1960 1603 2017 ea,
1632 1960 1716 2023 quae
1741 1937 1840 2017 dedit,
1872 1936 1934 2001 sibi

282 2046 415 2129 suisque
440 2045 575 2107 sacratis
600 2043 679 2108 loeis
703 2042 794 2108 iubet
810 2044 926 2107 offerre
943 2057 974 2108 et
991 2067 1030 2108 ea
1046 2044 1178 2130 qnidam
1195 2045 1323 2108 auferre
1340 2067 1404 2108 non
1420 2044 1663 2129 pertimescunt,
1688 2043 1766 2129 quid
1790 2044 1936 2108 facerent

282 2149 325 2229 hi,
351 2173 439 2234 rogo,
465 2151 492 2213 si
509 2151 600 2214 Deus
624 2150 687 2214 illis
712 2162 767 2215 aut
790 2152 981 2236 semetipsos
1005 2162 1061 2214 ant
1083 2150 1166 2215 filios
1190 2175 1265 2214 suos
1282 2150 1344 2215 sibi
1360 2153 1393 2214 in
1409 2150 1632 2214 holocaustum
1649 2149 1776 2214 iuberet
1792 2150 1934 2214 offerre?

238 2282 263 2319 rs
282 2255 379 2321 Certe.
397 2257 595 2321 credendum
616 2269 675 2337 est,
700 2257 798 2343 quod,
823 2259 907 2320 sieut
923 2259 955 2321 in
973 2257 1146 2321 offerendis
1163 2259 1299 2321 sacratis
1316 2256 1412 2321 rebus
1431 2257 1502 2319 lleo
1518 2255 1764 2320 inoboedientes
1781 2259 1934 2338 existunt,

281 2366 327 2428 ita
350 2363 579 2427 nihilhominus
603 2365 636 2427 in
661 2363 835 2427 offerendis
860 2365 1043 2449 semetipsis
1067 2375 1124 2428 aut
1147 2364 1221 2428 filiis
1246 2365 1312 2426 suis
1335 2362 1582 2426 inoboedientes
1607 2364 1792 2426 existerent.

388 2470 569 2534 Audiamus
594 2472 702 2551 atiani,
727 2469 807 2556 quid
830 2470 923 2533 Isaac
949 2470 1136 2555 patriarcha
1160 2471 1283 2550 fecerit,
1315 2469 1355 2533 de
1381 2493 1444 2555 quo
1469 2471 1514 2533 ita
1537 2471 1570 2533 in
1594 2481 1772 2533 memorato
1797 2468 1935 2534 habetur

281 2576 381 2641 libro:
413 2579 565 2641 Ascendit
594 2592 694 2641 antem
727 2604 765 2640 er
796 2579 835 2641 ill
883 2580 949 2641 loeo
982 2580 1013 2641 in
1044 2578 1235 2657 Bersabeae,
1268 2579 1324 2641 nbi
1351 2580 1505 2663 apparuit
1528 2580 1560 2641 ei
1581 2577 1668 2640 Dens
1697 2580 1728 2640 in
1755 2580 1825 2663 ipsa
1849 2594 1934 2642 nocte
1953 2599 2050 2648 annes,

281 2685 408 2749 dicens:
433 2684 500 2770 ligo
523 2709 591 2748 snm
612 2685 699 2748 Dens
715 2684 877 2747 albredam
900 2686 1005 2770 patris
1029 2688 1083 2748 tui.
1120 2684 1202 2747 Noli
1223 2699 1366 2762 rnetrrere,
1390 2686 1467 2769 qnia
1491 2699 1588 2746 tecam
1611 2709 1680 2746 sum
1704 2698 1732 2746 et
1754 2684 1932 2748 berrediram
1958 2653 2045 2695 Μ

235 2821 262 2858 eo
280 2794 342 2856 tibi
362 2806 391 2854 et
413 2792 629 2876 multiplicabo
652 2815 754 2853 senten
778 2805 863 2853 marn
883 2806 1014 2876 propter
1036 2816 1159 2854 serram
1177 2816 1275 2854 nrenm
1292 2790 1466 2853 Abraham.
1502 2791 1614 2875 Itrtqrre
1629 2790 1813 2876 aedificarit
1834 2792 1935 2855 altare

281 2913 309 2962 et
334 2901 474 2961 inrorato
499 2900 622 2960 nonrirm
646 2897 783 2961 Domini
803 2897 940 2960 extendit
961 2899 1205 2960 tabernaculam.

388 3038 482 3102 XXI.
521 3037 684 3119 Adtende,
717 3037 804 3124 quod
834 3037 927 3101 Isaac
952 3037 1044 3101 Deus
1074 3061 1234 3124 apparere
1265 3049 1306 3120 et,
1339 3060 1380 3100 ne
1412 3047 1556 3101 metuere
1587 3033 1717 3118 debeat,
1749 3060 1934 3104 ammonere

280 3147 375 3232 eique
400 3143 595 3208 benedicere
620 3168 658 3208 ae
683 3168 794 3208 semen
817 3168 911 3208 snum
935 3167 969 3208 se
994 3143 1280 3231 multiplicaturum
1304 3143 1449 3229 polliceri
1474 3142 1626 3228 dignutus
1649 3145 1700 3226 sit,
1724 3145 1819 3230 eique
1840 3145 1935 3210 Isaac

281 3251 383 3316 altare
416 3251 638 3315 aedificaverit
668 3250 980 3337 tabernaculumque
1011 3251 1205 3314 extenderit.
1253 3250 1296 3313 Et
1325 3250 1502 3336 perpende,
1534 3249 1623 3336 quod
1652 3273 1710 3337 pro
1741 3251 1807 3315 Dei
1837 3250 1935 3316 bene·

235 3388 262 3428 es
280 3359 373 3439 ficiis,
398 3357 526 3445 quibus,
551 3357 708 3442 largiente
733 3359 802 3420 eius
827 3357 1008 3438 elementia,
1039 3358 1180 3421 inmeriti
1205 3367 1238 3420 et
1266 3358 1386 3441 ingrati
1416 3355 1556 3420 ubertim
1585 3357 1618 3419 in
1649 3357 1711 3428 hae
1741 3357 1935 3423 mortalitate

280 3467 414 3546 utimur,
458 3466 564 3551 potius
600 3462 778 3528 debeamus
813 3463 958 3527 divinum
989 3464 1109 3527 cultum
1141 3463 1182 3526 ad
1214 3465 1316 3528 instar
1345 3463 1439 3527 Isaac
1475 3474 1507 3527 et
1538 3474 1718 3528 ceterorum
1750 3475 1935 3529 sanctorum

282 3572 541 3659 patriarcharum
575 3572 608 3633 in
643 3569 798 3635 altaribus
834 3570 998 3655 erigendis
1033 3580 1065 3634 et
1100 3569 1318 3634 oblationibus
1358 3570 1494 3656 aliisque
1534 3569 1722 3634 muneribus
1761 3571 1935 3636 offerendis

281 3678 440 3742 bonorare
466 3701 562 3764 qnam
588 3677 637 3740 his
661 3676 833 3741 abstractis
857 3688 1032 3762 nostroque
1055 3675 1149 3740 libitu
1172 3688 1300 3741 utentes
1325 3675 1563 3762 quodammodo
1588 3675 1800 3741 dehonorare.

387 3820 499 3884 XXII.
540 3820 719 3883 Videamus
742 3832 902 3906 preterea,
927 3819 1089 3905 quomodo
1113 3819 1239 3903 religia,
1270 3819 1311 3882 de
1336 3842 1401 3906 qua
1424 3820 1541 3902 agitur,
1570 3821 1602 3883 in
1626 3818 1726 3885 Iacob
1750 3820 1936 3907 patriarcha

235 3927 419 4013 inamplius
451 3924 713 4006 exhuberaverit,
746 3926 786 3989 de
820 3949 884 4012 quo
916 3927 962 3989 ita
993 3927 1025 3989 in
1056 3925 1171 3990 eodem
1196 3924 1278 3988 libro
1309 3925 1441 4008 legitur:
1474 3927 1578 4012 Ipitnr
1608 3953 1748 4014 egressas
1771 3928 1866 3993 Iacob
1897 3930 1934 3994 de
1954 3950 2051 4044 agnas.

281 4034 459 4098 Bersabeae
476 4036 629 4122 pergebat
651 4035 753 4097 Aron.
794 4035 931 4118 Cretaque
958 4036 1088 4098 cerneret
1109 4033 1155 4096 ad
1176 4032 1332 4116 qraerrdam
1358 4034 1456 4096 locum
1482 4047 1510 4096 et
1533 4035 1623 4098 callet
1643 4038 1677 4098 in
1693 4059 1727 4097 eo
1742 4039 1935 4120 requiescere

277 4155 350 4227 post
371 4141 449 4204 solis
473 4143 655 4220 occubitum,
686 4141 757 4204 tulit
780 4140 818 4204 de
850 4140 1023 4225 lapidibus,
1054 4142 1113 4224 qni
1134 4140 1287 4218 iacebant,
1319 4152 1348 4202 et
1375 4141 1550 4224 subponens
1573 4144 1754 4226 capitisue
1786 4142 1937 4206 dormivit

280 4250 315 4312 ia
339 4248 443 4312 eodem
470 4248 544 4311 loce.
594 4248 741 4332 Videtque
763 4248 884 4310 scalam
907 4261 1034 4310 stantem
1059 4271 1155 4331 snper
1178 4260 1294 4308 terram
1319 4260 1347 4308 et
1369 4271 1516 4309 circumea
1541 4248 1630 4310 illins
1653 4262 1781 4332 &inperia
1804 4250 1935 4329 raelrrm,

280 4355 408 4440 angelos
437 4379 558 4439 qnoque
589 4353 656 4417 Dei
686 4354 885 4416 ascendentes
915 4367 943 4416 et
977 4352 1192 4416 descendentes
1222 4377 1283 4437 per
1317 4376 1386 4415 eam
1416 4366 1444 4414 et
1473 4352 1643 4416 Jlonn'nam
1678 4356 1823 4418 intritum
1852 4356 1936 4418 scale

236 4488 263 4527 ss
281 4459 431 4524 dicentem
455 4462 537 4524 sibi:
566 4460 635 4546 3510
665 4485 734 4522 suin
764 4460 910 4523 ‹lonrimrs
931 4459 1020 4523 Deus
1043 4459 1205 4522 Abrabam
1227 4461 1335 4544 patris
1365 4461 1415 4522 tui
1442 4473 1470 4522 et
1492 4459 1579 4522 Imus
1601 4459 1696 4524 Isaac
1703 4485 1714 4540 ,·
1744 4474 1871 4540 terram,
1901 4464 1934 4525 in

281 4591 344 4651 qna
369 4566 499 4644 dormis,
531 4568 592 4631 tibi
619 4567 700 4631 (labo
725 4581 753 4628 et
774 4569 891 4630 serrrim'
911 4579 973 4646 tuo,
1004 4568 1122 4650 eritque
1143 4589 1270 4650 permen
1293 4579 1377 4628 taam
1403 4568 1500 4649 auersi
1514 4567 1626 4651 putris
1649 4580 1759 4631 terrae.
1808 4567 1936 4631 Dilata-

281 4674 365 4737 beris
387 4673 433 4736 ad
455 4675 642 4738 occidentem
665 4688 693 4738 et
716 4675 874 4751 orientem,
904 4674 1151 4758 septemtrionem
1175 4685 1204 4734 et
1225 4671 1391 4735 meridiem
1398 4696 1409 4752 ,·
1439 4686 1467 4735 at
1496 4672 1713 4736 benedicentur
1745 4676 1777 4736 in
1802 4687 1828 4738 te
1852 4688 1880 4737 et
1903 4676 1936 4738 ia

279 4782 397 4843 senn‘ne
426 4794 477 4843 tna
501 4795 626 4843 cornetae
656 4783 756 4844 tribas
779 4794 889 4844 terrae.
937 4778 981 4844 Et
1008 4803 1060 4842 ero
1091 4792 1191 4841 creatos
1221 4793 1291 4842 tuus
1315 4803 1506 4864 quacumque
1528 4783 1713 4865 perrexeris
1736 4795 1765 4842 et
1787 4780 1935 4844 reducam

281 4900 308 4950 te
333 4888 366 4950 in
389 4900 505 4949 terram
529 4887 609 4951 barre
633 4911 687 4950 aee
710 4887 877 4966 dinn‘ttam,
903 4888 969 4949 nisi
990 4886 1182 4972 complerem
1202 4887 1361 4965 uniuersa,
1385 4911 1465 4970 qrrae
1482 4886 1561 4950 ditm
1603 4886 1740 4971 Cumana
1758 4888 1938 4972 eaiailasset

236 5161 264 5198 ω
389 5139 510 5188 xv1111.
538 5140 703 5189 tmeruerit
722 5137 753 5189 L.
827 5132 1024 5202 bseqnuntur]
1043 5137 1081 5186 ita
1102 5138 1128 5198 C,
1148 5143 1278 5188 secuntur
1298 5143 1361 5188 cett.

388 5245 448 5294 XX.
477 5248 538 5295 9et
558 5244 960 5295 exstruentes-veneratores
979 5244 1069 5293 destant
1087 5243 1124 5293 M.
1209 5261 1242 5294 ac
1262 5245 1394 5295 ditatores
1413 5246 1503 5294 ‹karrrt
1521 5245 1580 5294 Bt.
1665 5249 1698 5296 10
1717 5241 1799 5310 tueri]
1826 5246 1935 5296 defendi

281 5335 380 5386 Bas.
399 5335 437 5384 II.
512 5337 541 5384 11
564 5335 687 5384 mercede
708 5329 828 5397 aeterna]
848 5341 959 5383 aeterna
979 5333 1105 5383 mercede
1124 5332 1161 5381 Μ.
1238 5336 1269 5383 13
1290 5328 1330 5397 sal
1350 5336 1376 5383 ei
1396 5330 1432 5383 M.
1499 5335 1608 5399 quidem
1627 5334 1688 5384 Bs.
1707 5335 1744 5385 M.
1818 5330 1935 5400 atrierrs]

283 5425 380 5476 offerre
402 5423 474 5474 CB
485 5429 507 5472 1.
584 5426 615 5472 14
635 5421 808 5474 olocaustum
827 5421 858 5475 L.
935 5423 966 5472 16
985 5424 1042 5472 suis
1060 5421 1170 5473 deeutB
1181 5427 1204 5471 1.
1280 5425 1312 5473 19
1331 5423 1449 5474 Abraam
1469 5424 1506 5473 M.

389 5531 465 5581 XXI.
494 5529 837 5594 221sabaelrieetinsrn
855 5528 915 5579 Br.
989 5545 1022 5578 ne
1040 5528 1107 5579 deest
1126 5529 1185 5578 B3.
1259 5531 1292 5580 25
1312 5529 1465 5580 moralitate
1485 5530 1544 5580 152.
1618 5534 1651 5581 26
1671 5525 1936 5597 potius-cultum]

237 5638 264 5678 rs
282 5621 405 5671 ditinum
423 5621 515 5684 potius
535 5618 638 5669 cultum
657 5619 694 5678 st,
713 5618 756 5667 nbi
775 5619 922 5668 debeamus
940 5617 1014 5668 deest.
1081 5617 1116 5666 ad
1135 5617 1201 5667 deest
1219 5617 1279 5667 132.
1298 5618 1335 5667 ll.
1404 5619 1500 5669 Isahac
1518 5619 1559 5670 laic
1576 5629 1599 5668 rt
1617 5620 1690 5685 infra
1708 5620 1768 5670 aa
1836 5623 1870 5670 28
1889 5620 1936 5671 de·

283 5705 430 5772 honorare]
452 5709 581 5758 debemus
600 5708 661 5758 add,
680 5706 724 5769 (al.
745 5705 843 5768 man.?)
863 5707 900 5757 Μ.

391 5816 479 5865 xxn.
509 5817 543 5864 30
563 5809 783 5877 exhuberarerit]
802 5814 839 5863 ita
860 5814 887 5874 C,
908 5815 1098 5864 exuberaverit
1116 5822 1170 5862 cett.
1239 5815 1268 5862 31
1291 5814 1383 5863 aaran
1402 5813 1428 5863 B
1438 5817 1463 5864 2.
1530 5816 1564 5864 36
1583 5831 1665 5880 quam
1685 5815 1743 5865 1³1.
1811 5819 1845 5867 39
1864 5832 1936 5867 cum·

283 5903 396 5971 plerero
416 5904 476 5955 Bt.
