4884 6717
724 517 777 573 44.
813 516 1030 575 CONGILIUM
1053 518 1282 576 PARISIENSE
1306 520 1344 575 A.
1364 518 1439 576 825.
1843 512 1907 577 537

253 733 303 771 rex
327 716 413 770 alacri
436 716 527 769 animo
552 723 582 771 et
606 714 682 770 iultn
705 714 894 786 placidissime
924 715 1108 785 suscepisset,
1139 716 1241 782 omnia,
1273 733 1344 787 quae
1376 714 1417 769 illi
1447 715 1524 770 facta
1553 733 1702 788 quaeque
1734 717 1809 771 dieta
1832 725 1907 782 sunt,

255 839 327 894 quae
352 822 438 877 etiam
461 823 597 890 revelata,
622 822 776 878 secundum
799 829 905 878 textum
929 822 1056 892 snpen'us
1080 823 1312 894 comprehensum
1335 821 1473 893 exposuit.
1520 822 1589 876 Post
1612 821 1698 878 tinem
1720 841 1788 878 vero
1810 841 1907 878 narra·

255 930 337 983 tionis
360 946 429 984 suae
452 930 686 1001 percontabatur,
718 930 765 1000 qui
796 929 842 983 isti
867 935 961 984 essent
985 929 1023 983 dii
1047 929 1147 983 Petrus
1179 936 1208 984 et
1233 929 1347 997 Paulus,
1380 931 1428 1001 qui
1458 930 1534 984 illum
1557 929 1725 996 visitarent3
1756 930 1793 984 ob
1824 948 1908 1001 quam

254 1054 365 1091 eausam
395 1037 491 1090 salutis
521 1053 589 1091 suae
622 1036 683 1091 eius
713 1037 854 1091 latebram
884 1036 1071 1091 detexissent.
1120 1034 1259 1090 Silvester
1290 1037 1491 1109 episcopus
1514 1036 1677 1108 respondit:
1710 1036 1769 1091 Hos
1794 1037 1907 1108 quidem

220 1143 428 1205 aDeminus
452 1151 548 1198 nester
570 1143 623 1197 sihi
654 1143 771 1199 idoneos
801 1162 897 1198 servos
921 1141 1026 1197 Christi
1058 1149 1087 1196 et
1118 1143 1259 1213 apostolos
1289 1143 1379 1214 elegit
1409 1144 1445 1198 ab
1470 1162 1504 1199 eo
1532 1143 1629 1197 missos
1653 1144 1689 1198 ad
1713 1143 1907 1198 invitationem

253 1251 388 1322 gentium,
411 1257 442 1304 ut
466 1250 619 1306 credentes
643 1251 765 1304 salutem
788 1258 1006 1321 consequantur.
1054 1246 1180 1320 Cumque
1208 1249 1280 1305 haec
1304 1258 1333 1304 et
1356 1250 1399 1303 his
1422 1250 1522 1304 similia
1545 1257 1665 1322 augusto
1689 1250 1797 1305 diceret
1820 1267 1906 1321 papa,

253 1357 425 1428 interrogare
449 1357 545 1426 eoepit
569 1363 712 1427 angustas,
736 1364 894 1411 ntrrnnnam
917 1356 986 1410 istos
1010 1355 1129 1410 haberet
1154 1356 1248 1427 aliqua
1264 1357 1355 1428 imago
1372 1375 1530 1428 expressos,
1555 1365 1586 1409 ut
1603 1375 1637 1410 cx
1653 1357 1764 1427 pictura
1780 1357 1906 1412 disceret

253 1465 302 1518 hos
325 1481 401 1530 esse,
424 1480 494 1534 quos
517 1464 656 1517 revelatio
681 1464 832 1518 docuisset,
879 1463 961 1516 Tunc
985 1469 1098 1516 sanetus
1123 1461 1261 1517 Silvester
1283 1463 1367 1517 misso
1390 1463 1508 1517 diacone
1533 1463 1689 1534 imagines
1717 1463 1906 1535 apostolorrnn

254 1571 378 1626 exhiberi
407 1571 549 1642 precepit,
586 1588 675 1641 quas
705 1571 859 1640 imperator
893 1569 1032 1639 aspiciens
1068 1569 1178 1640 ingenti
1208 1570 1329 1625 clamore
1361 1571 1456 1640 coepit
1488 1570 1583 1625 dicere
1615 1570 1690 1641 ipsos
1726 1588 1800 1638 esse,
1836 1589 1906 1641 quos

209 1678 372 1744 inviderat,
396 1695 449 1733 nec
474 1677 582 1732 dehere
607 1677 661 1731 iam
685 1670 799 1731 differre
824 1676 986 1747 episcopum
1003 1676 1193 1730 ostensionem
1209 1675 1346 1746 piscinae,
1372 1693 1455 1747 quam
1472 1676 1540 1730 istos
1556 1677 1716 1746 promisisse
1734 1695 1800 1732 suae
1822 1678 1905 1732 saluti

252 1785 431 1840 memorabat.

358 1882 430 1946 Hoc
461 1880 604 1968 capitulo
635 1882 729 1945 nnius
759 1882 830 1945 veri
855 1880 919 1944 Dei
943 1879 1048 1944 cultus
1078 1892 1110 1944 et
1133 1880 1280 1944 adoratio
1311 1880 1557 1945 commendatur
1586 1891 1628 1962 et,
1661 1881 1749 1967 quod
1778 1883 1906 1967 pictura

253 1988 345 2054 utiles
369 1999 401 2052 et
423 2011 501 2053 vere
525 1987 767 2053 recordationes
791 1986 833 2051 ad
857 1988 1046 2051 memoriam
1070 1987 1246 2073 aliquando
1269 1987 1415 2069 redeant,
1441 1987 1689 2052 demonstratur.

358 2111 439 2200 Cap.
462 2113 524 2177 111.
558 2113 721 2178 Iohannes
746 2111 986 2176 Chrisestomus
1016 2113 1050 2175 in
1074 2113 1278 2199 expositione
1302 2111 1418 2199 psalmi
1444 2114 1723 2199 quinquagesimi:
1754 2117 1904 2180 Pictores¹

208 2250 233 2290 is
252 2231 395 2285 imitantur
418 2237 480 2285 arte
505 2236 634 2285 naturam
658 2236 688 2284 et
711 2230 819 2284 colores
843 2229 981 2284 coloribus
1004 2229 1212 2300 permiscentes
1235 2229 1361 2283 risibiles
1385 2246 1647 2301 corporearum
1671 2247 1788 2285 rerum
1811 2231 1904 2303 dipin-

251 2345 320 2410 grint
349 2338 486 2408 imagines
518 2343 547 2392 et
578 2336 685 2391 faciunt
714 2336 842 2390 homines
872 2341 902 2390 et
933 2335 1063 2390 animalia
1093 2343 1123 2390 et
1154 2335 1270 2390 arbores
1301 2342 1330 2390 et
1361 2353 1444 2406 reges
1469 2343 1498 2390 et
1522 2336 1639 2390 rusticos
1663 2342 1693 2391 et
1717 2337 1850 2392 barbaros
1875 2345 1904 2393 et

251 2462 360 2515 pugnas
384 2450 414 2498 et
437 2445 511 2498 rixas
534 2451 677 2500 terrentes
700 2443 868 2514 sanguinum
892 2451 923 2496 et
945 2446 1059 2497 lanceas
1083 2448 1113 2496 et
1136 2441 1237 2496 loricas
1262 2448 1291 2495 et
1315 2449 1396 2495 senta
1420 2449 1449 2496 et
1474 2443 1573 2497 sedem
1595 2442 1721 2514 regalem
1737 2450 1767 2498 et
1782 2444 1903 2515 impera·

251 2560 339 2606 torem
370 2552 520 2606 sedentem
551 2557 581 2605 et
612 2549 762 2604 barbarum
792 2550 936 2604 subditum
968 2556 997 2603 et
1028 2548 1151 2620 gladium
1182 2555 1295 2602 acutum
1325 2556 1355 2602 ct
1382 2546 1481 2602 fluvios
1512 2549 1699 2604 decurrentes
1731 2557 1761 2604 et
1791 2568 1904 2623 campos

250 2658 333 2712 vanis
356 2656 471 2712 floribus
496 2658 647 2712 adornatos
671 2663 700 2710 et
724 2656 827 2723 omnia,
852 2673 925 2726 quae
948 2655 1092 2721 videntur,
1119 2671 1172 2726 per
1194 2662 1286 2710 artem
1310 2654 1453 2708 imitantes
1476 2654 1633 2710 mirabilem
1655 2656 1780 2711 istoriam
1804 2657 1904 2712 viden-

205 2783 233 2822 ιο
252 2765 328 2818 tibus
350 2770 490 2835 prestant.

358 2861 393 2925 si
418 2860 598 2925 secundnm
621 2860 703 2924 tanti
728 2859 870 2924 doctoris
894 2857 1088 2923 documenta
1112 2859 1251 2944 pictoria
1266 2880 1319 2922 ars
1335 2856 1516 2922 mirabilem
1532 2858 1701 2922 historiam
1718 2858 1904 2925 videntibus

252 2979 404 3054 praestat,
430 2992 488 3032 eur
511 2991 531 3031 a
554 2967 621 3032 suis
644 2965 814 3053 discipulis
839 2963 1096 3030 contradicitur?

359 3090 439 3179 Cap.
465 3091 543 3156 1111.
579 3090 719 3157 Sanetus
735 3090 890 3155 Paulinus
913 3090 947 3153 in
970 3111 1080 3176 opere,
1105 3088 1193 3175 quod
1217 3088 1258 3154 de
1274 3090 1342 3154 vita
1357 3089 1445 3154 beati
1461 3089 1581 3155 Felicis
1596 3092 1749 3178 martyris
1773 3091 1904 3156 heroico

251 3211 352 3265 metro
377 3198 510 3282 aedidit,
534 3198 616 3265 libro
640 3220 725 3263 nono
749 3199 795 3261 ita
818 3197 938 3283 iuquit:

206 3335 232 3375 rt
680 3310 784 3369 Nunc²
806 3313 869 3368 volo
892 3313 1016 3385 picturas
1039 3313 1143 3368 fucatis
1166 3314 1277 3385 agmine
1301 3318 1384 3385 longe

677 3420 837 3475 Porticibns
860 3421 957 3476 videas
980 3421 1123 3492 pauloque
1146 3421 1248 3492 supina
1270 3420 1374 3491 fatiges

678 3527 768 3594 Colla,
793 3529 930 3582 reclinato
954 3529 1019 3582 dum
1043 3526 1182 3598 perlegis
1206 3527 1299 3581 omnia
1320 3527 1411 3580 vultu.

677 3635 732 3699 Qui
756 3635 837 3689 ridet
860 3636 930 3690 haec
954 3635 1049 3690 saeuis
1072 3650 1231 3706 agnoscens
1254 3650 1322 3687 vera
1344 3630 1453 3704 figuris,

675 3742 739 3797 Non
763 3758 854 3797 vacua
875 3740 961 3797 tidem
984 3742 1036 3796 sihi
1060 3740 1152 3812 pascit
1175 3740 1298 3811 imagine
1322 3745 1455 3795 mentem.

679 3846 782 3903 Omnia
804 3865 925 3918 namque
950 3854 1031 3902 tenet
1055 3847 1128 3902 serie
1153 3847 1265 3918 pictura
1287 3845 1377 3912 fideli,

677 3953 740 4018 Que
764 3955 859 4010 senior
881 3954 992 4025 scripsit
1016 3972 1069 4024 per
1092 3954 1217 4024 quinque
1241 3953 1382 4008 volumina
1406 3953 1529 4025 Moyses,

678 4060 742 4125 an
766 4062 856 4134 gessit
879 4061 991 4116 Domini
1015 4061 1143 4132 signatus
1166 4060 1278 4114 nomine
1302 4059 1410 4115 ihesus.

357 4179 397 4242 Υ.
432 4179 476 4243 Et
498 4188 571 4265 post
593 4200 716 4265 pauca:
741 4181 851 4242 Parte3
873 4186 1044 4258 requiratur,
1069 4202 1189 4257 quanam
1212 4185 1320 4239 ratione
1345 4186 1475 4257 gerendi,

678 4292 793 4349 Sederit
815 4294 886 4348 haec
910 4293 990 4348 nohis
1014 4293 1168 4359 sententia,
1192 4292 1311 4363 pingere
1336 4299 1448 4346 sanctas

678 4401 753 4456 Raro
777 4402 874 4456 domus
897 4400 1086 4455 animantibus
1109 4399 1289 4454 assimilatis?

677 4508 828 4579 Accipite
853 4515 883 4562 et
906 4507 1003 4578 paneis
1026 4506 1173 4576 temptabo
1198 4522 1340 4576 exponere
1366 4523 1474 4559 causas.

677 4613 838 4686 Quosagit
861 4613 916 4668 huc
939 4614 1029 4666 sancti
1054 4611 1158 4666 Felicis
1181 4611 1270 4682 gloria
1293 4618 1402 4678 coetus,

681 4721 839 4777 Obscurum
863 4719 949 4786 nulli3
980 4719 1066 4773 turha
1088 4717 1267 4789 frequentior
1288 4718 1332 4772 his
1356 4728 1400 4774 est

676 4827 832 4882 Rusticitas
855 4845 910 4882 non
934 4844 1014 4881 cassa
1037 4824 1093 4880 lide
1117 4843 1211 4897 neque
1237 4825 1322 4880 docta
1345 4825 1470 4897 legendi.

676 4934 756 4989 Haec
779 4935 901 4990 adsueta
924 4934 972 4988 diu
996 4933 1081 4987 sacris
1105 4933 1211 4987 servire
1235 4932 1387 5004 prophanis

676 5042 785 5097 Ventre
810 5042 884 5108 Dee,
909 5040 1025 5095 tandem
1049 5039 1224 5095 convertitur
1247 5038 1358 5094 advena
1381 5038 1503 5106 Christo,

355 5252 394 5302 11.
423 5253 601 5318 'lexpressas
622 5248 691 5312 Vri).
765 5250 928 5301 terhibere
949 5249 976 5303 Γ.
1051 5250 1083 5299 12
1102 5242 1220 5314 pictura]
1241 5248 1365 5314 intellige:
1380 5265 1429 5313 per
1442 5249 1579 5313 picturam.

356 5341 408 5390 111.
439 5343 470 5392 lt
493 5334 600 5404 loricas]
619 5339 719 5391 luricas
739 5339 766 5389 V.

355 5430 404 5480 VI.
433 5430 466 5480 at
488 5428 567 5479 Collo
588 5429 614 5478 Γ.
687 5430 722 5479 30
741 5422 825 5492 tenet]
846 5436 872 5478 te
892 5443 942 5479 nee
963 5427 990 5477 l'.
1063 5428 1094 5476 31
1117 5419 1188 5489 Que]
1207 5427 1294 5488 Quem
1314 5425 1341 5479 Γ.

202 5529 230 5569 u
356 5518 387 5568 V.
417 5520 451 5569 34
477 5520 628 5568 sententias
655 5517 682 5568 Γ.
774 5519 808 5568 35
835 5517 907 5567 Rara
933 5516 959 5565 l'.
1051 5516 1085 5565 36
1110 5509 1217 5581 paucis]
1243 5517 1357 5580 paucius
1384 5513 1410 5563 l'.
1502 5516 1535 5564 39
1560 5508 1717 5578 Rustieitus]
1737 5514 1856 5565 Raeticis
1877 5515 1904 5564 1⁷.

248 5607 316 5657 fides
335 5606 363 5656 l'.
437 5607 511 5658 docti
532 5607 558 5655 Γ.

361 5787 389 5857 l)
413 5788 444 5844 V.
468 5807 558 5864 snpra
576 5808 609 5864 p.
626 5792 690 5848 485
714 5790 732 5844 l.
754 5792 794 5847 35
809 5808 869 5863 sqq.
975 5786 1005 5848 2)
1029 5784 1061 5840 V.
1084 5803 1175 5859 supra
1196 5787 1308 5858 paddd
1331 5785 1350 5839 l.
1371 5787 1464 5858 lsqq.
1572 5783 1603 5852 3)
1627 5783 1658 5840 V.
1682 5803 1773 5860 supro
1791 5789 1905 5860 paeto·

247 5897 267 5951 l.
293 5899 388 5971 9sqq.

301 5992 348 6036 aa.
362 5992 463 6034 maenis
478 5993 509 6033 11.
1657 5995 1690 6044 68
