4884 6717
248 546 460 602 APPENDIX.
486 544 518 601 9.
534 544 640 602 ACTA
656 544 798 600 spuma
814 543 869 600 AD
886 542 1105 600 CONCILIUM
1122 541 1404 600 CARISIACENSE
1421 542 1667 600 SPECTANTIA
1683 544 1720 600 A.
1735 543 1810 601 838.
1835 534 1899 600 837

248 733 313 796 iam
337 731 424 797 dicto
448 730 660 812 Ganzioleno,
685 752 724 796 eo
748 729 836 818 quod
859 731 890 794 ei
913 728 1044 794 rebellis
1080 742 1182 813 esset,
1218 728 1278 794 sed
1312 728 1372 795 sub
1400 753 1458 795 suo
1493 728 1719 795 mundeburdo
1754 729 1807 795 vel
1841 729 1902 796 sub

248 860 308 903 sua
340 837 564 903 tantummodo
594 838 730 903 tuitione
760 836 815 901 vel
845 835 1064 902 dominatione
1095 839 1356 923 permanerent1.
1402 836 1446 901 Et
1479 847 1557 900 tunc
1592 838 1639 900 eis
1674 858 1713 901 ac
1748 833 1902 901 Sicbaldo

249 967 361 1010 eorum
390 944 504 1010 abbati
533 943 632 1010 talem
662 943 833 1031 epistolam
864 942 969 1026 dedit3
1001 943 1088 1030 quod
1111 953 1246 1030 propter
1268 941 1390 1025 odium,
1420 953 1455 1007 ut
1479 941 1601 1006 dictum
1625 952 1683 1023 cst,
1709 941 1902 1008 Gaurioleni

249 1063 282 1116 et
312 1075 378 1117 non
408 1062 541 1139 propter
570 1050 668 1116 ullam
699 1050 796 1115 aliam
825 1072 894 1115 rem
925 1060 981 1115 aut
1010 1050 1172 1115 iusticiam
1202 1049 1326 1114 iactum
1350 1071 1422 1113 esse
1445 1048 1557 1136 liquet.
1604 1048 1697 1114 Tunc
1721 1050 1809 1113 anim
1832 1050 1902 1136 ipse

217 1157 424 1226 aSicbaldus
453 1181 520 1223 non
549 1158 611 1224 fuit
640 1180 738 1222 ausus
765 1154 812 1221 ibi
834 1178 1014 1242 remanere,
1039 1156 1098 1221 sed
1121 1179 1186 1221 una
1209 1179 1284 1222 cum
1307 1156 1425 1242 Pipino
1449 1178 1551 1242 usque
1576 1156 1610 1219 in
1632 1155 1806 1220 Franciam
1830 1178 1902 1243 per·

249 1266 345 1331 rexit.
390 1265 510 1330 Postea
539 1285 619 1328 vero
650 1285 851 1349 cognoscens
873 1263 1021 1349 Pipinus,
1052 1261 1141 1350 quod
1170 1263 1288 1327 iniuste
1312 1261 1445 1327 fecisset
1468 1273 1501 1326 et
1523 1272 1657 1349 propter
1679 1262 1790 1328 odium
1814 1260 1902 1327 Gau·

249 1371 366 1437 zioleni
395 1371 457 1436 boc
488 1371 619 1456 egisset,
649 1370 818 1456 praecepit
840 1368 907 1434 filio
930 1391 988 1433 suo
1012 1368 1136 1434 Karolo
1159 1379 1193 1433 et
1215 1368 1423 1434 iureiurando
1447 1378 1645 1433 contestatus
1668 1379 1727 1451 est,
1750 1380 1787 1433 ut
1809 1391 1902 1457 prae·

249 1478 351 1543 fatum
380 1477 614 1542 monasterium
643 1474 796 1540 redderet
818 1473 1082 1540 cenomannicae
1112 1477 1208 1540 matri
1238 1475 1429 1557 aecclesiae,
1461 1477 1514 1541 cui
1544 1477 1628 1540 iuste
1653 1498 1724 1541 esse
1749 1474 1902 1558 debebat,

250 1607 291 1648 ne
326 1583 459 1670 aliquod
494 1582 723 1648 detrimentum
758 1604 817 1645 sua
851 1582 967 1654 anima>
995 1604 1038 1646 ex
1068 1582 1129 1646 hoe
1159 1581 1303 1647 haberet.
1351 1583 1394 1647 Et
1428 1584 1475 1647 sic
1510 1582 1588 1647 fecit
1621 1593 1735 1669 postea
1766 1582 1904 1647 domnus

206 1719 232 1759 ro
249 1690 391 1756 Karolus
421 1702 454 1755 et
475 1690 663 1754 Franconi²
685 1689 839 1776 episcopo
869 1686 950 1752 illud
982 1688 1125 1753 reddidit
1154 1699 1252 1776 atque
1282 1712 1342 1776 per
1370 1699 1561 1776 preceptum
1591 1712 1685 1753 suum
1715 1688 1903 1775 praedictae

251 1797 346 1862 matri
369 1796 527 1861 ecelesiae
553 1795 757 1861 confirmavit
766 1799 787 1859 Β.
834 1794 930 1859 Multi
959 1805 1068 1860 autem
1091 1805 1225 1860 actenus
1248 1796 1373 1877 vivunt,
1402 1797 1458 1882 qui
1482 1795 1636 1860 domnum
1658 1794 1817 1860 Karolum
1840 1796 1902 1861 boc

251 1904 360 1969 dicere
390 1902 573 1985 audierunt,
605 1901 745 1989 qualiter
774 1924 851 1966 suus
880 1910 975 1988 pater
997 1900 1135 1966 domnus
1157 1902 1295 1988 Pipinus
1325 1903 1356 1966 ei
1379 1901 1441 1966 hoc
1465 1901 1677 1967 contestando
1700 1901 1809 1968 facere
1832 1925 1902 1990 pre·

251 2012 354 2098 cepit3
384 2020 416 2075 et
439 2009 569 2097 quando
593 2010 658 2074 iam
683 2009 806 2074 dictum
828 2010 1062 2073 monasterium
1084 2008 1249 2073 Franconi
1272 2007 1424 2090 reddidit,
1456 2007 1547 2073 multi
1573 2007 1738 2092 vivebant,
1763 2011 1818 2097 qui
1841 2009 1903 2074 hoc

252 2117 404 2182 domnum
433 2117 587 2203 Pipinum
617 2115 741 2181 Karolo
776 2116 967 2203 praecipere
1003 2124 1036 2179 et
1067 2116 1242 2179 contestari
1272 2114 1455 2181 audierunt.
1503 2116 1602 2180 Istam
1631 2139 1710 2181 vero
1745 2118 1903 2181 rationem

206 2251 232 2291 rs
250 2223 390 2312 pleniter
412 2223 598 2309 praedictus
614 2221 768 2287 Aldricus
784 2223 957 2309 episcopus
980 2232 1217 2309 perscrutatam
1241 2221 1329 2308 apud
1348 2222 1511 2288 veridicos
1535 2221 1681 2288 homines
1704 2222 1847 2288 habebat
1870 2233 1902 2288 et

250 2330 312 2396 boc
336 2329 473 2396 testibus
495 2332 582 2395 veris
607 2340 640 2395 et
661 2327 756 2395 bonis
780 2351 897 2394 coram·
914 2328 1063 2393 omnibus
1087 2327 1280 2393 affirmabat

357 2436 482 2501 Taliter
509 2438 596 2501 enim
619 2435 773 2500 Aldricus
804 2446 837 2500 et
867 2433 1078 2521 Sigimundus
1108 2434 1315 2516 altercantes,
1346 2436 1497 2523 pervenit
1525 2437 1597 2523 ipsa
1626 2437 1708 2502 ratio
1732 2458 1835 2524 usque
1859 2436 1902 2502 ad

251 2543 404 2609 domnum
428 2545 658 2630 imperatorem
667 2547 690 2625 ⁴,
715 2543 771 2630 qui
795 2542 856 2607 hoc
879 2541 1016 2606 firmiter
1038 2543 1202 2628 inquirere
1226 2544 1375 2630 precepit
1398 2552 1431 2607 et
1445 2543 1607 2607 veraciter
1628 2541 1692 2608 sibi
1715 2545 1901 2609 renuntiare

250 2652 353 2716 iussit.
393 2648 461 2716 Sed
483 2659 659 2736 antequam
682 2650 755 2736 ipsa
771 2649 916 2713 causatio
940 2658 1015 2712 ante
1039 2647 1193 2714 domnum
1216 2650 1446 2735 imperatorem
1461 2650 1598 2730 veniret,
1622 2647 1775 2715 volebant
1790 2671 1902 2716 eorum

105 2751 119 2774 “
205 2784 233 2824 ao
251 2758 347 2822 amici
383 2767 415 2821 et
449 2755 524 2822 boni
558 2757 705 2821 homines
736 2778 791 2820 eos
821 2754 896 2820 inde
925 2777 1045 2842 pacare
1069 2765 1103 2820 et
1125 2754 1337 2824 concordare.
1384 2755 1451 2821 Sed
1473 2754 1626 2821 Aldricus
1650 2758 1822 2844 episcopus
1846 2756 1902 2823 ob-

250 2862 455 2951 temperabat
478 2885 590 2928 eorum
617 2862 710 2926 iustis
740 2860 967 2949 peticionibus,
999 2873 1032 2927 et
1062 2860 1274 2948 Sigimundus
1308 2886 1374 2928 non
1404 2860 1562 2942 faciebat,
1598 2862 1656 2928 sed
1687 2863 1843 2950 quicquid
1871 2865 1902 2929 ei

250 2972 333 3035 iuste
369 2981 402 3035 et
430 2968 667 3035 rationabiliter
698 2970 749 3033 sui
783 2969 881 3033 amici
915 2990 1012 3054 agere
1045 2967 1228 3033 suadebant
1257 2969 1444 3057 praedictus
1474 2969 1685 3054 Sigimundus
1715 2969 1901 3056 spernebat.

252 3074 420 3143 Offerebat
449 3077 536 3141 enim
567 3077 598 3141 ei
628 3085 825 3140 memoratus
847 3074 1000 3141 Aldricus
1031 3077 1214 3163 episcopus,
1246 3085 1282 3140 ut
1311 3075 1453 3163 aliquem
1477 3098 1611 3141 censum
1635 3077 1665 3141 ei
1690 3099 1732 3141 ex
1755 3077 1816 3142 boc
1840 3077 1901 3142 sol·

250 3193 353 3266 verat,
384 3185 468 3248 sicut
497 3183 548 3247 sui
578 3192 801 3247 antecessores
833 3180 994 3269 praedicti
1018 3182 1163 3269 episcopi
1186 3181 1448 3248 antecessoribus
1471 3181 1647 3265 faciebant,
1671 3195 1704 3248 et
1726 3206 1786 3271 per
1808 3207 1902 3250 suum

205 3317 233 3358 aa
251 3288 447 3356 beneficium
469 3287 552 3354 illud
574 3299 710 3372 teneret,
735 3299 768 3354 et
790 3311 956 3375 nunquam
980 3290 1010 3353 ei
1034 3287 1262 3354 diebusvitae
1290 3311 1367 3354 suae
1391 3288 1432 3354 de
1456 3288 1511 3354 illo
1535 3288 1668 3377 aliquod
1690 3290 1901 3378 impedimen-

251 3408 318 3461 tum
342 3396 450 3462 facere
467 3394 608 3478 volebat,
634 3395 693 3461 sed
716 3397 825 3483 quiete
850 3406 883 3461 et
904 3395 1041 3482 pacifice
1064 3418 1131 3461 una
1154 3418 1229 3461 cum
1253 3397 1320 3460 suis
1344 3395 1511 3461 monacbis
1534 3418 1608 3461 eum
1632 3395 1714 3461 inibi
1737 3420 1808 3462 esse
1831 3422 1901 3485 per·

251 3502 409 3568 mittebat.
457 3501 626 3569 Offerebat
655 3504 754 3568 etiam
788 3512 822 3567 et
851 3500 949 3566 aliam
979 3523 1112 3567 causam
1143 3501 1310 3588 praedicto
1339 3501 1541 3589 Sigimundo,
1573 3501 1785 3568 suadentibus
1807 3528 1901 3592 prae·

251 3609 346 3675 dictis
369 3611 482 3675 amicis
507 3619 539 3673 et
561 3608 655 3674 bonis
678 3607 874 3692 bominibus,
898 3608 1071 3674 iamdictus
1094 3607 1249 3674 Aldricus
1273 3609 1457 3696 episcopus,
1481 3620 1526 3690 ut,
1550 3611 1577 3673 si
1600 3610 1685 3674 banc
1708 3633 1773 3675 non
1793 3611 1901 3694 vellet,

251 3716 364 3782 saltem
389 3716 487 3781 aliam
510 3716 642 3782 faceret.
688 3714 905 3781 Permittebat
927 3723 1037 3780 autem
1064 3716 1095 3780 ei
1126 3714 1207 3780 duas
1231 3726 1288 3781 aut
1309 3725 1376 3780 bes
1399 3715 1504 3796 villas,
1534 3715 1646 3803 quales
1669 3715 1732 3781 sibi
1756 3717 1900 3804 eligeret,

206 3850 233 3891 ao
250 3848 310 3913 per
332 3847 426 3889 suum
449 3823 644 3889 beneficium
666 3821 798 3906 babere,
823 3834 856 3887 et
878 3845 921 3887 ex
944 3822 994 3887 his
1018 3823 1049 3887 ei
1071 3822 1194 3887 nullum
1218 3824 1387 3887 servitium
1411 3833 1467 3888 aut
1483 3821 1593 3908 aliqua
1608 3822 1694 3888 dona
1711 3827 1900 3910 requireret,

251 3931 311 3996 sed
333 3929 490 4018 quicquid
513 3952 556 3994 ex
579 3929 629 3994 his
644 3927 745 3995 vellet
766 3928 899 3996 iaceret.
939 3929 1000 3993 His
1024 3927 1174 3994 omnibus
1198 3952 1219 3993 a
1234 3928 1427 4015 Sigimundo
1450 3929 1567 4017 spretis
1584 3930 1672 4016 cepit
1694 3931 1901 4019 saepedictus

252 4040 424 4126 episcopus
447 4060 539 4102 suam
562 4037 724 4101 iusticiam
747 4037 830 4101 iuste
847 4046 879 4100 et
894 4033 1130 4101 rationabiliter
1145 4058 1293 4122 querere,
1318 4036 1395 4122 quia
1409 4035 1539 4123 plenam
1562 4047 1595 4100 et
1609 4037 1727 4102 iustam
1743 4040 1900 4105 rationem

251 4144 314 4210 sibi
338 4147 372 4210 in
394 4144 456 4209 boe
479 4142 601 4208 habere
625 4141 806 4209 videbatur.
852 4142 1007 4230 Precepit
1036 4143 1123 4206 enirn
1152 4142 1238 4207 hanc
1268 4142 1425 4206 iustitiam
1451 4143 1616 4228 inquirere
1640 4141 1777 4209 domnus
1801 4146 1900 4232 impe·

251 4263 338 4317 rator
360 4250 506 4316 Ebroino
528 4250 746 4314 Pictaviensis
769 4246 859 4314 urbis
883 4249 1061 4336 epiecopo⁶
1083 4258 1117 4313 et
1139 4248 1344 4313 Erchiurado
1368 4249 1534 4313 Parisiace
1560 4250 1701 4314 civitatis
1725 4252 1901 4339 episcopo6

207 4383 233 4424 aa
252 4369 284 4423 et
306 4359 462 4444 Rorigoni
493 4357 624 4422 comiti²
648 4366 681 4420 et
702 4356 849 4420 Altmaro
880 4354 1091 4421 seneschalco
1115 4354 1233 4420 domne
1256 4354 1366 4420 Iudith
1390 4356 1607 4441 imperatricis
1638 4366 1670 4420 et
1692 4357 1790 4422 misso
1814 4357 1900 4445 pala·

250 4467 341 4530 tino⁸
363 4487 429 4530 una
452 4487 527 4529 cum
551 4463 622 4528 aliis
646 4463 751 4527 vassis
767 4461 949 4530 dominicis.
996 4461 1064 4528 Sed
1087 4461 1164 4527 dum
1186 4461 1248 4527 bec
1272 4484 1324 4526 res
1348 4461 1391 4526 ad
1407 4462 1558 4527 effectum
1580 4474 1658 4528 tunc
1682 4463 1813 4528 minime
1829 4487 1901 4551 per·

250 4573 340 4637 venit
362 4582 495 4659 propter
518 4568 600 4634 alias
623 4570 836 4634 necessitates
860 4579 892 4633 et
915 4568 977 4635 hoe
1001 4569 1119 4634 domno
1143 4570 1331 4655 imperatori
1355 4570 1574 4634 renuntiatum
1598 4582 1693 4652 esset,
1723 4571 1900 4657 praecepit,

356 4823 522 4878 2Siebaldo
541 4843 561 4876 c.
635 4819 775 4887 deorum]
797 4831 824 4875 et
843 4822 1006 4875 Gaurioleni
1023 4823 1084 4874 add.
1103 4841 1124 4873 c.
1186 4822 1262 4873 dedit
1279 4822 1346 4872 dccet
1363 4839 1384 4872 c.
1457 4823 1636 4874 bsiebaldus
1654 4841 1675 4873 c.
1750 4827 1780 4874 ll
1801 4824 1901 4875 domno

249 4915 351 4968 Karolo
370 4933 390 4966 c.
463 4916 633 4980 aspectare
652 4931 673 4964 c.
746 4915 779 4964 23
799 4907 928 4979 aliquem]
948 4911 1060 4978 aliquod
1079 4929 1101 4962 a.
1173 4913 1206 4961 35
1227 4909 1405 4961 seneschaldo
1424 4929 1445 4961 c.

203 5175 232 5215 ω
361 5147 390 5219 1)
416 5148 465 5221 Cf.
490 5148 610 5224 Pz'ppini
635 5148 711 5226 repis
738 5147 893 5223 diplomate
914 5145 1040 5223 pennino
1064 5165 1124 5221 pro
1154 5143 1323 5203 monasterio
1346 5144 1507 5203 Anbolew
1532 5146 1560 5202 d.
1586 5146 1612 5203 d.
1639 5149 1701 5205 752
1723 5147 1796 5222 Apr-
1812 5151 1854 5206 25
1878 5155 1905 5204 et

250 5259 309 5317 760
331 5257 461 5332 Apr.10
489 5247 578 5332 (Μο.
602 5254 684 5331 Dipl.
709 5254 813 5312 Kurol.
834 5252 858 5323 l,
877 5256 949 5329 ρ.2
971 5272 1000 5310 a.
1017 5255 1047 5322 2,
1066 5272 1100 5328 p.
1117 5253 1156 5310 19
1178 5271 1209 5308 a.
1226 5253 1283 5325 14,-
1314 5248 1522 5309 Meteaclefl
1545 5273 1572 5310 a.
1593 5257 1642 5312 66.
1662 5251 1725 5330 91).
1762 5252 1795 5309 V.
1820 5252 1902 5310 etiam

251 5363 357 5422 Karoli
380 5361 423 5420 M.
447 5362 603 5438 diplomata
630 5360 757 5439 pensius
780 5379 840 5436 pro
870 5360 964 5417 eodem
986 5357 1157 5415 monasterio
1187 5359 1215 5415 d.
1240 5358 1268 5414 d.
1294 5359 1352 5416 771
1377 5357 1441 5428 lua,
1467 5361 1528 5418 779
1550 5358 1624 5417 Nor.
1645 5362 1684 5419 17
1707 5352 1755 5434 (ib.
1779 5358 1801 5416 Ι
1811 5379 1845 5436 p.
1863 5363 1903 5418 90

251 5492 279 5528 a.
297 5473 347 5541 62,
365 5489 400 5546 p.
417 5471 477 5529 178
498 5489 528 5526 a.
546 5471 624 5539 128;
649 5462 858 5525 Mitdlboclser'
880 5485 910 5522 a.
927 5468 995 5525 141.
1012 5459 1099 5542 226).
1173 5462 1204 5535 2)
1229 5467 1429 5534 793-816,·
1452 5465 1493 5537 cs.
1518 5465 1604 5523 Actus
1623 5465 1788 5544 pontificum
1814 5465 1902 5525 Ceno·

251 5576 363 5635 mannia
385 5576 415 5633 ia
437 5574 506 5633 urbe
529 5574 684 5653 depretiata
708 5594 731 5631 c.
748 5576 788 5633 21
813 5572 875 5629 cdd.
895 5571 1009 5629 Bassos
1033 5579 1060 5628 et
1082 5571 1180 5628 Ledru
1198 5591 1232 5647 p.
1249 5574 1310 5630 271
1322 5589 1384 5647 sqq.
1455 5570 1485 5640 3)
1511 5569 1559 5644 Cf.
1584 5571 1690 5630 Koroli
1713 5571 1755 5628 M.
1779 5571 1903 5648 diploma

205 5706 233 5747 aa
249 5683 377 5760 spurium
400 5684 428 5740 d.
445 5683 475 5740 d.
491 5685 555 5742 802
579 5681 669 5739 Mart.
687 5683 727 5740 17
743 5676 833 5756 (Mo.
850 5677 931 5754 Dipl.
950 5678 1053 5735 Kurol.
1069 5676 1094 5748 Ι,
1111 5681 1171 5738 381
1195 5698 1225 5735 n.
1241 5681 1322 5746 263‚·
1346 5674 1554 5736 Millslbaclrer²
1576 5699 1605 5735 n.
1621 5673 1707 5756 383).
1778 5679 1809 5748 4>
1834 5678 1901 5736 scil.

251 5789 457 5848 Hludowicum.
526 5788 556 5858 5)
580 5807 623 5846 ca.
640 5789 832 5849 see-854.
902 5783 932 5856 6)
956 5786 1149 5846 831-857.
1220 5785 1251 5853 7)
1278 5782 1328 5856 Cf.
1353 5783 1474 5855 Simeon,
1499 5783 1691 5843 ‘Jatrtecter
1714 5786 1762 5842 dea
1779 5783 1902 5857 srdnla‘·

250 5897 335 5955 acken
358 5895 461 5954 Reicda
484 5904 566 5953 unler
590 5894 711 5972 Ludwiy
735 5894 796 5952 dem
820 5892 987 5950 mernen’
1011 5890 1101 5962 I,13.
1126 5890 1166 5962 H,
1182 5894 1252 5950 211.
1343 5890 1373 5960 8)
1399 5889 1447 5964 Cf.
1471 5891 1536 5948 ibid.
1560 5891 1601 5963 II,
1618 5895 1690 5952 243.
