4884 6717
539 490 604 553 646
1010 493 1061 550 50.
1098 493 1317 550 CONCILIUM
1340 493 1568 549 PARISIENSE
1592 494 1629 549 A.
1651 492 1725 549 829.

538 680 740 746 miserabiles
764 681 975 745 necessitates
1000 678 1165 744 sublevari
1189 679 1317 766 sibique
1341 680 1385 762 id,
1418 703 1481 766 quo
1512 679 1647 765 indiget,
1680 679 1889 761 commodari,
1921 678 2029 744 taliter
2059 677 2122 743 sibi
2152 677 2195 744 ab

538 811 577 852 eo
601 787 683 852 solet
706 786 912 874 responderi:
945 786 1029 850 ‘Non
1060 799 1109 851 est
1137 786 1217 851 mibi
1248 787 1444 852 frumentum
1475 797 1530 851 aut
1564 785 1653 851 aliud
1683 786 1772 873 quid,
1809 785 1898 872 quod
1928 787 1962 849 in
1990 784 2101 851 cibum
2134 783 2196 851 tibi

538 916 665 958 sumere
689 894 749 970 vis,
775 891 818 957 ad
841 892 1065 974 mutuandum,
1090 893 1148 957 sed
1173 895 1277 980 magis
1300 892 1343 957 ad
1366 891 1598 963 vendendum.
1633 891 1669 958 Si
1692 894 1743 956 vis
1767 915 1885 974 emere,
1914 893 1964 956 fer
1992 894 2132 978 pretium
2163 902 2197 957 et

537 999 634 1065 tolle'.
675 998 737 1065 Cui
760 1021 901 1086 pauper:
922 999 1005 1064 ‘Non
1022 1010 1071 1064 est
1094 1000 1194 1080 mihi’,
1211 998 1335 1085 inquid,
1353 999 1540 1085 ‘quicquam
1555 1000 1682 1085 praetii,
1700 1021 1764 1085 quo
1781 1020 1889 1062 emere
1909 997 1953 1080 id,
1971 1021 2034 1085 quo
2050 999 2194 1084 indigeo,

538 1106 676 1171 valeam.
724 1106 790 1171 Sed
813 1118 888 1192 peto
914 1104 972 1170 abs
996 1117 1038 1186 te,
1063 1116 1098 1171 nt
1121 1106 1305 1171 miserearis
1329 1107 1393 1170 mci
1417 1116 1449 1168 et
1473 1103 1776 1192 quomodocumque
1800 1106 1861 1186 vis,
1894 1104 1972 1169 mihi
1997 1105 2085 1192 quod
2108 1118 2228 1192 peto,s

538 1236 579 1277 ne
603 1213 688 1278 fame
712 1235 855 1299 peream,
883 1226 1029 1277 mutuum
1053 1213 1205 1299 porrige'.
1251 1211 1280 1275 F
1282 1223 1432 1276 enerator
1456 1221 1604 1276 econtra:
1634 1211 1734 1292 ‘Quot
1763 1211 1859 1276 modo
1890 1210 2033 1305 denariis
2063 1235 2193 1298 possum

538 1318 682 1384 modium
706 1320 859 1384 frumenti
883 1321 947 1383 mei
971 1319 1125 1400 vendere,
1149 1330 1206 1383 aut
1228 1329 1275 1382 tot
1299 1318 1450 1382 denarios
1473 1329 1619 1404 tempore
1643 1318 1768 1382 fructus
1791 1320 1870 1382 novi
1897 1318 1976 1383 mihi
2007 1317 2108 1383 redde
2139 1330 2196 1384 arrt

539 1437 626 1490 certe
658 1449 769 1490 eorum
801 1428 960 1512 praetium
991 1428 1025 1489 in
1055 1427 1215 1490 frumento
1247 1435 1279 1489 et
1308 1426 1385 1489 vino
1416 1436 1448 1488 et
1479 1426 1595 1489 ceteris
1627 1423 1826 1511 quibuslibet
1861 1424 1933 1489 aliis
1969 1424 2117 1510 frugibus
2152 1424 2195 1490 ad

537 1532 669 1620 plenum
695 1531 832 1619 supple’.
879 1531 975 1596 Unde
1000 1533 1131 1596 evenire
1155 1531 1246 1612 solet,
1271 1540 1306 1595 ut
1329 1554 1387 1617 pro
1412 1553 1476 1596 uno
1499 1531 1651 1595 frumeuti
1683 1531 1791 1596 modio
1822 1530 1930 1596 taliter
1953 1543 2098 1596 mutuato
2128 1542 2194 1597 tres

537 1651 593 1704 aut
617 1651 704 1704 certe
728 1649 881 1725 quattuor
904 1637 1004 1702 modii
1028 1661 1047 1703 a
1070 1636 1270 1725 pauperibus
1293 1649 1439 1724 tempore
1462 1637 1577 1701 messis
1601 1637 1761 1701 violenter
1791 1639 1976 1724 exigantur.
2033 1638 2130 1719 Quod
2162 1649 2194 1703 et
2214 1671 2240 1711 10

537 1747 578 1811 de
603 1745 711 1810 modio
735 1746 803 1808 vini
828 1745 975 1809 similiter
998 1745 1068 1808 fieri
1093 1743 1185 1809 solet.
1226 1744 1309 1811 Sunt
1325 1746 1423 1809 etiam
1439 1742 1494 1807 alii
1511 1743 1726 1808 crudelissimi
1747 1743 1958 1826 feneratores,
1976 1746 2032 1831 qui
2047 1757 2193 1831 ternpore

537 1853 740 1919 necessitatis
773 1851 852 1915 nihil
884 1851 1090 1916 connrrodare
1121 1850 1320 1938 pauperibus
1350 1850 1472 1932 volunt,
1503 1851 1566 1914 nisi
1596 1850 1784 1915 messellas1
1815 1874 1891 1915 suas
1922 1862 1955 1915 et
1986 1850 2131 1916 vineolas
2162 1863 2194 1915 et

537 1959 675 2047 pratella
699 1982 738 2022 ea
762 1960 887 2022 ratione
911 1959 944 2022 in
969 1960 1086 2045 pignus
1111 1958 1271 2040 dederint,
1294 1968 1330 2021 ut
1354 1957 1509 2044 quicquid
1533 1957 1663 2042 frugum
1692 1959 1726 2021 in
1757 1956 1808 2022 his
1839 1957 1948 2044 colligi
1977 1968 2106 2045 poterat
2135 1980 2193 2044 pro

537 2090 650 2153 perro,
675 2066 762 2152 quod
786 2076 932 2130 mutuum
955 2076 1164 2152 acceperunt,
1189 2088 1232 2129 ex
1256 2087 1327 2129 asse
1351 2065 1509 2129 amittant.
1551 2064 1645 2144 Quae
1662 2087 1713 2128 res
1730 2087 1795 2128 non
1811 2065 1977 2129 minimam
1993 2063 2194 2151 pauperibus

538 2184 674 2260 generat
698 2171 917 2237 adflictionem
948 2183 980 2236 et
1010 2173 1191 2258 penuriam.
1247 2171 1330 2237 Sunt
1360 2182 1392 2235 et
1422 2170 1505 2234 aliae
1535 2169 1732 2235 multifariae
1764 2170 1957 2236 calliditates
1989 2170 2193 2258 quorundam
2214 2203 2240 2250 u

537 2279 765 2360 feneratorum,
791 2275 908 2364 quibus
931 2301 1093 2364 pauperes
1110 2278 1346 2343 exhauriuntur
1362 2287 1394 2341 et
1408 2278 1593 2364 paupertati
1610 2276 1816 2358 addicuntur,
1834 2300 1915 2364 quas
1931 2278 1984 2343 hic
2001 2300 2194 2342 enunrerare

537 2386 646 2471 magni
670 2397 719 2448 est
743 2384 822 2448 tedii
852 2406 1036 2471 magneque
1067 2384 1274 2470 prolixitatis.
1328 2384 1489 2448 Dominus
1521 2386 1642 2470 quippe
1674 2394 1706 2448 et
1736 2386 1770 2448 in
1804 2383 1964 2470 legalibus
1995 2395 2027 2449 et
2057 2387 2090 2448 in
2120 2408 2194 2471 pro-

537 2492 675 2579 pheticis
700 2489 839 2554 oraculis
863 2513 994 2554 usuram
1017 2490 1087 2554 fieri
1112 2491 1282 2555 minaciter
1297 2501 1394 2577 atque
1411 2490 1600 2556 terribiliter
1614 2489 1750 2573 inhibet,
1768 2501 1800 2555 et
1814 2493 2036 2578 praesumptio
2051 2491 2195 2556 bantana

537 2621 704 2664 asumma
729 2610 876 2662 creatore
900 2597 1064 2684 prohibita
1087 2596 1306 2683 superbiendo
1330 2608 1519 2684 perpetrare
1544 2597 1586 2661 ad
1610 2599 1660 2661 sui
1685 2597 1861 2662 discrimen
1884 2621 1949 2662 non
1972 2599 2097 2662 metuit.
2137 2597 2194 2662 Ait

365 2722 518 2802 exodum.
536 2727 677 2792 namque
702 2705 735 2768 in
758 2702 842 2768 libro
865 2703 991 2767 Exodi:
1017 2704 1059 2769 Si
1074 2707 1244 2790 pecuniam
1268 2720 1406 2769 mutatam
1431 2704 1558 2769 dederis
1576 2705 1697 2791 populo
1721 2729 1787 2770 meo
1804 2708 1957 2791 parmai,
1988 2707 2048 2791 qni
2074 2707 2195 2770 dabitat
2212 2736 2239 2776 m

358 2829 644 2892 1ev.²⁵.⁸⁵.³ss.tecum,
674 2837 735 2876 non
766 2836 879 2898 urpues
909 2836 977 2875 eum
1008 2814 1105 2896 quasi
1132 2826 1257 2875 eaeactor
1287 2837 1342 2876 nec
1372 2815 1479 2876 asteris
1509 2814 1684 2898 obprimes,
1714 2811 1748 2874 iu
1776 2809 1860 2875 libro
1883 2810 2041 2875 Levitici:
2074 2811 2116 2877 Si
2135 2813 2193 2877 acl-

537 2935 678 2984 tenuatus
694 2921 804 3006 feeerit
818 2920 931 3006 frater
954 2933 1024 2982 utus
1047 2931 1076 2982 et
1100 2920 1245 3004 infirmus
1268 2943 1374 2997 uranu,
1398 2933 1426 2982 et
1447 2921 1622 3004 susceperis
1646 2942 1715 2982 eum
1739 2921 1836 3004 quasi
1863 2919 2017 2983 aduenam
2049 2933 2077 2983 et
2100 2943 2193 3005 pere·

534 3030 673 3114 prinum,
697 3040 726 3090 et
748 3027 865 3089 eriserit
887 3039 994 3104 tecum,
1018 3050 1055 3089 ne
1079 3026 1222 3110 accipias
1246 3026 1285 3088 ab
1310 3050 1343 3088 eo
1375 3050 1503 3090 risurum
1533 3050 1588 3088 nec
1618 3026 1769 3111 urnplius,
1800 3051 1893 3111 quarn
1926 3025 2051 3090 dedisti.
2104 3025 2194 3091 Time

383 3132 516 3228 ⁰⁰⁰7¹f32¹⁵'
538 3133 640 3198 Deum
665 3148 760 3212 uturu,
787 3147 818 3194 ut
842 3133 945 3195 tn'eere
961 3133 1068 3217 possit
1082 3133 1195 3219 frater
1218 3145 1288 3196 tetus
1311 3132 1402 3217 uprrrd
1430 3146 1474 3213 te,
1503 3131 1537 3194 in
1569 3129 1650 3194 libro
1675 3130 1941 3195 Deuteronomii:
1975 3132 2016 3197 Si
2044 3157 2124 3196 uirus
2155 3133 2193 3196 de

529 3241 697 3327 fratribus
720 3241 792 3318 tur's,
817 3241 876 3323 qui
896 3252 1060 3302 morantur
1087 3240 1171 3302 intra
1200 3253 1311 3324 portas
1341 3241 1479 3303 civitatis
1509 3253 1589 3318 tuae,
1621 3241 1654 3302 in
1685 3253 1781 3321 terra,
1810 3264 1903 3324 quam
1936 3239 2082 3303 dorninus
2105 3239 2193 3303 Deus
2211 3268 2238 3309 m

537 3362 607 3410 turis
631 3347 763 3410 deutrus
793 3360 836 3409 est
866 3346 935 3424 tibi,
965 3345 1011 3408 ad
1032 3359 1253 3431 parspertatem
1285 3348 1413 3424 uenerit,
1443 3370 1503 3408 reon
1536 3345 1708 3409 obdurabis
1738 3369 1792 3409 cor
1826 3360 1910 3409 tuum
1943 3370 1999 3410 nec
2031 3347 2194 3410 connades

537 3478 674 3532 erratuum,
698 3453 755 3516 sed
777 3454 902 3538 aperies
925 3477 993 3516 eum
1017 3454 1164 3538 puerperi
1192 3466 1220 3515 et
1249 3452 1341 3515 dabis
1371 3454 1405 3516 ei
1431 3466 1580 3531 rnutaum,
1612 3475 1672 3537 quo
1703 3476 1771 3515 enm
1803 3452 1947 3538 indicere
1969 3455 2194 3538 perspeceris:

363 3578 516 3626 talne-11.
536 3562 613 3623 item
638 3561 672 3622 in
695 3559 828 3624 eodem:
857 3558 940 3623 Cane
963 3561 1108 3646 referte
1130 3560 1294 3644 subrepiat
1316 3560 1377 3622 tibi
1397 3561 1499 3645 impia
1524 3561 1669 3644 copr’urtio
1694 3573 1722 3622 et
1745 3558 1835 3622 dicas
1859 3561 1892 3622 in
1917 3558 2010 3622 corde
2033 3573 2100 3623 tuo:
2123 3559 2192 3622 Ad-

531 3670 731 3754 propinquat
753 3668 903 3752 septimus
926 3690 1028 3728 aarum
1051 3667 1259 3744 remissionis,
1284 3679 1312 3729 et
1333 3679 1458 3729 arrertas
1477 3665 1582 3728 oculos
1598 3679 1665 3729 tuos
1680 3692 1701 3729 a
1717 3689 1863 3751 paupere
1879 3667 1992 3752 fratre
2008 3679 2069 3744 trra,
2085 3666 2194 3729 nolens

537 3777 570 3838 ei
591 3773 677 3859 quod
692 3774 836 3860 postulat
857 3786 996 3835 misticum
1020 3771 1228 3849 commodare,
1258 3795 1297 3835 ae
1320 3773 1431 3836 claruet
1461 3786 1567 3836 corana
1600 3786 1626 3835 te
1656 3771 1702 3835 ad
1724 3771 1897 3835 llo-minum
1927 3785 1956 3835 et
1976 3774 2042 3859 fiat
2070 3773 2131 3835 tibi
2158 3774 2192 3834 in
2212 3802 2239 3842 ω

532 3895 705 3967 peccatum.
754 3878 820 3943 Sed
842 3879 935 3943 dabis
959 3880 991 3942 ei
1011 3902 1066 3941 nec
1089 3903 1162 3964 apes
1186 3880 1355 3964 quippiam
1378 3878 1495 3942 callide
1519 3881 1553 3942 in
1577 3881 1645 3942 eius
1667 3880 1901 3943 necessitatibus
1924 3878 2138 3959 mrblecundis,
2161 3893 2195 3940 ut

537 3987 700 4051 berredicat
722 3988 783 4050 tibi
803 3986 950 4050 dontinus
966 3984 1053 4048 Deus
1077 3999 1146 4048 tum
1171 3987 1203 4048 in
1229 3987 1317 4049 onrni
1337 3999 1472 4071 tempore
1496 3999 1523 4050 et
1547 3987 1580 4048 in
1602 3986 1732 4063 cunctis,
1748 3985 1794 4049 ad
1816 4010 1895 4070 quae
1913 4010 2038 4049 inanum
2055 3986 2191 4049 miseris.

538 4093 610 4156 Noa
636 4093 765 4157 deerunt
789 4116 949 4179 pauperes
977 4093 1011 4155 ia
1041 4104 1125 4154 terro
1157 4092 1362 4155 habitationis
1380 4105 1470 4155 tuae.
1529 4090 1657 4156 Idcirco
1686 4093 1858 4178 praecipio
1893 4093 1962 4173 tibi,
1997 4106 2030 4156 ut
2063 4094 2194 4178 aperius

539 4226 663 4263 nraaum
680 4202 794 4288 fratri
821 4214 871 4262 tuo
902 4222 994 4284 cyeno
1024 4212 1052 4261 et
1076 4200 1228 4283 puerperi,
1258 4200 1317 4283 qui
1344 4212 1441 4262 tecum
1472 4211 1637 4263 serrantur
1671 4200 1705 4263 in
1740 4213 1833 4263 terra.
1891 4197 1956 4261 Per
1984 4196 2192 4261 Ezechielem

539 4327 667 4393 quoque
692 4304 883 4392 prophetam
907 4303 1069 4368 Dominus
1089 4325 1174 4386 eum,
1199 4303 1255 4390 qui
1279 4302 1321 4368 ad
1344 4326 1476 4368 usuram
1508 4303 1564 4368 dat
1591 4315 1624 4367 et
1654 4303 1793 4390 amplius
1823 4304 1953 4390 accipit,
1983 4326 2050 4368 non
2078 4305 2191 4367 virere
2211 4334 2238 4375 ss

396 4413 518 4509 Pfgflligfr
539 4423 745 4500 protestetur.
799 4411 857 4475 Ait
887 4421 1012 4474 autem:
1045 4409 1087 4474 Si
1110 4412 1254 4498 petiuerit
1283 4412 1355 4495 quis
1377 4412 1488 4497 filium
1519 4412 1670 4476 latronem
1706 4411 1910 4498 effundentem
1946 4413 2129 4498 sanquinem
2166 4425 2195 4474 et

532 4511 653 4608 ‚fecerit
677 4545 772 4584 umnn
797 4520 835 4583 de
859 4520 929 4582 istis
953 4519 1077 4582 ethaeo
1102 4517 1229 4603 quidem
1254 4520 1358 4582 artenia
1383 4543 1444 4582 non
1461 4519 1649 4605 facientem,
1672 4517 1730 4581 sed
1752 4519 1785 4582 in
1809 4520 1964 4583 montibus
1988 4518 2192 4583 comedentem

539 4642 567 4692 et
590 4651 718 4690 arerem
738 4628 886 4713 proniani
905 4627 961 4688 stri
974 4625 1178 4709 polluentem,
1202 4649 1329 4710 eperrrrm
1354 4638 1381 4688 et
1397 4649 1574 4710 pauperem
1598 4627 1841 4705 contristantem,
1858 4627 2029 4711 rapientem
2047 4627 2193 4712 rapinas,

535 4737 655 4821 piparas
677 4759 738 4797 non
763 4733 942 4796 reddentem
970 4745 998 4794 et
1027 4731 1072 4792 ud
1099 4731 1187 4794 idola
1219 4732 1370 4795 levantem
1400 4731 1506 4795 certios
1534 4755 1617 4810 siros,
1648 4733 1909 4796 aborru‘nationem
1932 4733 2120 4817 facientem,
2149 4731 2196 4795 ad

539 4866 668 4904 usurum
700 4840 822 4903 dantem
854 4853 883 4902 et
911 4837 1052 4923 arrtplius
1086 4840 1301 4923 accipientem,
1335 4838 1493 4923 numquid
1528 4839 1630 4901 ciret?
1686 4837 1758 4900 Non
1789 4840 1881 4919 cr’eet,
1917 4839 1996 4903 dicit
2025 4838 2191 4902 Dominus.
2210 4867 2239 4907 m

408 4965 520 5014 baala
538 4946 621 5011 Item
645 4944 749 5010 idem:
775 4945 911 5009 Munera
935 4958 1120 5029 acceperunt
1143 4944 1233 5029 uprrd
1255 4958 1282 5008 te
1311 4944 1357 5009 ad
1383 4944 1607 5031 effundendum
1638 4947 1801 5009 eirraom'um
1832 4947 2034 5032 sarryuinem3
2064 4971 2192 5009 usuram

540 5069 568 5117 et
588 5053 912 5140 superabundantiam
937 5052 1089 5137 accepisti
1110 5063 1138 5113 et
1159 5075 1257 5114 arare
1280 5053 1449 5136 prosimos
1472 5065 1539 5115 tuos
1569 5051 1761 5115 calurnniata
1792 5076 1832 5115 es.
1886 5049 1988 5116 Amos
2018 5051 2193 5138 propbeta:

647 5271 727 5320 LIII.
757 5263 866 5333 ‘2quidl
885 5267 958 5333 quod
979 5268 1006 5316 11
1079 5268 1211 5332 linquid
1231 5262 1383 5332 quicquam]
1403 5268 1548 5332 quicquam
1568 5268 1662 5333 inquid
1683 5267 1714 5319 P.
1793 5263 1912 5334 ssQuot]
1933 5268 2015 5332 Quod
2034 5270 2061 5330 Γ,
2082 5271 2142 5332 Quo
2163 5268 2194 5320 P.

542 5362 574 5410 12
594 5357 718 5410 mesellas
738 5357 768 5409 P.
861 5361 894 5408 13
914 5351 956 5421 ea]
977 5373 1023 5408 era
1043 5356 1074 5407 P.
1167 5358 1199 5406 19
1223 5351 1371 5422 prohibita]
1391 5357 1529 5422 proinbita
1548 5356 1575 5406 Γ.
1667 5359 1700 5407 23
1727 5353 1771 5421 ne]
1791 5374 1841 5408 uec
1861 5358 1888 5407 t'.
1908 5358 1939 5408 P.
2029 5361 2065 5409 30
2087 5353 2194 5422 clamet]

540 5449 670 5514 dampnet
688 5449 716 5498 V.
789 5449 823 5498 32
842 5448 877 5498 ad
896 5441 975 5513 quae]
996 5453 1076 5513 atque
1097 5446 1123 5496 Γ.
1197 5446 1230 5496 st
1251 5445 1466 5495 commodantem
1485 5445 1513 5495 1⁷.
1533 5445 1564 5495 P.
1637 5447 1671 5496 39
1691 5446 1941 5498 abhominationem
1959 5445 1991 5497 P.
2057 5449 2090 5497 41
2111 5442 2194 5512 idem]
2212 5458 2240 5499 st

540 5539 616 5588 viret
635 5538 663 5590 V.
736 5536 920 5588 effundentem
940 5536 968 5588 V.
1040 5537 1074 5586 42
1093 5534 1390 5600 superhabundantiam
1409 5534 1437 5585 Γ.
1510 5530 1549 5598 es]
1570 5539 1611 5585 est
1629 5534 1661 5585 P.

651 5738 679 5804 l)
717 5735 849 5792 ateium
884 5744 925 5792 est
941 5754 1040 5811 parua
1074 5735 1118 5791 cet
1151 5733 1260 5790 triadica
1295 5732 1404 5803 armam,
1440 5740 1470 5788 ut
1502 5732 1707 5809 iuterpretatur
1736 5733 1877 5811 Decorum
1905 5755 1929 5792 s.
1961 5755 2002 5805 a,
2033 5735 2086 5793 boc
2114 5736 2197 5795 unico

541 5845 600 5901 loco
623 5844 729 5900 adlato.
