4884 6717
548 508 612 570 778
989 510 1041 576 57.
1077 509 1296 570 CONCILIUM
1319 508 1600 568 CARISIACENSE
1624 509 1660 564 Α.
1682 507 1757 564 838.

544 699 765 787 responsionis
797 698 967 762 honestam
999 697 1183 762 libertatem
1216 697 1270 762 vel
1304 695 1485 762 infamandi
1516 694 1606 758 falsis
1638 693 1777 758 testibus
1812 692 1865 758 vel
1900 695 1999 758 etiam
2033 691 2198 780 lapidibus

545 805 704 872 obruendi
736 827 890 886 essemus,
922 803 1100 869 habeamus
1130 805 1239 870 Deum
1271 804 1558 870 clementissimum
1588 800 1824 866 consolatorem
1855 812 1952 887 atque
1982 800 2120 865 ultorem
2150 799 2198 864 di·

365 924 691 985 insenescentem:
723 911 764 978 Si
791 937 852 976 non
876 937 942 999 pro
965 916 1117 1000 sanquine
1140 912 1266 976 Nabotb
1290 927 1318 977 et
1332 913 1480 999 filiorum
1504 914 1582 990 eins,
1606 935 1694 996 quem
1721 910 1795 974 eidi
1817 910 1896 989 hcrr',
1927 909 2008 973 dicit
2030 908 2197 987 Dominus,

544 1020 677 1084 reddam
702 1021 764 1083 nbi
783 1021 818 1083 in
841 1043 919 1107 apro
942 1021 1012 1099 esto,
1036 1018 1117 1083 dicit
1137 1018 1305 1083 Dominus.
1351 1017 1450 1081 Finit.

726 1477 764 1554 O.
806 1476 976 1555 FLORI
996 1476 1233 1555 RELATIO
1258 1479 1337 1552 DE
1362 1475 1614 1556 CONCILIO
1642 1473 2020 1554 CARISIACENSI.
2217 1502 2231 1541 s

653 1622 803 1740 Legitur
836 1653 949 1716 relatio
983 1652 1076 1732 haee,
1110 1667 1202 1717 antea
1232 1653 1330 1717 Flore·
1359 1654 1540 1740 opusculum
1578 1653 1615 1717 de
1650 1677 1746 1716 caeno
1774 1652 1861 1739 fidei
1886 1651 2056 1728 secundnm
2087 1652 2199 1716 lemma

547 1761 700 1825 librorum
718 1760 813 1838 dicte,
838 1759 877 1823 de
893 1761 983 1823 enisus
999 1760 1106 1823 indole
1121 1762 1187 1823 ium
1202 1783 1302 1845 supra
1313 1784 1348 1845 p.
1372 1768 1437 1828 769
1453 1762 1583 1847 epicuree,
1606 1762 1641 1824 in
1657 1759 1763 1823 codice
1778 1758 1962 1823 Parthiensi
1975 1759 2074 1822 tenuo
2089 1766 2199 1825 13371

547 1867 653 1951 (antea
676 1866 875 1950 Hnrlneeno)
900 1890 979 1929 saec.
997 1864 1039 1928 X.
1066 1864 1121 1948 (=
1138 1865 1179 1950 P)
1197 1866 1264 1953 fol.
1282 1868 1442 1934 ἅθ’-42.

656 1997 751 2054 Edu.-
777 1997 911 2053 Martine
926 2005 952 2054 et
966 1996 1103 2066 Durand,
1127 1997 1254 2052 Veterum
1270 1997 1438 2073 scriptorum
1462 2005 1489 2056 ct
1509 2004 1747 2054 monumentorum
1769 1996 1890 2053 collectio
1905 1995 1956 2053 IX
1966 1990 2076 2071 (Paria.
2095 1993 2198 2069 1733),

549 2108 610 2164 649
626 2124 663 2161 eae
678 2103 771 2161 codice
786 2103 958 2160 Harlueane
974 2111 1000 2159 et
1014 2102 1176 2159 Peltem‘uno
1193 2103 1338 2178 deperdito
1354 2096 1410 2180 (=
1429 2097 1487 2181 M).
1520 2103 1628 2172 Menai,
1645 2102 1747 2179 Suppl.
1764 2102 1788 2172 l,
1805 2106 1879 2162 875.
1912 2102 2012 2159 Mansi
2026 2102 2077 2158 XI
2079 2102 2111 2172 V,
2130 2104 2198 2161 741.
2219 2124 2246 2163 ro

548 2211 657 2287 Mipuc,
681 2210 791 2267 Patrai.
816 2211 865 2266 lat.
893 2207 1000 2279 CXIX,
1018 2214 1069 2269 80.
1092 2240 1136 2248 -
1160 2211 1250 2286 Repu
1274 2209 1377 2267 ‘Neues
1400 2210 1518 2267 Arcbiv'
1544 2209 1658 2280 XXIV,
1675 2213 1744 2269 491.

654 2397 710 2484 (Ι).
751 2397 816 2460 Res
840 2396 1027 2482 nuperrime
1051 2396 1139 2481 apud
1163 2395 1366 2461 Curisiacum
1395 2395 1553 2484 palatium
1583 2397 1617 2460 in
1640 2396 1786 2482 generali
1809 2406 1842 2460 et
1864 2394 1961 2460 valde
1986 2394 2108 2460 celebri
2132 2395 2198 2483 epil

547 2526 719 2590 scoporum
744 2502 883 2566 concilio
914 2525 1013 2589 super
1044 2500 1238 2588 quibusdam
1270 2504 1377 2567 causis
1400 2502 1478 2567 fidei
1509 2512 1542 2566 et
1565 2501 1848 2568 observationibus
1872 2501 2101 2567 ecclesiasticis
2125 2512 2199 2567 acta

548 2621 598 2674 est
628 2609 709 2674 adeo
740 2608 960 2674 memorabilis
991 2620 1023 2673 et
1056 2607 1205 2690 salubris,
1241 2619 1286 2691 ut,
1322 2609 1400 2673 licet
1428 2611 1462 2673 in
1497 2610 1641 2674 omnium
1670 2608 1739 2673 fere
1769 2609 1915 2673 notitiam
1947 2607 2117 2695 propalata
2147 2610 2198 2690 sit,

549 2717 740 2803 dignissima
763 2727 872 2780 tamen
897 2716 1025 2797 existat,
1050 2738 1135 2802 quae
1160 2715 1202 2779 ad
1225 2716 1396 2780 utilitatem
1420 2725 1454 2780 et
1476 2715 1736 2780 aedificationem
1759 2715 1904 2781 fidelium
1919 2714 2034 2780 litteris
2050 2714 2198 2779 mandari
2218 2739 2245 2779 rs

549 2835 582 2888 et
604 2834 795 2888 cunctorum
819 2820 969 2886 sensibus
992 2821 1213 2886 sollertissime
1238 2821 1358 2887 debeat
1380 2821 1611 2886 commendari.

655 2947 728 3033 (ΙΙ)
767 2945 850 3010 Cum
875 2947 962 3010 enim
985 2947 1020 3009 in
1043 2957 1251 3011 sacrosancto
1275 2945 1470 3011 sacerdotali
1501 2957 1663 3011 conventu
1692 2947 1871 3033 inspirante
1894 2946 2048 3029 Domino,
2079 2947 2135 3033 qui
2164 2948 2199 3010 in

410 3078 527 3121 unser.
547 3054 677 3119 nomine
702 3076 761 3118 sno
784 3053 990 3139 congregatis
1015 3051 1158 3117 medium
1182 3075 1217 3116 se
1244 3053 1418 3118 affuturum
1443 3055 1598 3140 promisit,
1623 3053 1729 3117 clarus
1753 3053 1830 3116 fidei
1860 3075 1899 3117 ac
1922 3054 2069 3117 veritatis
2092 3053 2200 3139 fulgor

431 3131 507 3180 Μ’
548 3164 703 3249 aperitur,
726 3182 793 3223 non
816 3169 944 3246 oportet
966 3158 1113 3223 divinum
1136 3182 1253 3224 munus
1277 3158 1398 3245 obtegi,
1423 3160 1481 3224 sed
1505 3158 1547 3224 ad
1563 3159 1830 3224 illuminationem
1848 3160 2004 3224 ecclesiae
2022 3169 2055 3223 et
2069 3159 2198 3224 laudem

418 3291 529 3343 mmo,
548 3269 688 3332 nominis
711 3267 778 3330 Dei
807 3276 921 3352 aperta
948 3265 1021 3330 lnce
1053 3265 1202 3329 omnibus
1234 3265 1407 3348 declarari,
1438 3268 1509 3352 ipso
1539 3266 1681 3331 Domino
1712 3266 1858 3330 dicente:
1889 3266 1998 3353 Neque
2028 3268 2201 3332 accendam
2218 3291 2246 3329 ao

431 3346 464 3385 ω’
475 3345 508 3387 16'
550 3377 709 3440 lucernam
734 3389 762 3439 et
777 3388 903 3461 ponunt
924 3398 991 3437 eum
1015 3375 1071 3438 suh
1095 3374 1212 3452 modio,
1243 3374 1300 3437 sed
1325 3398 1422 3459 super
1452 3374 1686 3453 candelabrum,
1716 3387 1750 3437 ut
1779 3374 1881 3438 luceat
1903 3375 2056 3454 omnibus,
2086 3377 2199 3459 quiin

549 3484 640 3548 domo
662 3495 742 3546 sunt.
779 3480 835 3545 Sic
858 3481 1039 3545 lucentium
1061 3495 1163 3544 vestre
1186 3504 1292 3544 coram
1315 3480 1504 3560 homenibus,
1527 3495 1561 3544 nt
1583 3481 1712 3545 videant
1725 3505 1822 3568 opera
1838 3495 1939 3545 vestra
1956 3482 2036 3544 bona
2052 3495 2081 3545 et
2099 3482 2198 3569 plori-

541 3591 640 3676 flcent
657 3602 782 3674 patrem
807 3602 952 3667 omnam,
974 3591 1034 3673 qni
1054 3603 1099 3652 est
1121 3590 1155 3652 in
1178 3588 1284 3651 coelis.
1332 3586 1406 3649 Hac
1429 3586 1529 3671 igitur
1550 3587 1740 3668 intentione,
1767 3597 1803 3650 ut
1826 3586 1918 3650 Deus
1940 3587 2083 3673 inspicit,
2106 3609 2198 3673 prae-

548 3693 648 3758 fatam
672 3716 742 3758 rem
765 3692 973 3757 laudabiliter
1002 3704 1099 3778 atque
1130 3692 1253 3756 utiliter
1282 3703 1407 3778 gestam
1438 3694 1528 3756 tenui
1551 3692 1628 3757 licet
1651 3692 1791 3779 eloquio,
1822 3692 2014 3757 brevissime
2043 3704 2199 3779 quantum

547 3810 672 3886 potero,
695 3798 811 3863 litteris
835 3798 964 3864 tradere
989 3809 1021 3861 et
1044 3800 1170 3884 piorum
1195 3797 1339 3881 auribus,
1363 3796 1492 3862 Christo
1517 3799 1647 3863 domino
1671 3800 1859 3882 auxiliante,
1883 3799 2049 3865 inculcare
2066 3798 2198 3874 curabo.
2218 3821 2247 3861 rs

549 3906 647 3987 Quod
668 3908 846 3993 praecipue
870 3904 974 3987 nohis,
998 3904 1033 3968 id
1057 3917 1106 3968 est
1127 3907 1281 3969 universo
1306 3904 1393 3969 clero
1418 3905 1576 3969 eeclesiae
1599 3905 1838 3992 Lugdunensis,
1863 3907 2083 3971 necessarium
2109 3906 2197 3988 duxi,

547 4024 584 4077 ut
607 4035 746 4099 quorum
769 4012 851 4075 fides
876 4011 1032 4076 hactenus
1056 4011 1190 4075 infausti
1214 4023 1247 4074 et
1269 4011 1434 4076 fantastici
1458 4013 1576 4076 erroris
1591 4011 1711 4076 fabulis
1727 4011 1874 4099 improbe
1895 4012 2018 4077 afflicta
2040 4026 2090 4077 est
2112 4036 2199 4078 nnnc

550 4131 686 4206 patemo
710 4118 822 4182 adiuta
844 4140 884 4182 ac
908 4116 1060 4183 roborata
1082 4117 1237 4202 suffragio
1262 4127 1294 4181 et
1317 4119 1461 4182 evasisse
1487 4140 1521 4181 se
1545 4118 1688 4204 gaudeat
1711 4129 1745 4183 et
1767 4120 1896 4183 vicisse.

656 4243 743 4327 (Ill).
779 4242 904 4307 Auctor
926 4242 1022 4306 huius
1045 4241 1183 4307 inauditi
1208 4242 1451 4328 execrandique
1484 4244 1602 4306 erroris
1625 4242 1809 4307 Amalarius
1841 4242 1990 4308 omnibus
2022 4255 2115 4308 notus
2139 4255 2197 4308 est

548 4350 671 4416 Hicin
702 4361 826 4414 tantum
856 4350 1128 4435 praesumptionis
1159 4349 1276 4434 erupit,
1306 4359 1342 4411 ut
1372 4360 1481 4434 spreta
1509 4350 1743 4435 scripturarum
1772 4351 1920 4432 veritate,
1952 4350 2078 4415 calcata
2107 4373 2198 4414 sanc·
2218 4377 2246 4417 ao

549 4469 655 4522 torum
678 4467 806 4543 patrum
831 4456 1033 4536 auctoritate,
1058 4455 1206 4519 doctrina
1230 4453 1407 4518 damnabili
1432 4456 1654 4519 sinceritatem
1677 4454 1752 4519 fidei
1778 4455 1957 4520 catholicae
1974 4457 2148 4521 violaverit
2166 4470 2198 4522 et

549 4563 730 4650 simplicem
755 4562 996 4627 ecclesiasticae
1021 4560 1257 4625 observationis
1281 4561 1401 4624 cultum
1425 4560 1627 4626 fallaciarum
1651 4559 1780 4626 nebulis
1812 4562 1978 4627 involvere
2007 4587 2046 4629 ec
2070 4562 2197 4629 decolo-

548 4693 620 4735 rare
645 4692 743 4735 ausus
767 4670 817 4732 sit.
865 4668 972 4749 Quam
1004 4670 1182 4731 vanitatum
1214 4690 1344 4731 suarum
1377 4667 1563 4753 pestiferam
1593 4670 1772 4733 vanitatem
1803 4692 1867 4734 non
1897 4679 1964 4734 tam
1993 4671 2071 4735 viva
2100 4693 2198 4758 quam

548 4788 676 4842 mortua
698 4798 790 4856 voce,
815 4773 874 4838 sed
897 4785 929 4838 et
951 4773 1107 4839 librorum
1129 4774 1357 4859 multiplicium
1372 4777 1589 4839 monumentis
1605 4775 1702 4860 longo
1724 4777 1790 4840 iam
1806 4786 1964 4863 tempora,
1987 4776 2045 4842 ubi
2060 4788 2196 4864 poterat,

409 4906 528 4949 nmen.
547 4883 638 4948 velut
661 4894 748 4948 sator
774 4892 951 4947 nocuimus
982 4882 1088 4946 tritico
1120 4882 1191 4967 agri
1214 4880 1349 4944 Domini
1379 4882 1505 4945 zizania
1535 4883 1732 4946 interserens
1762 4882 1858 4970 longe
1889 4882 2019 4971 lateque
2050 4883 2195 4950 dissemi-
2215 4908 2243 4950 se

433 4961 507 5007 Μ’
548 4991 648 5069 navit,
672 4990 907 5075 scripturarum
929 4988 1121 5052 testimoniis
1146 4986 1283 5051 abutens
1307 4987 1349 5051 ed
1372 4987 1474 5051 aniles
1497 4989 1658 5075 inaeptias
1682 5011 1756 5053 suos
1773 5001 1806 5055 et
1821 4990 2050 5055 ortodoxorum
2069 5001 2195 5077 patrum

548 5097 725 5161 sententias
749 5106 905 5181 coaptans
929 5093 1048 5158 fabulis
1072 5096 1148 5158 suis.

655 5220 763 5308 (ΗΠ).
800 5219 920 5301 Sensit,
944 5221 1041 5282 immo
1065 5219 1224 5304 ingemuit
1247 5219 1308 5283 hoe
1331 5218 1452 5283 malum
1476 5241 1631 5306 praesens
1655 5220 1805 5303 ecclesia,
1829 5244 1903 5286 cum
1927 5223 1961 5286 in
1985 5220 2195 5287 celeberrimo

547 5325 813 5415 presbyterorum
844 5338 1021 5406 conventu,
1056 5325 1283 5411 praesentibus
1318 5326 1537 5412 corepiscopis
1573 5337 1606 5390 et
1636 5326 1935 5411 archidiaconibus,
1969 5327 2196 5415 praesentibus

654 5510 772 5561 Lemma:
799 5511 831 5560 In
851 5511 960 5560 nomine
980 5509 1085 5559 domini
1103 5511 1188 5559 nostri
1207 5505 1285 5570 (deest
1302 5507 1343 5570 M)
1365 5509 1431 5559 Iesu
1451 5509 1550 5559 Christi
1576 5511 1675 5576 incipit
1700 5510 1859 5577 opusculum
1884 5512 1917 5563 de
1938 5528 2021 5564 cansa
2039 5513 2102 5564 fidei
2121 5512 2196 5579 apud
2213 5525 2244 5566 to

549 5599 736 5651 Carisiacense
755 5601 944 5665 episcoporum
964 5598 1111 5649 concilium
1131 5614 1219 5663 nuper
1237 5599 1331 5648 habita
1351 5598 1381 5648 P.
1398 5598 1437 5666 M.

653 5688 676 5738 1.
707 5690 739 5738 12
758 5685 804 5749 (1.)
822 5683 882 5751 etc.)
899 5704 1015 5737 nummos
1032 5686 1169 5737 &dorsum
1187 5687 1350 5748 antenorem,
1369 5687 1458 5753 quiin
1477 5687 1502 5737 P
1517 5687 1615 5749 denunt,
1634 5689 1706 5739 une&
1723 5689 1878 5741 inclusimus.

654 5777 693 5827 11.
721 5779 751 5827 21
774 5775 967 5827 candelabrum
987 5775 1017 5826 P.
1092 5777 1125 5825 23
1145 5783 1187 5825 est
1203 5775 1270 5825 deest
1289 5775 1319 5825 P.
1393 5777 1426 5826 25
1446 5770 1552 5839 litteris]
1571 5779 1667 5828 ceteris
1687 5778 1724 5827 M.

656 5867 708 5916 IIL
738 5868 771 5916 35
791 5867 1009 5915 disseminaverit
1027 5864 1058 5915 P.
