4884 6717
729 551 780 608 50.
817 551 1035 609 COXCILIUM
1059 552 1288 608 PARISIENSE
1311 555 1348 607 A.
1370 551 1444 608 829.
1844 540 1907 608 637

257 760 311 800 nco
335 761 430 824 opero
456 765 601 803 vitoniano
627 743 694 804 cius
718 740 934 804 consideratis.
973 738 1055 803 Sunt
1072 750 1103 803 et
1127 738 1191 803 alia
1214 739 1349 803 huiusce
1373 740 1419 803 rei
1444 740 1614 803 innumera
1639 738 1801 824 exempla,
1826 762 1909 826 quae

256 856 429 930 perspecta
445 857 477 909 et
493 845 666 930 diligenter
681 845 910 909 animadversa
926 868 990 909 non
1008 845 1110 909 solum
1127 843 1361 926 sacerdotibus,
1378 867 1492 910 verum
1509 846 1608 910 etiam
1624 846 1743 910 ceteris
1758 845 1910 911 fidelibus

258 973 375 1036 magno
398 953 513 1016 terrori
537 953 601 1016 sint
624 975 758 1016 necesse
783 967 840 1033 est,
865 975 917 1026 ne,
942 951 1018 1016 dum
1035 952 1084 1016 his
1101 962 1215 1016 contra
1230 952 1280 1016 fas
1297 974 1331 1016 se
1348 951 1500 1034 subdunt,
1525 953 1652 1016 animae
1670 974 1748 1016 suae
1772 952 1910 1017 salutem

258 1056 441 1142 neglegant.
476 1058 617 1122 Proinde
642 1058 735 1123 nobis
759 1057 908 1122 omnibus
932 1061 965 1121 in
990 1081 1160 1122 commune
1178 1060 1284 1123 meum
1308 1059 1378 1140 fuit,
1403 1070 1448 1134 ut,
1473 1060 1500 1122 si
1525 1060 1579 1145 qui
1606 1058 1811 1124 sacerdotum
1835 1058 1910 1123 hac-

226 1176 351 1228 stenus
375 1163 425 1227 his
449 1164 647 1229 vanitatibus
672 1166 721 1229 usi
744 1165 884 1245 fuerunt,
909 1164 950 1229 ab
975 1164 1024 1228 his
1049 1164 1205 1252 deinceps
1221 1166 1365 1230 Domino
1383 1165 1559 1230 adiuvante
1576 1188 1708 1253 prorsus
1733 1188 1767 1230 se
1792 1187 1910 1230 cavere

259 1269 378 1334 debere
402 1273 618 1336 meminerint.

366 1395 468 1483 Cap.
505 1396 718 1460 XXXVIIII.
760 1395 824 1460 De
859 1396 1075 1476 feminis,
1111 1419 1225 1483 quas
1259 1419 1346 1461 uon
1383 1398 1598 1483 contigit
1633 1395 1910 1483 discipulas

259 1502 412 1567 fuisse
455 1514 498 1567 et
538 1501 1005 1568 sanctimonialibus
1046 1513 1213 1591 utpote
1254 1516 1431 1568 matres
1474 1503 1738 1590 spiritales
1772 1526 1910 1590 prae·

259 1610 276 1674 f
284 1611 294 1673 i
307 1632 325 1674 c
337 1611 348 1672 i
361 1633 382 1673 u
394 1621 512 1674 ntur.
548 1609 663 1689 Aliter,
688 1632 785 1697 quam
802 1610 914 1674 divina
930 1611 1105 1675 auctoritas
1122 1624 1154 1675 et
1173 1610 1289 1696 religio
1306 1608 1492 1675 Christiana
1507 1610 1613 1690 docet,
1638 1612 1754 1695 agitur,
1779 1609 1910 1696 quando

216 1738 242 1778 ro
259 1716 399 1781 feminae
423 1717 550 1781 arnissis
573 1718 663 1797 viris,
687 1728 821 1780 eatenus
845 1715 1019 1780 carnaliter
1040 1718 1200 1800 viventes,
1225 1728 1360 1804 repente
1386 1727 1418 1780 et
1441 1717 1510 1781 sine
1535 1715 1735 1804 probationis
1759 1718 1910 1781 examine

259 1823 301 1887 ad
332 1824 477 1908 regimen
507 1825 688 1887 animarum
718 1822 950 1909 pertrahuntur
978 1823 1276 1909 praeficiunturque
1312 1822 1613 1888 sanctimonialibus
1648 1835 1760 1910 utpote
1791 1832 1911 1887 matres

260 1930 419 2016 spiritales
431 1935 451 2011 ¹,
476 1953 557 2016 quas
573 1952 749 2016 numquam
765 1930 901 2015 contigit
917 1929 1062 1993 eiusdem
1079 1932 1236 2016 propositi
1254 1929 1430 2016 discipulas
1447 1931 1611 2012 extitisse,
1636 1930 1747 2016 fitque,
1771 1941 1807 1993 ut
1826 1950 1909 2016 quae

259 2036 341 2100 forte
365 2036 504 2101 feliciter
526 2035 724 2100 incedebant
753 2058 864 2100 earum
893 2036 1003 2122 pravis
1037 2035 1195 2122 exemplis
1219 2034 1450 2100 miserabiliter
1473 2048 1578 2101 ruant.
1625 2036 1715 2100 Dum
1738 2035 1788 2100 his
1811 2036 1912 2120 igitur

260 2155 315 2206 aut
338 2144 564 2228 generositatis
588 2155 644 2207 aut
667 2142 797 2207 honoris
822 2143 1008 2229 temporalis
1033 2155 1088 2206 aut
1112 2157 1199 2206 certe
1224 2142 1463 2207 mundanarum
1480 2142 1668 2208 divitiarum
1685 2165 1785 2207 causa
1800 2141 1909 2206 huius·

217 2271 242 2310 n
261 2249 387 2314 cemodi
404 2249 612 2336 praelationis
628 2249 731 2313 honor
747 2250 966 2328 committitur,
990 2248 1169 2314 verendum
1187 2259 1245 2329 est,
1270 2271 1311 2313 ne
1336 2250 1518 2313 animarum
1540 2250 1668 2314 illarum
1684 2250 1781 2314 fovea
1796 2250 1910 2313 ruinae

260 2370 481 2442 praeparetur,
506 2356 634 2420 dicente
652 2357 794 2420 Domino
810 2357 844 2419 in
861 2355 1048 2440 euangelio:
1078 2357 1175 2421 Coros
1198 2371 1300 2421 ιιιιιιιιι
1323 2359 1356 2420 ιι·
1376 2381 1444 2420 ccco
1469 2356 1614 2421 ducatum
1636 2360 1796 2444 praebeat,
1820 2358 1910 2422 ambo
1929 2376 2092 2427 ustuanti.

261 2466 294 2527 ιἰι
311 2465 444 2550 forcona
469 2464 594 2544 oodrrnt,
618 2475 650 2527 et
673 2485 732 2548 per
755 2461 964 2548 prophetam:
989 2462 1070 2548 Ipsi,
1094 2463 1209 2548 inquit,
1235 2476 1443 2548 represserant
1465 2478 1493 2526 ct
1515 2487 1574 2528 non
1599 2488 1638 2528 cot
1660 2489 1725 2545 mc,·
1741 2467 1911 2550 principes
1929 2483 2058 2534 oman.

261 2573 434 2650 astiterant,
458 2585 486 2635 ct
509 2595 568 2633 tion
592 2572 732 2656 copnori,
756 2570 914 2654 itemque:
939 2569 1014 2655 Ipsi
1027 2585 1174 2655 pastores
1199 2571 1422 2654 o'pnorarcrunt
1445 2570 1694 2656 intellegentiam.
1732 2567 1911 2655 Gregorius
1929 2592 2045 2644 ranan.

261 2677 294 2739 in
323 2674 406 2739 libro
437 2674 592 2762 pastorali
622 2674 716 2739 titulo
747 2676 866 2761 ptimo:
898 2680 1006 2738 Nulla²
1028 2703 1073 2739 ars
1102 2685 1193 2738 doceri
1217 2684 1409 2754 praesumitur,
1434 2684 1486 2738 nisi
1509 2685 1613 2739 intenta
1636 2686 1710 2756 prius
1732 2686 1910 2741 meditatione

215 2805 243 2846 aa
260 2794 386 2846 tliseatur.
432 2792 476 2847 Ab
500 2793 632 2862 imperitis
656 2809 722 2862 ergo
745 2792 883 2861 pastorale
906 2792 1091 2862 magisterium
1115 2809 1172 2862 qua
1195 2790 1349 2844 temeritate
1373 2791 1526 2861 srtscipitur,
1549 2793 1658 2863 quando
1682 2809 1726 2845 urs
1749 2804 1790 2846 est
1813 2793 1911 2847 artium

259 2900 381 2970 regimen
404 2899 577 2952 artistarum?
611 2887 694 2954 Sunt
716 2900 749 2952 et
771 2888 836 2952 alia
859 2888 960 2953 multa
982 2888 1173 2975 prophetica
1198 2901 1230 2951 et
1253 2888 1445 2972 evangelica
1465 2889 1649 2953 testimonia
1673 2900 1704 2952 et
1725 2901 1911 2954 sanctorum

259 3001 410 3083 patrum³
440 2995 537 3076 dicta,
568 3017 653 3081 quac
684 2994 909 3059 huiuscemodi
939 3017 1095 3082 personas
1125 2994 1287 3081 pastorale
1319 2996 1542 3080 magisterium
1572 2993 1680 3060 subire
1711 2996 1840 3060 nonnisi
1868 2994 1911 3061 ad

260 3125 350 3168 suam
374 3104 500 3167 ruinam
524 3103 742 3166 manifestant.
792 3101 878 3182 Quia
901 3125 978 3188 ergo
1003 3102 1083 3166 haec
1108 3124 1159 3164 res
1184 3101 1315 3165 divinae
1340 3102 1524 3166 auctoritati
1551 3124 1616 3166 non
1641 3101 1824 3184 concordat,
1855 3124 1910 3166 ne-

260 3232 351 3274 cesse
376 3220 425 3273 est
448 3222 483 3274 ut
506 3221 671 3290 caveatur,
699 3231 740 3272 ne
763 3209 846 3273 forte
871 3221 903 3272 et
926 3209 1138 3273 committenti
1162 3207 1278 3289 ethis,
1307 3205 1424 3293 quibus
1449 3210 1668 3290 committitur,
1692 3207 1820 3273 laestua
1843 3209 1910 3272 ani·

213 3338 241 3379 as
260 3339 384 3381 mamm
408 3317 589 3402 proveniat.

368 3439 471 3528 Cap.
507 3440 579 3504 XL.
633 3439 689 3505 Ut
726 3439 868 3504 vidue
912 3437 1213 3504 inconsultis
1257 3440 1509 3526 episcopis
1547 3462 1636 3504 non
1674 3440 1910 3505 velentur.

260 3546 485 3633 Comperimus
495 3553 517 3628 ⁴,
542 3545 629 3634 quod
653 3546 786 3633 quidam
809 3544 1094 3633 praesbyterorum
1119 3547 1248 3611 incaute
1273 3559 1306 3610 et
1329 3546 1586 3611 extraordinarie
1606 3545 1715 3610 velum
1739 3546 1911 3612 viduarum

259 3654 449 3720 inconsultis
480 3655 643 3740 episcopis
673 3655 739 3717 suis
770 3665 1009 3732 consecrarent,
1040 3664 1072 3716 et
1102 3651 1144 3716 ob
1174 3653 1208 3716 id
1237 3652 1342 3717 eidem
1367 3652 1516 3738 religioni
1540 3652 1668 3718 macula
1690 3652 1911 3738 ingerebatur,

260 3763 336 3848 quia
360 3761 482 3826 eisdem
506 3760 622 3825 velatis
646 3783 705 3846 per
729 3759 860 3824 diversa
882 3758 1026 3846 vagandi
1050 3761 1178 3824 occasio
1203 3758 1431 3845 praebebatur.
1475 3759 1519 3823 L't
1543 3769 1652 3823 autem
1675 3758 1782 3823 nullus
1806 3761 1910 3846 ponti·

213 3889 241 3930 ιι
258 3868 355 3932 ficum
371 3868 487 3933 viduas
502 3867 612 3933 velare
632 3867 821 3954 adtemptat,
846 3867 1005 3931 canonica
1029 3866 1228 3930 auctoritas⁵
1250 3864 1385 3930 inhibet.
1422 3865 1518 3947 Quod
1534 3889 1613 3930 uero
1634 3864 1839 3952 praesbyteri
1862 3869 1910 3931 iu·

259 3974 412 4039 consultis
437 3976 599 4061 episcopis
620 3975 686 4038 suis
703 3973 810 4038 velum
827 3973 998 4037 viduarum
1016 3994 1206 4036 consecrare
1224 3995 1289 4037 non
1305 3985 1503 4059 presumant,
1527 3995 1659 4058 prorsus
1675 3972 1908 4038 interdicimus.

259 4079 385 4162 Quodsi
421 4082 583 4167 quispiam
621 4078 906 4168 praesbyterorum
938 4078 1032 4142 huius
1071 4079 1308 4143 constitutionis
1341 4080 1576 4143 contumaciter
1605 4092 1826 4164 transgressor
1854 4102 1909 4143 ex·

259 4189 367 4269 titerit,
392 4189 548 4253 canonice
572 4187 784 4273 correptionis
808 4208 930 4273 poenas
953 4184 1028 4250 luet.

365 4310 459 4399 Cap.
485 4311 573 4376 XLI.
610 4311 701 4375 Dc⁶
730 4309 913 4397 puellis
943 4307 1228 4394 virginibus
1260 4331 1279 4371 a
1309 4307 1651 4395 praesbyteris
1683 4333 1769 4376 non
1800 4333 1909 4376 con·

213 4438 240 4480 as
258 4419 521 4484 sacrandis.
568 4416 784 4500 Quorundam
815 4415 918 4480 relatu
943 4415 1116 4480 didicimus
1141 4415 1298 4501 quosdam
1322 4414 1541 4502 praesbiteros
1565 4440 1643 4481 suae
1667 4440 1837 4482 mensurae
1862 4419 1908 4482 in-

363 4673 518 4722 xxxviii.
548 4674 563 4722 3
583 4680 685 4723 terrore
704 4670 735 4720 P.

364 4761 534 4812 XXXVIIII.
563 4757 635 4823 Set]
657 4760 780 4826 intelligas
800 4767 827 4810 ct
846 4775 925 4825 quae.
1012 4759 1172 4826 praeficiunt
1192 4758 1218 4810 V.
1304 4762 1335 4808 14
1356 4755 1439 4822 certe]
1460 4766 1531 4810 terre
1552 4759 1579 4809 V.
1662 4761 1694 4809 16
1713 4763 1860 4824 praebebat
1880 4761 1907 4812 V.

257 4853 290 4902 25
309 4845 461 4916 proveniat]
482 4858 597 4916 proveat
616 4850 642 4899 V.

363 4940 420 4989 XL.
449 4941 483 4989 26
502 4941 642 4991 inconsuis
661 4935 692 4988 P.
766 4940 799 4989 29
819 4938 983 5003 praebeatur
1001 4934 1032 4986 P.
1105 4940 1140 4988 30
1158 4938 1307 5002 adtemptat
1327 4930 1357 4986 P.
1432 4939 1465 4988 33
1485 4937 1559 4989 lucet
1579 4937 1605 4988 Γ.

211 5167 239 5206 ⁴⁰
367 5149 396 5230 1)
422 5155 472 5226 Cf.
492 5155 602 5213 concilii
618 5153 858 5230 Aquispranensis
875 5156 937 5214 816
958 5153 1022 5210 inst.
1042 5161 1132 5210 sanct.
1153 5173 1176 5209 c.
1196 5156 1215 5211 7
1221 5176 1232 5223 ,·
1255 5173 1345 5228 supra
1363 5175 1397 5229 p.
1415 5157 1477 5213 sta
1488 5174 1548 5229 sqq.
1621 5149 1650 5228 2)
1676 5153 1833 5231 Gregorius
1852 5155 1906 5226 lt,

257 5265 368 5341 Bepala
386 5262 545 5338 pastoralia
567 5261 588 5318 1
606 5266 683 5328 c.1‚·
707 5259 781 5335 Opp
799 5259 838 5326 II.
855 5263 886 5319 2.
966 5255 996 5330 3>
1022 5258 1071 5331 Cf.
1096 5260 1144 5335 qui
1166 5261 1322 5316 laudantur
1345 5260 1373 5317 in
1398 5281 1421 5316 c.
1441 5263 1460 5318 7
1482 5261 1562 5316 inodo
1585 5263 1707 5336 allepato
1731 5261 1908 5320 incantationis

255 5369 519 5437 suncamoniub'um,
540 5367 698 5444 Greporiits
719 5367 761 5423 lt.
781 5367 928 5424 sciliceta
947 5365 1100 5425 Caesarius
1118 5366 1307 5434 Arelutcttais;
1325 5386 1415 5441 supra
1428 5387 1462 5441 p.
1479 5370 1614 5443 IIQaqq.
1684 5361 1716 5446 4)
1742 5367 1789 5439 Cf.
1808 5368 1907 5425 relatio

257 5477 448 5552 episcoporum
473 5495 495 5531 c.
514 5477 570 5543 ta·
593 5476 612 5530 l.
635 5476 652 5530 I.
675 5474 715 5544 II,
732 5477 783 5533 42.
807 5504 851 5512 -
874 5473 906 5528 V.
931 5474 1013 5530 etium
1037 5473 1161 5548 capitolo
1184 5472 1220 5528 ab
1244 5472 1380 5548 episcopis
1402 5473 1430 5528 in
1449 5472 1557 5547 placito
1576 5475 1730 5531 mactanda
1747 5478 1810 5535 829
1828 5494 1852 5531 c.
1867 5479 1889 5534 2
1896 5497 1907 5544 ;

259 5581 333 5642 ltG.
360 5581 452 5658 Capit.
478 5581 557 5650 11,7
580 5577 801 5654 (lls't'ltlbnclrcr²
825 5601 854 5637 ιι.
870 5579 955 5655 861).
1070 5574 1100 5655 5)
1134 5578 1183 5650 Cf.
1209 5579 1322 5635 decreto
1347 5577 1457 5636 Gelasit'
1479 5599 1503 5636 c.
1528 5583 1564 5639 13
1588 5573 1702 5654 (Juffe'·
1712 5581 1751 5637 K.
1775 5603 1804 5638 n.
1823 5577 1905 5656 636),

211 5698 239 5739 ⁴⁶
257 5691 334 5748 cuias
357 5689 451 5757 verbm
475 5688 546 5745 aicta
568 5708 603 5746 ea
625 5688 753 5764 repatuit
776 5689 903 5744 Karolus
920 5687 963 5744 lt.
984 5688 1012 5744 in
1036 5686 1226 5743 adtrectatione
1245 5685 1376 5761 pancrati
1398 5688 1459 5744 1⁹89
1483 5707 1507 5743 c.
1525 5691 1565 5744 59
1588 5681 1677 5760 (liti.
1696 5687 1789 5763 Capit.
1806 5688 1831 5758 1,
1848 5691 1890 5746 57
1896 5710 1906 5756 ;

257 5793 464 5854 atrabatum
487 5816 517 5852 ιι.
534 5791 616 5870 300),
640 5815 730 5870 srtpro
742 5795 892 5869 paulisper
907 5801 1013 5850 irrrttotot
1029 5800 1190 5849 occurrunt.
1233 5793 1265 5847 V.
1283 5791 1364 5848 etiarn
1387 5811 1461 5867 qttac
1476 5794 1517 5849 ad
1531 5793 1628 5849 concil.
1653 5793 1830 5852 Tritiotoaa
1843 5798 1906 5854 895

255 5924 278 5961 c.
295 5908 337 5963 25
353 5898 441 5978 (ΜΘ.
461 5900 554 5978 Capit.
571 5901 612 5972 ΙΙ,
628 5906 693 5961 227
703 5897 759 5977 sq.)
776 5909 895 5958 annotat
917 5900 949 5955 V.
968 5900 1093 5956 Krousa.
1164 5893 1194 5974 6)
1213 5897 1262 5970 Cf.
1280 5898 1378 5955 ralatio
1395 5898 1586 5975 cpiscoporum
1604 5921 1627 5956 c.
1641 5904 1699 5968 48;
1723 5902 1777 5957 tt.
1795 5901 1836 5972 II,
1852 5906 1904 5962 42.
