4884 6717
684 524 736 581 44.
772 523 990 581 CONCILIUM
1015 525 1241 582 PARISIENSE
1264 524 1301 579 A.
1322 521 1396 579 825.
1801 521 1863 583 511

214 721 345 774 fortitudo
375 721 506 776 scinditur
534 739 626 792 neque
655 722 746 793 gloria
775 721 910 775 dividitur.
957 721 1033 776 Sient
1062 721 1134 775 enim
1167 739 1241 792 quae
1271 729 1347 774 tenet
1378 729 1470 775 nomer
1496 722 1665 792 principatus
1693 729 1721 776 et
1744 733 1868 793 potestas

214 846 278 894 una,
307 828 344 881 sie
376 837 404 881 ct
433 845 506 898 qnae
536 845 603 899 erga
632 846 683 881 nos
711 827 876 898 glorificatio
905 845 961 882 uria
984 834 1013 882 et
1035 845 1090 882 non
1113 828 1227 892 multae,
1256 828 1387 899 quoniam
1416 828 1543 898 imaginis
1573 828 1660 883 honor
1690 829 1725 882 ad
1748 830 1865 900 primam

214 935 329 988 tonnam
352 934 458 988 transit.

320 1031 402 1095 Item
427 1033 531 1096 sancti
546 1031 662 1096 Basilii
685 1033 719 1095 in
736 1030 874 1118 epistola
893 1032 935 1096 ad
951 1032 1113 1096 Iulianum
1136 1033 1366 1118 imperatorem
1390 1033 1505 1095 missa:
1530 1037 1707 1096 Seermdum¹
1731 1042 1769 1110 id,
1792 1045 1867 1113 quod

182 1147 341 1202 edivinitus
363 1149 467 1217 datam,
489 1147 700 1203 haereditariam
729 1148 818 1216 nobis,
848 1149 1042 1202 inmaculatam
1067 1147 1280 1202 (bristiarrormn
1304 1146 1387 1202 fidem
1411 1146 1544 1202 confiteor
1566 1156 1595 1202 et
1617 1149 1755 1219 promitto,
1784 1151 1867 1204 eredo

214 1254 241 1308 in
265 1273 347 1309 unum
370 1255 461 1308 llenm
485 1261 591 1325 patrem
616 1255 839 1325 omnipotentem,
863 1255 953 1309 licum
975 1263 1092 1325 patrem,
1114 1255 1206 1308 Deum
1230 1254 1324 1322 lilimn,
1355 1255 1446 1309 Deum
1470 1254 1598 1325 Spirimm
1622 1263 1756 1324 sanetum,
1784 1274 1867 1310 unum

213 1361 312 1416 Deum.
354 1362 433 1415 Haec
456 1362 508 1415 tria
531 1363 616 1415 adoro
641 1369 670 1415 et
691 1360 824 1432 glorifico.
866 1361 1006 1416 Confiteor
1024 1371 1116 1416 autem
1135 1371 1164 1416 et
1182 1360 1231 1415 lilii
1255 1361 1388 1416 incarnati
1406 1361 1639 1431 dispensationem
1662 1369 1690 1416 et
1714 1363 1767 1417 Dei
1790 1363 1866 1434 geni·

212 1467 319 1530 trieem,
347 1484 420 1538 quae
443 1469 591 1523 secundum
614 1486 723 1522 cantem
747 1486 810 1522 curn
832 1469 937 1538 genirit,
963 1477 1085 1522 sanctam
1110 1468 1233 1522 Mariam.
1280 1466 1404 1538 Suscipio
1434 1485 1499 1523 vero
1530 1478 1557 1522 et
1584 1477 1694 1523 sanctos
1716 1469 1867 1539 apostolos,

213 1574 363 1644 prophetas
387 1583 415 1628 et
436 1583 572 1646 niartyres
599 1583 627 1630 et
657 1575 693 1628 ad
717 1576 808 1629 Deum
837 1575 1068 1645 deprecationem,
1099 1592 1171 1645 quae
1201 1593 1251 1645 per
1274 1592 1322 1628 eos
1349 1603 1384 1611 —
1411 1575 1517 1628 scilicet
1540 1576 1594 1629 illis
1616 1575 1799 1630 mediantibus
1826 1604 1862 1614 -

170 1697 197 1737 to
213 1681 422 1751 propitiatorem
444 1682 509 1735 milri
533 1669 618 1735 efficit
640 1681 917 1736 misericordissimum
934 1682 1024 1735 Deum
1040 1691 1068 1734 et
1082 1681 1267 1735 remissionem
1291 1682 1356 1735 mihi
1380 1682 1532 1736 facinormn
1556 1683 1715 1750 condonari,
1737 1701 1787 1752 pro
1811 1699 1866 1752 quo

215 1786 368 1859 attigeras
390 1788 537 1858 imaginum
561 1806 655 1842 eorum
678 1789 783 1843 honoro
807 1796 835 1841 et
857 1789 952 1854 adoro,
975 1788 1132 1857 specialiter
1154 1787 1206 1841 hoe
1230 1788 1358 1842 traditum
1382 1797 1438 1841 tam
1456 1807 1473 1841 a
1489 1789 1589 1843 sanctis
1612 1789 1745 1858 apostolis
1768 1796 1796 1841 et
1811 1806 1866 1842 non

213 1894 389 1965 prohibitum,
411 1895 459 1948 sed
484 1895 511 1949 in
533 1895 658 1949 omuibus
681 1895 805 1950 ecelesiis
828 1895 928 1948 nostris
951 1912 1044 1948 comm
1068 1894 1244 1963 designantes
1266 1895 1417 1949 historiam.

323 1991 406 2056 Item
429 1992 499 2078 ipse
524 1992 557 2055 in
581 2014 730 2056 sermone
755 2004 941 2057 sanctorum
965 1991 1027 2056 XL
1050 2004 1245 2078 martyrum:
1272 1998 1365 2055 Nam²
1388 2013 1416 2054 et
1438 2001 1573 2056 bellorum
1597 2002 1748 2072 trirrmplios
1763 2021 1796 2056 se
1813 2002 1866 2055 vic·

215 2108 304 2163 atriae
327 2118 355 2162 et
377 2126 531 2162 sennonem
554 2109 752 2179 conscriptores
775 2109 932 2162 multotiens
955 2117 982 2161 ct
1005 2108 1123 2178 pictores
1146 2107 1310 2178 significant,
1334 2109 1446 2179 qnidam
1470 2117 1561 2162 auteur
1586 2108 1669 2162 verbo
1693 2110 1869 2178 adoptantes,

172 2230 199 2272 tt
216 2216 328 2285 quidam
351 2232 417 2269 varo
440 2214 542 2268 tabulis
563 2215 771 2286 praesignantes
793 2221 822 2268 et
844 2216 944 2269 multos
967 2223 1083 2285 uterque
1106 2216 1143 2268 ad
1166 2215 1322 2269 virilitatem
1347 2219 1544 2269 excitarermrt,
1580 2215 1660 2280 Quae
1683 2215 1755 2269 euim
1779 2232 1868 2270 sermo

216 2321 346 2376 historiae
369 2339 420 2391 per
442 2322 574 2392 audimm,
596 2322 666 2375 haee
690 2321 844 2392 conscripta
867 2322 951 2376 silens
974 2323 1124 2375 admonitio
1146 2340 1197 2392 per
1220 2322 1399 2376 imitationem
1421 2323 1598 2376 demonstrat.

324 2417 407 2483 Item
430 2419 534 2483 sancti
558 2418 740 2482 Athanasii.
775 2418 991 2504 Interrogatio
1015 2418 1169 2483 Antiochi
1193 2418 1235 2483 ad
1260 2431 1407 2483 sanetum
1431 2419 1647 2483 Athanasium
1671 2442 1730 2506 pro
1754 2420 1866 2502 imagi-

216 2523 328 2588 nibus:
361 2524 546 2605 Quomodo,
578 2525 632 2589 lex
663 2535 696 2589 et
725 2526 902 2611 prophetae
932 2524 1096 2590 diceutes:
1128 2525 1271 2589 ‘Statuas
1302 2536 1334 2588 et
1364 2525 1591 2589 similitudines
1621 2547 1686 2588 non
1715 2525 1866 2590 adoretis'

217 2654 318 2718 quare
348 2654 426 2717 ergo
450 2653 508 2694 vos
532 2632 639 2696 facitis
666 2633 825 2717 imagines
857 2644 889 2696 et
916 2631 1058 2696 adoratis
1082 2631 1163 2695 cas?
1208 2632 1389 2717 Responsio
1412 2632 1600 2696 Athanasii:
1632 2639 1716 2696 >loni
1738 2653 1770 2696 ut
1793 2643 1869 2697 Deos

172 2764 199 2804 re
216 2748 350 2818 imagines
371 2750 526 2816 adoramus,
554 2766 605 2802 nos
633 2748 731 2802 fideles
754 2749 823 2803 sieut
845 2749 956 2819 pagani.
1000 2749 1088 2803 Absit.
1135 2749 1190 2802 Sed
1213 2751 1402 2802 tantummodo
1425 2750 1527 2803 all'ectu
1551 2758 1580 2802 et
1608 2749 1730 2804 caritatis
1759 2758 1868 2803 nostrae

216 2855 325 2908 anirnae
355 2857 391 2909 ad
420 2855 524 2910 vultum
554 2855 636 2910 faciei
666 2856 800 2926 imagines
827 2863 1002 2926 apparentes.
1049 2856 1129 2912 Unde
1160 2856 1300 2910 rriultoties
1330 2857 1407 2910 snitu
1436 2857 1530 2911 deleto
1553 2857 1622 2910 sient
1644 2857 1747 2926 lignum
1771 2875 1868 2926 purum

217 2969 302 3032 atque
326 2979 479 3028 eonntmne,
501 2962 556 3016 iam
579 2962 653 3033 qnod
677 2962 778 3016 dudum
801 2962 893 3016 fuerat
914 2963 1016 3031 irnsgo,
1039 2963 1229 3016 eortrbnrimus.
1276 2963 1350 3016 Sicut
1374 2963 1446 3016 euim
1472 2963 1555 3016 laceb
1585 2963 1759 3033 aproximans
1789 2962 1867 3017 morti

217 3068 401 3122 summitatem
430 3069 524 3138 virgae
552 3069 651 3139 Ioseph
683 3069 817 3136 adoravit,
846 3087 901 3122 non
930 3069 1034 3138 virgam
1058 3069 1250 3134 horrorificaus,
1280 3070 1327 3123 sed
1351 3070 1398 3139 qui
1423 3087 1485 3124 eam
1508 3070 1630 3134 tenebat,
1659 3069 1697 3122 sic
1721 3076 1749 3124 et
1771 3069 1869 3124 fideles

216 3193 271 3229 non
294 3192 344 3246 pro
367 3175 461 3245 aliquo
485 3175 540 3228 alio
563 3176 644 3230 modo
667 3176 800 3246 imagines
822 3177 977 3238 adoramus,
1000 3193 1054 3229 non
1076 3193 1126 3245 pro
1150 3176 1286 3230 desiderio
1310 3175 1403 3246 effigie
1426 3177 1576 3231 declarata.

172 3298 199 3338 ss
327 3272 410 3336 Item
434 3269 521 3336 beati
546 3270 662 3358 Cyrilli
686 3271 901 3337 Alexandrini
934 3274 1079 3358 episcopi
1103 3273 1135 3336 in
1159 3296 1308 3338 sennenn
1332 3273 1466 3338 Matthei
1491 3273 1732 3359 evangelistae:
1763 3283 1867 3353 Depin-

216 3384 310 3460 gitur⁴
334 3388 406 3442 cuim
429 3386 507 3454 fides,
530 3389 605 3458 qumi
629 3388 656 3442 in
679 3388 767 3442 sonna
783 3389 836 3442 Dei
856 3389 948 3443 existit
969 3388 1092 3458 rethma,
1114 3389 1181 3443 sieut
1206 3399 1234 3444 et
1258 3399 1367 3444 rannac
1387 3390 1461 3444 sitae
1485 3391 1671 3461 redemptione
1694 3390 1804 3445 oblatus
1827 3397 1869 3445 est

217 3496 280 3550 lieo
303 3495 452 3549 secundum
475 3503 595 3548 nostr-am
619 3494 820 3549 similitudinem
844 3495 953 3549 indutus
976 3503 1005 3549 et
1026 3495 1116 3552 factam
1139 3496 1230 3550 homo.

323 3592 367 3656 Et
389 3590 476 3654 idem
499 3592 569 3676 ipse
593 3602 667 3677 post
690 3613 812 3677 pauca:
845 3597 1020 3671 lmaginum⁶
1049 3602 1129 3656 nobis
1159 3603 1271 3672 explent
1301 3621 1370 3672 epm
1402 3603 1555 3672 parabolae
1584 3602 1792 3675 significantium
1817 3603 1868 3657 vir·

216 3717 312 3772 mrem,
341 3708 459 3772 cuidam,
487 3708 626 3777 quomodo
656 3717 685 3761 et
712 3709 852 3762 oculorum
881 3709 1004 3762 adhiberi
1035 3717 1063 3762 et
1093 3710 1208 3780 palpatu
1240 3727 1336 3763 arianus
1367 3709 1470 3774 afferri,
1501 3711 1528 3763 iu
1560 3710 1690 3778 vestigiis,
1722 3710 1869 3780 mentibus,

171 3830 200 3872 to
217 3814 444 3885 inapparabilitcr
466 3813 571 3867 habeus
593 3814 733 3868 visionem.

323 3911 405 3975 Item
429 3911 532 3974 sancti
557 3909 689 3997 cyrilli:
715 3917 972 3986 Qtreruadmodum⁰
995 3922 1141 3994 iruaginem
1165 3923 1228 3993 quis
1250 3924 1422 3992 designatam
1446 3924 1589 3978 iocundam
1606 3925 1766 3994 respexerit,
1789 3925 1867 3977 mira·

216 4028 288 4082 bitur
311 4029 423 4098 quidem
446 4027 518 4098 regis
541 4026 666 4096 iigtrram,
690 4035 717 4081 et
741 4045 814 4098 (puae
837 4028 885 4082 illo
905 4039 1035 4099 apparet:
1060 4029 1128 4082 haec
1145 4038 1173 4081 et
1190 4029 1248 4082 eius
1263 4049 1378 4083 trinsecus
1393 4031 1620 4100 eorrscriptionem
1636 4031 1740 4100 pariter
1755 4048 1869 4086 remens

216 4134 410 4200 delectabitur,
432 4141 461 4188 ut
485 4134 572 4204 ipsum
596 4153 690 4202 regern
714 4135 840 4204 aspiciat,
864 4136 896 4189 et
919 4137 1037 4189 cetera.

324 4231 406 4294 Item
430 4231 533 4295 saneti
557 4230 745 4316 Epyplranii
770 4232 916 4318 episcopi
940 4230 1149 4297 Corsstantiae
1168 4233 1288 4320 Cyprit
1314 4238 1443 4298 Εῐεηιίιηἶ
1466 4245 1644 4314 suspensores
1660 4263 1710 4315 pro
1726 4263 1770 4314 eo,
1792 4245 1868 4317 quod

172 4365 200 4406 ss
217 4347 321 4402 habent
345 4347 488 4418 imagines,
510 4365 564 4400 nrm
588 4348 643 4399 dns»
666 4356 727 4400 suist
751 4348 941 4417 imperatores,
963 4349 1012 4402 sed
1034 4349 1184 4419 imperator
1206 4367 1275 4404 uuus
1298 4369 1359 4404 cum
1383 4351 1511 4420 imagine.

323 4444 405 4508 Item
436 4445 539 4507 sancti
565 4442 722 4529 Stephani
753 4445 899 4530 episcopi
929 4444 1068 4509 Bostrou
1098 4445 1139 4510 ad
1170 4445 1328 4532 quosdam
1360 4447 1400 4511 de
1433 4446 1630 4532 imaginibus
1664 4459 1866 4513 sanctorum:

218 4559 284 4614 lle*l
307 4560 472 4631 mraginihns
495 4567 650 4614 sanemrmn
674 4558 845 4622 condidimus,
868 4561 997 4630 quioniam
1021 4581 1101 4616 omne
1125 4581 1203 4633 opus,
1226 4564 1300 4632 qnod
1324 4561 1353 4615 fit
1377 4565 1403 4618 in
1429 4564 1480 4618 liei
1504 4565 1623 4634 ironiine,
1652 4565 1752 4619 boumn
1775 4575 1817 4618 est
1840 4575 1867 4620 et

217 4677 348 4722 salictum,
383 4667 466 4721 Aliml
491 4675 532 4720 cst
556 4667 626 4720 enirn
651 4667 741 4736 imago
765 4675 794 4720 et
815 4667 890 4721 aliud
913 4669 1097 4730 simulam-mn,
1120 4670 1146 4723 id
1171 4677 1212 4723 est
1237 4671 1428 4724 statunculum.
1463 4673 1580 4736 Quaudo
1597 4673 1668 4726 euim
1686 4673 1762 4726 Deus
1778 4673 1867 4726 Adam

216 4774 373 4844 plasmavit,
395 4773 524 4828 vilelicet
547 4782 574 4828 ct
597 4774 729 4838 condidit,
752 4774 876 4828 dicebat:
903 4773 1057 4830 Faciarnns
1080 4774 1214 4832 dorrtiuem
1239 4776 1281 4830 nrt
1302 4775 1450 4852 irrrapinern
1469 4786 1595 4833 ›rostranr
1612 4785 1638 4833 et
1651 4776 1866 4845 similitudinem,

171 4975 200 5017 to
326 4967 469 5016 ltenetur
488 4964 523 5026 P;
541 4965 718 5015 coraemni.
794 4969 825 5015 ltl
846 4965 889 5015 lex
908 4992 944 4999 -
963 4966 1084 5017 dicentes
1103 4966 1197 5016 stomin.
1215 4965 1290 5016 ebwl.
1364 4970 1397 5018 39
1417 4967 1586 5019 condidisset
1605 4967 1635 5018 Ρ.

328 5130 355 5198 1)
380 5127 580 5199 Pa-Basilius,
613 5128 744 5204 Epistola
768 5132 846 5198 360;
878 5127 951 5204 Opp.
977 5129 1082 5187 Basilii
1104 5129 1161 5200 111,
1184 5134 1257 5189 402.
1306 5129 1355 5201 Cf.
1381 5130 1531 5188 Hadriani
1553 5132 1642 5207 epist,
1675 5131 1775 5188 silensi
1797 5132 1867 5202 XII,

217 5239 307 5295 1065.
357 5234 461 5293 Concil.
486 5234 606 5293 Νἱεαεη.
631 5244 686 5292 act.
711 5235 777 5306 JV,
802 5236 866 5292 ibid.
892 5235 977 5306 XIII,
1004 5240 1054 5296 72.
1147 5237 1177 5304 2)
1202 5235 1338 5306 Basilius,
1363 5237 1488 5294 Hersilia
1512 5237 1596 5295 XIX.
1621 5237 1649 5294 in
1673 5238 1868 5315 quampiam

216 5351 357 5416 martyres
378 5334 403 5420 §
417 5348 454 5412 2;
480 5343 553 5418 Opp.
571 5343 611 5414 ΙΙ,
629 5347 697 5403 149.
747 5343 796 5414 Cf.
820 5343 971 5400 Hadriani
993 5343 1082 5419 epist,
1110 5343 1209 5400 Mansi
1231 5343 1301 5413 ΧΠ,
1326 5346 1415 5402 1067.
1501 5345 1532 5412 3)
1557 5345 1742 5415 Athanasius,
1769 5345 1864 5409 Quae·

215 5447 318 5506 stiones
333 5450 375 5505 ad
385 5448 549 5506 Anderitum
565 5457 671 5524 quaest.
686 5453 743 5517 39;
760 5449 835 5525 (app.
852 5450 895 5506 ed.
910 5447 1087 5506 Gimtiaiaai
1096 5448 1136 5520 11,
1149 5454 1221 5508 225.
1255 5448 1305 5523 Cf.
1318 5450 1468 5508 Hadriani
1483 5451 1572 5526 (prist,
1592 5452 1664 5509 MG.
1681 5451 1757 5527 Epp.
1772 5451 1804 5521 V,
1819 5455 1865 5511 31.

171 5573 198 5613 tt
220 5555 251 5622 4)
278 5555 365 5611 Hune
394 5564 420 5612 et
442 5557 511 5612 (dms
539 5555 733 5631 adaequantes
763 5557 837 5614 loros
866 5556 940 5612 inter
968 5576 1057 5632 opera
1083 5555 1183 5630 cyrilli
1205 5556 1326 5627 fnestra
1356 5557 1495 5633 quaesivi;
1521 5558 1635 5633 primus
1663 5553 1696 5632 (I.
1713 5553 1867 5633 25—27)

216 5662 317 5738 lepitar
345 5661 375 5718 in
402 5661 552 5719 Hadriani
580 5663 706 5737 mutale,
739 5663 839 5720 diensi
861 5663 930 5732 XII,
956 5667 1046 5724 1068.
1147 5663 1178 5732 5)
1203 5663 1321 5720 Ibidern.
1369 5663 1418 5735 Cf.
1452 5663 1533 5720 Libri
1556 5663 1686 5722 Carolini
1706 5663 1743 5721 11
1767 5684 1791 5720 e.
1814 5669 1866 5723 2⁰.

218 5767 249 5838 6)
281 5766 399 5844 Lepino
420 5767 449 5823 in
474 5767 624 5826 Hadriani
645 5768 771 5844 epistola,
798 5767 871 5827 Ma.
897 5769 974 5845 Epp.
998 5770 1097 5840 1233.
1189 5771 1220 5839 i)
1253 5770 1370 5847 Legitur
1392 5770 1421 5827 in
1445 5770 1596 5828 Hadriani
1617 5770 1744 5846 epistola,
1770 5770 1870 5828 Mansi

216 5873 287 5944 XII,
305 5878 394 5936 1069.
486 5875 517 5945 8)
541 5874 633 5946 Ibid.,·
656 5875 1004 5946 t.l.XJI,1069.1072
1028 5871 1094 5952 (col.
1111 5880 1192 5937 1070
1202 5898 1246 5953 sq.
1270 5877 1396 5934 amnone
1421 5875 1537 5935 Graeca
1560 5873 1759 5955 occupanmr).

1887 2966 1917 3004 et.
1925 2965 1983 3006 Gen.

1901 3019 1976 3068 that.

1886 4796 2013 4846 (tamt.
