4884 6717
1084 476 1136 530 44.
1173 473 1392 531 CONCILIUM
1415 474 1643 531 PARISIENSE
1667 476 1703 530 Α.
1725 473 1799 530 825.

987 671 1029 727 Ut
1052 672 1269 743 circumseptam
1292 670 1468 741 praescripto
1491 670 1581 725 limite
1604 670 1744 726 flammam

989 777 1089 834 Sidere
1114 785 1144 833 ct
1168 778 1294 849 extingui
1317 777 1432 833 fremitu
1455 778 1593 832 moriente
1617 779 1712 849 coegit

986 885 1025 939 Et
1048 886 1144 939 cinere
1170 891 1296 940 exortam
1319 884 1407 939 cineri
1430 902 1558 938 remeare
1582 884 1744 955 procellam.

988 990 1104 1055 Quanta
1126 991 1216 1047 crucis
1239 991 1344 1045 virtus!
1376 991 1417 1046 Ut
1440 1009 1471 1046 se
1495 998 1596 1045 natura
1618 992 1772 1062 relinquat,

989 1097 1091 1153 Ormria
1112 1098 1190 1170 ligna
1212 1115 1313 1153 vorans
1337 1097 1413 1169 ligno
1437 1099 1526 1152 crucis
1549 1098 1641 1152 uritur
1663 1098 1745 1168 ignis.

988 1205 1080 1261 Multa
1101 1223 1200 1260 manus
1225 1205 1331 1260 crebris
1354 1213 1422 1259 tune
1444 1205 1494 1259 illa
1516 1206 1648 1259 incendia
1671 1205 1744 1258 vasis

987 1314 1153 1385 Aspergens
1175 1312 1262 1383 largis
1285 1312 1420 1382 cupiebat
1444 1313 1558 1365 vincere
1583 1311 1711 1382 limphis3

988 1418 1045 1474 Sed
1069 1420 1138 1474 licet
1162 1419 1306 1474 exhaustis
1329 1425 1485 1491 pensarent
1508 1417 1635 1472 fontibus
1658 1419 1773 1485 imbres,

988 1526 1023 1580 Vi
1047 1526 1151 1582 maiore
1175 1531 1272 1581 tamen
1295 1515 1600 1595 lassis'spargentihus
1623 1543 1733 1580 omnem

989 1633 1105 1688 Vicerat
1128 1633 1199 1704 ignis
1222 1649 1334 1703 aquam.
1381 1631 1440 1684 Nos
1463 1631 1540 1702 ligno
1564 1632 1753 1704 extinguimus
1777 1632 1881 1704 ignem,

990 1738 1138 1810 Quaruque
1162 1757 1238 1810 aqua
1260 1756 1315 1793 non
1338 1744 1453 1812 poterat
1475 1738 1544 1792 vicit
1566 1739 1660 1793 brevis
1683 1743 1777 1794 astula
1798 1738 1946 1794 flammam.

723 1854 845 1919 Contra
868 1876 934 1936 eos,
959 1855 1014 1940 qui
1034 1854 1163 1939 signum
1179 1865 1312 1918 sanctae
1330 1853 1436 1917 crucis
1452 1853 1485 1916 in
1501 1853 1720 1917 testimonium
1737 1853 1921 1936 adsumunt,
1945 1864 1981 1918 ut
2003 1855 2050 1918 cis
2073 1855 2121 1918 ita
2143 1854 2269 1919 licitum

615 1964 657 2026 sit
680 1962 816 2026 adorare
840 1962 999 2046 imagines
1023 1961 1119 2024 sicuti
1141 1960 1265 2045 lignum
1289 1972 1421 2023 sanctae
1447 1961 1563 2024 crucis.

723 2067 872 2133 Cultores
903 2067 1002 2152 igitur
1030 2067 1210 2152 imaginum
1240 2068 1494 2147 venerationem,
1525 2066 1749 2131 adorationem
1773 2089 1838 2130 ¹seu
1872 2066 2102 2131 exaltationem
2136 2077 2267 2132 sanctae

616 2175 723 2240 crucis
746 2175 780 2238 in
804 2173 1025 2238 defensionem
1050 2195 1164 2237 sensus
1188 2174 1238 2237 sui
1262 2195 1428 2259 opponere
1452 2173 1538 2238 soliti
1554 2186 1638 2254 sunt,
1663 2196 1722 2238 cur
1736 2196 1800 2237 non
1817 2174 1863 2237 ita
1878 2173 2037 2259 imagines
2054 2174 2138 2238 sicut
2154 2196 2268 2238 cruces
2289 2196 2316 2236 rs

616 2281 746 2346 adorari
768 2280 876 2345 liceat.
917 2279 1044 2360 Quibus
1067 2281 1172 2366 primo
1196 2279 1459 2366 respondendum
1482 2289 1540 2360 est,
1566 2281 1643 2366 quia
1658 2278 1806 2344 Christus
1829 2302 1895 2343 non
1918 2281 1951 2344 in
1974 2281 2128 2364 imagine,
2153 2279 2211 2344 sed
2234 2282 2268 2344 in

617 2410 714 2452 cruce
738 2386 894 2472 suspendi
920 2385 1027 2472 clegit,
1059 2387 1190 2473 quando
1214 2409 1318 2470 genus
1342 2387 1518 2451 humanum
1542 2387 1701 2451 redimere
1725 2386 1837 2469 voluit,
1869 2397 1901 2450 et
1930 2385 2004 2450 ideo
2028 2397 2141 2450 sancta
2165 2399 2269 2451 mater

616 2494 758 2559 ecelesia
780 2504 846 2559 toto
871 2493 949 2558 orbe
974 2506 1133 2558 terrarum
1157 2495 1242 2558 inter
1273 2504 1382 2558 cetera
1411 2494 1583 2557 innumera
1613 2493 1719 2557 crucis
1750 2504 1965 2593 sacramenta,
1996 2515 2080 2579 quae
2104 2516 2124 2557 a
2147 2496 2268 2558 sanctis

615 2599 762 2689 patribus
786 2600 1007 2687 multipliciter
1029 2600 1125 2686 longe
1148 2599 1278 2686 lateque
1302 2623 1362 2686 per
1384 2601 1572 2664 universum
1602 2600 1757 2665 mundum
1790 2611 1979 2664 enumerata
2008 2611 2092 2682 sunt,
2124 2600 2270 2666 decrevit

615 2708 741 2772 licitum
772 2729 843 2771 esse
867 2708 1028 2771 universis
1059 2705 1227 2771 catholicis
1258 2705 1299 2771 ob
1331 2729 1474 2771 amorem
1506 2707 1604 2771 solius
1635 2708 1795 2793 passionis
1820 2706 1952 2786 Christi,
1984 2705 2181 2794 ubicumque
2212 2730 2269 2772 eas
2290 2728 2318 2768 so

617 2814 766 2896 viderint,
790 2814 988 2895 inclinando,
1012 2815 1041 2877 si
1063 2813 1236 2894 voluerint,
1260 2816 1410 2877 venerari
1435 2826 1467 2877 et
1490 2815 1623 2900 insuper
1647 2813 1699 2876 die
1724 2824 1848 2894 sanct0,
1873 2835 1937 2899 quo
1961 2815 2069 2900 passio
2085 2813 2220 2879 Domini
2235 2816 2270 2879 in

615 2922 769 2986 universo
792 2919 913 2984 mundo
938 2920 1125 3007 specialiter
1148 2919 1343 3002 celebratur,
1374 2944 1447 2985 cum
1472 2922 1559 2984 omui
1582 2919 1756 2984 devotione
1780 2922 1969 2985 universum
1993 2921 2140 2985 ordinem
2164 2944 2270 2985 sacer·

617 3027 759 3093 dotalem
782 3049 841 3091 seu
864 3037 1018 3091 cunctum
1040 3027 1195 3115 populum
1220 3039 1417 3113 prostratum
1442 3026 1589 3091 adorare.
1624 3026 1755 3090 Deinde
1780 3028 1878 3091 etiam
1901 3026 1981 3091 illud
2005 3027 2190 3113 specialiter
2204 3051 2271 3092 non

617 3145 731 3199 contra
752 3133 840 3198 licite
865 3133 1034 3216 habentes,
1059 3134 1118 3198 sed
1142 3145 1256 3198 eontra
1278 3135 1437 3199 inlicitum
1461 3133 1581 3198 cultum
1605 3132 1802 3219 imaginibus
1826 3132 2020 3197 exhibentes
2040 3134 2271 3221 opponendum

618 3253 677 3323 est,
702 3239 790 3328 quod
813 3239 1002 3327 supradicta
1025 3240 1219 3305 universalis
1237 3240 1376 3305 ecclesia
1391 3254 1457 3304 tam
1475 3242 1576 3305 sacris
1592 3240 1735 3304 fontibus
1752 3240 1974 3305 consecrando
1992 3263 2153 3328 quamque
2171 3243 2270 3305 etiam
2292 3268 2319 3307 ss

616 3346 823 3433 baptizandis
846 3347 899 3411 vel
922 3346 1096 3434 baptizatis
1121 3347 1235 3412 eodem
1260 3349 1352 3434 signo
1377 3359 1509 3412 sanotae
1535 3348 1640 3411 crucis
1665 3347 1888 3433 consignando
1904 3346 1957 3411 vel
1973 3346 2198 3412 benedicendo
2223 3349 2271 3412 uti

618 3455 764 3520 decrevit
787 3456 994 3541 omniumque
1017 3455 1094 3519 fidei
1119 3455 1298 3520 catholicae
1323 3453 1501 3520 cultoribus
1525 3454 1647 3518 frontes
1672 3467 1704 3517 et
1727 3464 1861 3539 pectora
1885 3477 1944 3518 sua
1966 3465 2041 3540 post
2063 3453 2271 3518 abrenuntia-

617 3564 739 3627 tionem
763 3572 895 3625 satanae
919 3563 1047 3648 pompis
1072 3571 1104 3625 et
1127 3562 1281 3648 operibus
1306 3564 1374 3626 cius
1399 3562 1582 3626 certissima
1605 3560 1668 3624 lide
1697 3571 1809 3624 contra
1838 3583 1950 3624 omues
1980 3562 2116 3626 insidias
2148 3560 2273 3625 diaboli

618 3670 743 3733 munire
768 3667 878 3733 docuit
901 3667 1075 3755 gladioque
1100 3668 1348 3755 inexpugnabili
1365 3668 1496 3732 dextras
1514 3677 1704 3731 cunctomm
1719 3666 1864 3731 fidelium
1881 3690 2007 3732 armare
2025 3668 2157 3732 studuit.
2192 3668 2270 3748 Dic,

617 3798 749 3862 quaeso,
782 3786 894 3839 contra
924 3776 974 3839 fas
1005 3775 1263 3840 ecclesiasticum
1293 3775 1446 3840 adorator
1475 3775 1663 3859 imaginum,
1696 3773 1775 3859 quid
1805 3773 1868 3838 tale
1900 3773 1953 3838 vel
1984 3774 2059 3838 huic
2091 3774 2194 3839 simile
2227 3774 2271 3839 ab
2293 3801 2321 3840 so

617 3881 758 3946 ecclesia
788 3881 949 3947 catholica
979 3884 1013 3946 in
1043 3893 1110 3947 toto
1141 3882 1219 3946 orbe
1248 3895 1406 3946 terrarum
1431 3881 1470 3945 de
1494 3879 1692 3966 imaginibus
1717 3882 1878 3945 sancitum
1902 3881 1976 3945 est?
2023 3881 2065 3945 Et
2087 3882 2165 3946 licet
2188 3882 2271 3946 baec

617 4012 737 4074 magna
759 3990 833 4070 sint,
858 3988 937 4075 quid
961 3990 1001 4054 de
1026 3989 1271 4053 consecratione
1289 3990 1433 4075 corporis
1453 4002 1486 4052 et
1504 3988 1672 4072 sanguinis
1696 3986 1818 4050 domini
1841 3989 1943 4052 nostri
1965 3988 2040 4052 Iesu
2058 3987 2179 4053 Christi
2202 3988 2271 4053 dic-

617 4097 681 4160 turi
705 4119 824 4175 sumus,
850 4118 933 4182 quae
957 4107 1095 4182 utraque
1119 4098 1153 4159 in
1177 4097 1279 4160 sacris
1302 4097 1475 4160 missarum
1500 4093 1686 4174 sollemniis
1718 4117 1760 4157 ex
1791 4118 1854 4179 quo
1884 4096 2067 4158 consecrari
2092 4097 2271 4182 coeperint,

618 4203 778 4288 usquein
802 4201 899 4265 finem
923 4224 1006 4288 pene
1032 4204 1101 4265 sine
1126 4203 1364 4266 intermissione
1389 4204 1495 4266 crucis
1519 4199 1686 4286 signaculo
1710 4199 1973 4265 benedicuntur?
2016 4202 2085 4265 Nee
2110 4215 2159 4266 est
2182 4205 2270 4289 quis·

618 4330 716 4394 quam
739 4320 804 4372 tam
829 4309 960 4394 sapiens
983 4308 1037 4372 vel
1060 4308 1228 4395 insipiens,
1260 4311 1316 4395 qui
1346 4307 1411 4372 ullo
1442 4308 1538 4373 modo
1570 4308 1654 4371 hanc
1685 4309 1962 4372 consecrationem
1993 4307 2087 4372 aliter
2115 4332 2150 4372 se
2173 4332 2271 4396 posse
2292 4334 2322 4373 ss

617 4415 772 4501 perficere
795 4414 869 4478 Deo
897 4414 1017 4500 placite
1048 4427 1245 4501 praesumat,
1277 4417 1339 4479 nisi
1370 4415 1432 4478 boc
1463 4437 1592 4501 semper
1622 4413 1766 4477 eiusdem
1798 4426 1930 4479 sauctae
1963 4417 2069 4479 crucis
2100 4416 2271 4501 signaculo

618 4543 811 4586 consecrare
829 4521 966 4584 studeat.
1003 4521 1091 4601 Quid
1116 4522 1213 4585 etiam
1237 4522 1322 4586 sicut
1345 4521 1384 4586 de
1410 4522 1562 4586 universo
1586 4521 1727 4585 humano
1746 4542 1877 4604 genere,
1901 4523 1948 4586 ita
1970 4545 2054 4607 pene
2078 4522 2119 4585 de
2144 4524 2271 4587 cunetis

617 4627 751 4692 humani
774 4629 903 4713 generis
929 4626 1082 4713 operibus
1106 4649 1164 4691 seu
1188 4628 1360 4692 cotidianis
1385 4626 1511 4692 actibus
1536 4629 1606 4720 eius
1630 4626 1875 4713 complectendo
1900 4627 2009 4692 dicere
2029 4627 2211 4692 valebimus
2234 4631 2271 4693 in

617 4733 777 4814 omnibus
802 4757 865 4820 que
889 4734 953 4817 die,
977 4745 1083 4816 nocte,
1108 4756 1213 4817 mane,
1238 4757 1375 4821 vespere
1400 4746 1498 4798 et-
1522 4733 1636 4798 melius
1660 4734 1797 4799 fortasse
1822 4734 2000 4798 dicitur—
2019 4737 2271 4823 omnitempore

617 4863 715 4926 agere
740 4841 934 4905 consuevit?
982 4840 1071 4922 Quid
1095 4852 1153 4923 est,
1185 4841 1273 4928 quod
1295 4841 1329 4904 in
1353 4841 1403 4904 his
1427 4839 1587 4923 omnibuS,
1618 4840 1706 4927 quod
1736 4839 1939 4906 adsalutem
1963 4843 2032 4906 eius
2056 4843 2125 4906 sive
2150 4844 2182 4906 in
2207 4842 2272 4907 hoc
2292 4865 2324 4905 so

618 4946 748 5012 saeculo
773 4948 841 5011 sive
865 4948 899 5011 in
923 4948 1031 5012 futuro
1054 4949 1217 5033 pertinere
1241 4948 1353 5035 possit,
1379 4948 1448 5011 sine
1474 4948 1619 5011 eiusdem
1644 4949 1749 5012 crucis
1769 4948 1937 5032 signaculo
1952 4949 2108 5034 incipere,
2133 4949 2271 5013 actitare

616 5053 668 5117 vel
693 5076 916 5118 consummare
940 5053 1045 5117 velit?

723 5178 816 5242 Haec
840 5177 900 5242 tibi
924 5178 1091 5258 hactenuS,
1123 5179 1302 5263 imaginum
1325 5180 1352 5241 si
1377 5179 1449 5264 quis
1473 5201 1508 5242 es
1531 5178 1725 5243 indiscretus
1749 5178 1862 5260 cultor,
1894 5189 1926 5243 et
1949 5179 2031 5243 haec
2054 5178 2114 5243 tibi
2137 5181 2273 5244 inantea

617 5296 761 5365 econtra,
786 5286 812 5348 si
837 5286 909 5370 quis
934 5307 969 5348 es
993 5286 1213 5370 intemperans
1237 5285 1429 5349 distractor:
1454 5285 1528 5348 vide
1553 5308 1593 5349 ne
1617 5285 1698 5350 haec
1723 5285 1858 5349 audiens
1881 5298 1975 5373 putes
1995 5287 2169 5351 temeritati
2192 5297 2271 5352 tuae

617 5388 783 5455 licentiam
808 5390 888 5472 dari,
914 5405 949 5454 ut
972 5389 1169 5477 ubicumque
1193 5413 1258 5455 non
1281 5403 1414 5477 propter
1436 5392 1594 5456 inlicitum
1619 5392 1750 5474 cultum,
1783 5393 1842 5457 sed
1870 5402 2003 5480 propter
2033 5392 2209 5458 discretum
2236 5406 2273 5459 et
2292 5415 2324 5454 rs

723 5662 848 5711 Lxxvl.
877 5664 891 5713 'l
911 5664 1059 5728 cupiebant
1078 5662 1108 5713 P.

725 5752 758 5800 12
785 5746 895 5815 Contra]
916 5752 1006 5816 Caput
1024 5752 1097 5800 XIV.
1113 5751 1283 5817 praemittunt
1299 5751 1355 5801 edd.
1449 5755 1481 5801 14
1506 5751 1700 5804 exaultationem
1720 5753 1750 5803 P.
1841 5757 1875 5804 43
1899 5749 1987 5817 Haec]
2010 5753 2099 5821 Caput
2117 5754 2175 5805 XV.
2193 5773 2274 5820 prue-

616 5838 720 5889 ms'ttunt
735 5838 792 5888 edd.
