4884 6717
544 521 608 583 730
961 529 1012 584 so.
1049 528 1268 585 concursu
1291 511 1621 591 scurscnaus'uss
1645 527 1683 582 s.
1702 526 1777 582 sss.

648 714 715 778 Nos
746 715 855 799 igitur,
887 713 1066 778 fidelissimi
1099 719 1266 779 oratores¹
1295 716 1397 779 vestri
1428 713 1605 799 salutisque
1636 724 1765 776 vestrae
1797 725 1957 778 amatores
1982 713 2194 794 devotissimi,

540 821 686 884 misimus
710 819 897 884 celsitudini
920 833 1048 884 vestrae
1072 843 1132 907 per
1154 821 1360 885 venerabiles
1388 821 1514 900 fratres,
1538 819 1732 883 Aldricum²
1754 818 1908 883 videlicet
1932 818 2195 884 Cenomannicae

541 925 632 991 urbis
653 939 685 990 et
700 927 986 991 Hercbinradum3
1001 929 1202 992 Parisiorum
1219 930 1430 1015 coepiscopos
1446 939 1585 1008 nostros,
1609 925 1773 1012 quandam
1790 925 2008 1004 scandalunt,
2034 925 2196 1012 quaedam

540 1056 583 1097 ex
607 1036 799 1098 auctoritate
830 1035 1000 1098 ministerii
1031 1036 1133 1098 nostri
1164 1035 1320 1099 salutaria
1349 1035 1472 1098 monita
1502 1034 1731 1097 continentem.
1779 1030 1842 1096 Oui
1873 1035 1950 1118 quia
1980 1032 2021 1095 dc
2044 1034 2194 1118 negotiis,

541 1139 627 1203 unde
650 1150 793 1204 vestram
818 1140 1075 1225 magnitudinem
1100 1141 1338 1221 admonuimus,
1363 1141 1548 1205 testimonia
1571 1151 1755 1202 sanctarum
1780 1140 2022 1224 scripturarum,
2054 1141 2227 1203 vitantess

541 1246 626 1311 illius
649 1247 880 1332 prolixitatem,
905 1248 1079 1311 adnectere
1104 1250 1321 1334 nequivimus
1346 1247 1423 1311 utile
1447 1247 1733 1331 necessariumque
1757 1245 1984 1327 iudicavimus,
2017 1255 2053 1309 ut
2076 1247 2109 1309 in
2132 1245 2195 1310 hoc

541 1353 698 1440 opusculo
722 1377 762 1417 ea
785 1353 931 1417 breviter
959 1355 1188 1418 adnotaremus
1219 1367 1413 1440 vestraeque
1445 1352 1695 1438 prudentissime
1727 1352 1889 1415 sollertiae
1920 1351 2061 1437 legenda
2090 1355 2195 1416 mitte-

540 1483 659 1542 remus,
690 1472 735 1540 ut,
767 1462 795 1523 si
825 1461 906 1524 forte
938 1463 1099 1547 quispiam
1131 1459 1262 1525 obicere
1292 1461 1432 1524 voluerit
1462 1459 1555 1540 haec,
1588 1481 1671 1544 quac
1702 1457 1796 1522 vobis
1827 1460 2026 1544 scripsimus,
2057 1481 2121 1522 non
2153 1482 2194 1523 cx

542 1568 735 1631 auctoritate
752 1567 864 1631 divina
881 1582 1040 1648 constare,
1065 1568 1123 1631 scd
1142 1570 1248 1654 potius
1273 1565 1406 1630 arbitrio
1431 1565 1538 1630 cordis
1562 1567 1673 1647 nostri,
1698 1567 1795 1628 immo
1812 1566 1988 1651 cupiditate
2006 1576 2039 1630 et
2054 1567 2195 1651 quadarn

544 1673 775 1737 adinventione
801 1686 1017 1738 commentata
1042 1697 1123 1754 esse,
1152 1675 1202 1738 his
1225 1674 1318 1738 lectis
1343 1685 1440 1758 atque
1464 1673 1632 1758 perpensis
1657 1671 1825 1735 evidenter
1848 1683 2005 1757 agnoscat
2028 1695 2086 1736 nos
2110 1695 2194 1758 quae
2215 1695 2240 1733 ιο

542 1781 607 1844 Dei
631 1791 706 1843 suut
729 1791 761 1843 et
784 1781 825 1845 ad
849 1795 990 1844 vestram
1021 1781 1233 1845 salvationem
1264 1781 1317 1844 hic
1350 1792 1382 1843 et
1406 1781 1438 1843 in
1463 1789 1630 1842 aeternum
1661 1790 1693 1841 ct
1723 1777 1766 1841 ad
1796 1779 1890 1862 regni
1913 1778 2006 1842 vobis
2031 1781 2194 1843 commissi

542 1884 806 1968 stabilimentum,
831 1911 865 1950 se
890 1899 998 1951 autem
1023 1910 1071 1968 ea,
1097 1911 1180 1973 cquae
1205 1887 1317 1951 mundi
1342 1898 1416 1950 sunt
1440 1888 1575 1971 eiusque
1599 1895 1759 1948 amatores
1784 1885 1923 1970 diligunt
1946 1898 1978 1949 et
1993 1886 2059 1949 Dei
2082 1885 2194 1950 volun·

542 1995 600 2057 tati
636 2016 869 2079 usquequaque
905 1997 1068 2058 contraria
1103 1996 1246 2059 existunt
1281 2005 1312 2058 et
1347 1993 1389 2056 ad
1429 1994 1609 2055 animarum
1648 1992 1812 2055 interitum
1851 1993 2031 2077 pertinent,
2070 1991 2194 2079 absque

542 2098 642 2164 dubio
666 2099 764 2185 loqui.

650 2241 676 2305 I.
717 2243 799 2307 Sunt
823 2244 907 2305 enim
937 2242 1092 2322 nonnulli,
1119 2244 1174 2329 qui
1197 2253 1371 2328 propterea
1394 2241 1476 2305 haec
1499 2253 1565 2304 tam
1589 2252 1711 2304 temere
1727 2240 1902 2327 loquuntur
1919 2253 1951 2304 ct
1972 2242 2004 2303 in
2027 2239 2193 2306 baratrum
2214 2269 2239 2308 rs

542 2348 755 2434 cupiditatum
790 2372 920 2412 suarum
955 2349 1184 2414 miserabiliter
1218 2347 1382 2430 labuntur,
1418 2371 1456 2411 co
1493 2347 1581 2433 quod
1613 2347 1798 2412 divinorum
1829 2359 2056 2433 preceptorum
2091 2361 2194 2412 trans-

542 2477 708 2540 gressores
744 2467 941 2540 sanctaeque
974 2456 1037 2519 Dei
1075 2456 1233 2520 ccclesiae
1270 2455 1522 2519 dehonoratores
1559 2465 1656 2540 atquc
1691 2453 1909 2539 expoliatores
1944 2478 2008 2517 non
2042 2457 2194 2519 continuo

542 2563 726 2647 puniantur,
751 2585 816 2624 non
840 2562 1135 2626 animadvertentes
1159 2585 1266 2648 neque
1290 2562 1551 2625 animadvertere
1575 2560 1732 2640 volentes,
1758 2560 1843 2646 quod
1860 2561 1951 2624 Deus
1972 2561 2095 2625 nullum
2119 2585 2194 2648 pec-

542 2679 650 2731 catum
681 2669 817 2732 inultum
849 2669 1040 2732 dimissurus
1071 2671 1121 2732 sit.
1169 2667 1289 2732 Tribus
1320 2669 1429 2753 itaque
1461 2666 1565 2731 modis
1595 2677 1733 2752 peccata
1763 2667 1945 2730 mortalium
1976 2668 2194 2750 vindicantur,

365 2773 668 2846 1‚c02.11,sr.du0bus
693 2777 726 2838 in
750 2775 812 2839 hac
837 2776 913 2852 vita,
945 2776 1046 2838 torcio
1076 2798 1155 2838 vcro
1179 2777 1212 2839 in
1247 2774 1356 2838 lutura
1378 2775 1456 2837 vita.
1503 2774 1555 2837 Dc
1588 2773 1714 2837 duobus
1745 2774 1790 2837 ita
1814 2773 1979 2859 apostolus
2003 2775 2125 2861 inquit:
2158 2775 2241 2840 St‘so

541 2886 746 2967 rsossnetr'psos
776 2883 1035 2961 iudicaremmus,
1066 2909 1086 2946 u
1111 2883 1249 2946 Domino
1281 2908 1341 2946 non
1373 2882 1597 2946 *ittdicnbimun
1646 2880 1739 2943 Haec
1763 2889 1813 2943 est
1839 2880 1995 2960 vindicta,
2027 2905 2124 2967 quam
2148 2883 2191 2945 in·

542 2989 685 3073 spirante
709 2989 782 3052 Deo
807 2990 911 3051 omnis
936 3000 1091 3074 peccator
1112 3012 1170 3074 pro
1196 2990 1264 3051 suis
1288 2990 1449 3052 ammissis
1474 2986 1670 3073 paenitendo
1694 2988 1727 3049 in
1751 3009 1785 3050 se
1809 2988 1880 3072 ipso
1904 2988 2059 3052 vindicat.
2100 2988 2196 3068 Quod

406 3104 649 3165 insinuantem
674 3105 866 3180 prosecutus
890 3095 976 3158 idem
1002 3094 1167 3180 apostolus
1192 3097 1306 3158 infert:
1343 3097 1420 3159 Onna
1445 3095 1627 3159 iudicamur
1650 3110 1762 3174 autent,
1786 3122 1806 3159 u
1830 3095 1967 3159 Donu'no
1992 3098 2196 3182 corrqn‘nmr,

542 3217 657 3265 utnon
682 3227 748 3264 cnm
774 3203 830 3265 hoc
855 3201 969 3265 tntttsdo
987 3202 1181 3281 deurerentur,
1206 3202 1287 3264 haec
1312 3211 1362 3264 est
1385 3200 1540 3280 vindicta,
1565 3222 1662 3286 quam
1679 3202 1883 3286 omnipotens
1899 3201 1991 3265 Deus
2015 3203 2195 3266 misericor·

381 3312 452 3403 5231:
461 3311 521 3413 ,³333
542 3308 626 3372 diter
649 3309 814 3393 peccatori
838 3308 966 3392 inrogat
989 3309 1080 3372 iuxta
1110 3306 1207 3371 illud:
1240 3308 1328 3371 Deus
1358 3333 1447 3392 quern
1478 3322 1565 3371 nutat
1593 3310 1745 3393 corripit,
1767 3308 1917 3395 stupellut
1944 3323 2046 3372 atatem
2077 3334 2193 3373 onznern
2212 3333 2240 3372 ss

534 3417 655 3501 filium,
679 3440 768 3500 quem
793 3418 915 3500 recipit.
964 3414 1083 3478 Tereia
1110 3426 1218 3477 autem
1250 3425 1340 3476 extat
1370 3412 1467 3476 valdo
1498 3413 1759 3498 pertimescenda
1788 3425 1885 3500 atque
1917 3413 2079 3496 terribilis,
2111 3437 2195 3500 quae

541 3544 607 3584 non
630 3522 664 3584 in
688 3521 759 3602 boc,
784 3520 840 3584 sed
865 3522 898 3582 in
922 3521 1030 3584 futuru
1054 3521 1230 3583 iustissimo
1254 3519 1319 3583 Dei
1344 3518 1464 3582 iudicio
1488 3519 1544 3583 fiet
1567 3519 1708 3598 saecul0,
1734 3519 1863 3606 quando
1887 3522 1989 3584 iustus
2009 3521 2108 3585 iudex
2129 3521 2194 3586 dic·

363 3648 523 3698 uanoaun.
541 3637 633 3691 turus
664 3640 728 3690 est:
766 3628 928 3691 Dt'sccdt'te
959 3654 979 3690 a
1010 3652 1067 3707 me,
1099 3627 1271 3706 rnnledr'ctt',
1303 3630 1336 3691 in
1367 3630 1470 3712 t'pnem
1501 3642 1669 3707 aeteruum,
1705 3631 1764 3713 qui
1787 3643 1922 3713 paratus
1945 3643 1989 3692 est
2018 3629 2145 3693 diabolo
2169 3643 2197 3692 et

541 3735 664 3821 capelia
687 3737 763 3799 eius.

648 3856 692 3919 II.
732 3857 767 3920 Si
791 3859 888 3937 enim,
920 3869 956 3921 ut
979 3855 1088 3920 verbis
1118 3855 1205 3920 beati
1229 3856 1429 3942 Augustini⁵
1451 3868 1589 3934 utamur,
1622 3859 1824 3942 onrnipotens
1849 3858 1940 3921 Deus
1971 3860 2079 3923 omnia
2109 3858 2194 3922 mala
2212 3883 2240 3923 so

542 3961 724 4026 mortalium
756 3964 789 4026 in
820 3963 881 4026 boc
914 3962 1044 4027 saeculo
1075 3962 1262 4044 iudicasset,
1294 3985 1500 4049 nequaquam
1531 3962 1678 4026 homines
1705 3963 1790 4027 male
1815 3977 1947 4049 agentes
1978 3965 2065 4029 diem
2095 3966 2194 4029 futuri

541 4068 656 4132 iudicii
678 4071 955 4155 pertimescerent.
994 4070 1117 4133 Rursus
1142 4071 1169 4132 si
1193 4069 1283 4133 nulla
1307 4069 1489 4133 mortalium
1514 4069 1600 4133 mala
1623 4071 1657 4132 in
1681 4070 1741 4133 hoc
1765 4071 1895 4134 saeculo
1918 4071 2105 4150 iudicasset,
2129 4095 2195 4135 non

540 4187 709 4262 putaretur
732 4199 784 4239 res
815 4199 929 4239 curare
961 4176 1129 4239 humanas.
1175 4174 1304 4239 Idcirco
1329 4175 1491 4261 quaedam
1521 4175 1644 4239 iudicat
1674 4177 1707 4238 in
1732 4176 1792 4241 hoc
1816 4176 1955 4257 saecule,
1986 4191 2021 4242 ut
2044 4177 2195 4242 videatur

542 4284 611 4346 eius
642 4283 788 4369 piissima
819 4282 1026 4368 providentia
1056 4292 1089 4346 et
1118 4281 1343 4345 misericordia
1373 4283 1516 4367 gratuita
1546 4280 1643 4345 rebus
1674 4283 1842 4347 consulere
1873 4283 2040 4368 humanis3
2071 4285 2193 4349 idcirco

542 4389 704 4476 quaedam
734 4413 799 4453 non
829 4389 962 4470 iudicat,
994 4389 1052 4453 sed
1083 4390 1190 4453 futuro
1222 4399 1368 4453 reservat
1398 4387 1532 4468 iudicio,
1564 4398 1598 4452 ut
1626 4389 1772 4452 homines
1803 4390 1843 4453 dc
1874 4391 1982 4455 futuro
2012 4403 2195 4457 terreantur
2212 4416 2239 4456 ss

542 4498 702 4560 examine.

651 4717 661 4763 l
684 4715 854 4764 devotissimi
874 4713 905 4763 L.
988 4716 1004 4763 2
1025 4709 1153 4777 misimus]
1173 4716 1331 4764 miseramus
1352 4729 1438 4778 nuper
1456 4713 1555 4764 Bas.
1574 4713 1612 4763 M.
1698 4721 1912 4779 per—nostros
1931 4715 2022 4765 dnunt
2040 4716 2066 4766 B
2075 4720 2099 4766 ’2.
2113 4719 2138 4767 3.
2158 4717 2194 4766 Μ.

542 4803 743 4853 cenomanicae
764 4802 823 4853 Bt.
904 4805 919 4852 3
939 4799 1105 4866 seaedulam]
1133 4802 1266 4854 scidulsm
1287 4801 1347 4864 Ba,
1367 4801 1507 4853 scedulam
1526 4801 1586 4853 B3.
1667 4804 1683 4852 s
1706 4803 1907 4867 acquisivimus
1925 4803 1957 4854 L.
2042 4807 2073 4854 12
2093 4803 2195 4856 stabili·

542 4886 669 4955 mentum]
689 4894 823 4956 pertinere
841 4892 902 4942 add.
922 4891 982 4942 B3.
1002 4893 1039 4942 M.

649 5001 671 5049 Ι.
701 5002 732 5049 15
759 4995 783 5063 I]
808 5001 836 5049 in
862 5000 984 5065 eapitibm
1001 4999 1185 5064 distinguendis
1203 4999 1309 5049 codicem
1330 4998 1497 5049 tbloninm
1515 4998 1648 5063 sequimur,
1673 5006 1783 5063 respecta
1808 5007 1890 5049 tantm
1913 5001 2030 5051 vadente
2055 5000 2195 5062 initiorum,
2212 5021 2241 5060 ιο

541 5106 604 5154 quae
621 5089 649 5138 in
667 5089 752 5138 ceteris
769 5089 839 5139 codd.
859 5090 1031 5140 inueniuntur.
1069 5089 1184 5155 ›Sinyulis
1203 5088 1314 5138 numam
1331 5088 1390 5138 ltine
1408 5088 1468 5138 inde
1486 5089 1537 5151 cup
1551 5087 1732 5152 praemittitur,
1758 5088 1824 5153 quod
1848 5106 1925 5154 aeque
1948 5090 2099 5155 negleximus
2123 5101 2196 5157 atquae

541 5178 631 5227 multos
648 5178 676 5226 in
694 5178 866 5228 numeratione
883 5178 993 5243 capitum
1012 5195 1114 5227 errores.
1171 5176 1298 5227 locuntur
1316 5176 1377 5226 Ba.
1391 5181 1416 5227 3.
1429 5177 1466 5226 M.
1524 5178 1555 5225 18
1575 5171 1833 5241 animadvertentes]
1847 5179 1937 5227 anima
1950 5180 2123 5231 advertentes
2136 5180 2195 5230 Ba

542 5262 769 5330 animadvertere]
795 5267 904 5318 adnima
930 5269 1071 5317 advertere
1091 5266 1150 5316 Ba
1242 5267 1273 5316 21
1302 5259 1492 5328 iudicabimur]
1518 5265 1703 5315 iudicaremur
1720 5282 1733 5315 e
1750 5283 1817 5316 corr.
1835 5267 1872 5316 Μ.
1964 5269 1997 5319 22
2023 5270 2148 5318 admissis
2167 5285 2197 5318 a

542 5357 648 5406 amissis
666 5373 730 5405 corr.
750 5348 786 5406 M.
860 5359 893 5406 25
913 5373 992 5407 omns
1014 5359 1040 5407 t'.

650 5463 688 5512 11.
717 5463 1025 5528 sanguninem.
1098 5465 1132 5512 32
1152 5461 1225 5511 mala
1242 5461 1309 5511 deest
1327 5461 1387 5512 B3.
1406 5461 1443 5511 M.
1516 5463 1550 5511 33
1570 5478 1613 5512 res
1634 5477 1728 5512 curare
1747 5462 1838 5512 desunt
1856 5463 1893 5513 M.
2212 5480 2241 5519 ss

653 5662 682 5730 l)
706 5624 741 5717 V,
754 5681 827 5736 quae
841 5681 931 5735 supra
945 5682 978 5736 p.
995 5665 1062 5720 473
1078 5681 1147 5717 ann.
1165 5663 1181 5719 1
1199 5659 1349 5717 attulimus.
1427 5659 1457 5730 2)
1481 5665 1597 5719 831—
1613 5681 1636 5717 c.
1650 5664 1722 5720 857.
1801 5661 1831 5732 3)
1848 5665 2025 5721 sat-837.
2103 5662 2133 5732 4)
2150 5661 2196 5718 De

543 5776 666 5843 tempore
689 5767 769 5824 luins
791 5768 941 5824 schedulae
964 5767 1126 5842 deperditae
1150 5768 1192 5834 cs.
1211 5766 1331 5836 Sintson,
1357 5765 1549 5823 ‘Jatruscter
1572 5769 1620 5824 des
1636 5767 1831 5838 srdnliselten
1851 5768 1954 5826 Reicies
1975 5777 2058 5825 anter
2075 5768 2196 5845 Ludwig]

544 5875 605 5931 dem
630 5874 795 5931 Frommen'
819 5874 859 5944 Π,
878 5878 935 5934 151
959 5894 1028 5930 ann.
1046 5878 1075 5932 5.
1169 5873 1200 5942 5)
1226 5873 1312 5930 Hunc
1334 5874 1423 5929 locum
1445 5873 1595 5949 Auptsstini
1611 5875 1731 5945 fnestra
1755 5875 1889 5951 quaesivi.
