4884 6717
406 737 426 777 2.
433 735 505 774 tinch.
514 735 534 783 3,

428 788 515 829 31-38.

417 3111 534 3162 russina,

438 3169 471 3207 lt.
481 3169 513 3208 ιε.

403 3629 433 3669 et.
440 3627 493 3668 Lev.
502 3629 535 3677 22,

443 3681 510 3727 lituu,

417 3735 450 3782 27,
458 3735 537 3781 ἓὸεψι.

401 4302 426 4340 et
437 4300 538 4343 &Paret

417 4355 449 4398 26,
460 4357 538 4402 lsssqq,

558 514 621 576 758
975 519 1028 574 56.
1065 518 1284 575 CONCILIUM
1307 517 1637 582 AQUISGRANENSE
1660 518 1698 573 Α.
1718 517 1792 573 836.

555 710 707 795 rogabant
729 708 895 795 confestim
922 705 1039 786 Onion,
1064 721 1097 770 ut
1119 709 1279 771 inuocaret
1301 708 1491 770 altissimum
1515 721 1543 770 et
1565 709 1661 770 eitam
1686 706 1818 770 donaret
1839 709 1878 784 ei,
1903 709 1962 791 qui
1982 709 2016 770 in
2039 730 2209 792 suppremo

553 818 671 901 spiritu
695 829 763 879 erat
785 816 975 878 constitutas.
1027 812 1241 878 Considerans
1264 827 1366 877 anum
1388 837 1528 876 summus
1550 812 1708 894 sacerdos,
1738 838 1776 876 ne
1799 814 1891 899 forte
1914 837 1972 876 rea
1992 816 2211 899 suspicaretur

555 922 712 985 malitiam
742 922 884 1006 aliquam
916 944 956 984 ea
982 919 1113 983 Iudaeis
1143 923 1231 984 eirea
1261 920 1469 984 Helioderum
1500 934 1753 998 consummatam,
1786 920 1896 983 obtulit
1917 944 1983 1005 pro
2012 921 2112 984 salute
2142 921 2213 982 oiri

554 1029 687 1092 hostiam
717 1028 898 1091 salutarem.
957 1027 1094 1111 Cumque
1128 1051 1268 1089 sanemus
1296 1026 1444 1090 sacerdos
1475 1041 1627 1104 eeororet,
1657 1026 1741 1090 idern
1772 1029 1896 1090 iuuenes
1925 1026 2041 1090 eisdem
2074 1028 2209 1090 restibus

553 1137 673 1213 amicti,
705 1134 863 1198 adstantes
893 1132 1077 1212 Heliodoro,
1109 1133 1277 1195 deserunt:
1310 1133 1410 1196 Ouiae
1439 1133 1600 1197 sacerdoti
1623 1136 1748 1219 gratius
1777 1158 1852 1218 ape,
1880 1158 1955 1196 nam
1977 1150 2110 1219 propter
2138 1153 2240 1196 eume

553 1243 615 1305 att
635 1241 793 1304 Dominus
818 1243 912 1303 ritum
938 1239 1076 1302 donarit.
1130 1239 1176 1301 Tu
1199 1253 1302 1303 autem
1326 1241 1365 1302 ab
1389 1263 1423 1303 eo
1439 1241 1625 1326 flagellatus
1647 1242 1759 1303 attritio
1783 1241 1926 1303 omnibus
1956 1241 2119 1328 magnalia
2144 1240 2211 1304 Dei

554 1362 582 1411 et
597 1362 791 1432 potestatem.
839 1346 882 1409 Et
905 1347 956 1408 ln's
979 1346 1074 1409 dietis
1104 1370 1164 1408 non
1195 1361 1435 1431 consperserunt.
1484 1346 1677 1409 Heliodorus
1707 1361 1807 1409 autern
1832 1347 1933 1410 hostia
1958 1346 2028 1410 Deo
2052 1348 2156 1410 oblata
2179 1360 2209 1410 et

554 1457 633 1517 rotis
651 1457 776 1540 mugnis
792 1456 947 1540 protrusit
969 1455 1008 1532 ei,
1033 1455 1093 1536 qui
1113 1455 1217 1515 nirere
1244 1453 1298 1516 illi
1318 1456 1477 1530 concessit,
1501 1467 1529 1516 et
1547 1455 1647 1516 (hu'ae
1667 1456 1792 1538 prutina
1815 1478 1910 1539 aperta
1934 1467 2053 1538 recepto
2070 1456 2208 1516 exercitu

554 1562 725 1647 repedabat
747 1560 792 1623 ad
814 1585 925 1644 repent.
967 1558 1151 1622 Testabatur
1166 1573 1267 1622 autem
1285 1561 1428 1622 omnihus
1444 1585 1491 1638 ea,
1515 1584 1594 1644 queue
1617 1561 1674 1622 stab
1698 1560 1798 1623 oeulis
1821 1560 1955 1639 uiderat,
1980 1585 2076 1645 opera
2100 1562 2212 1646 mapni

553 1667 627 1729 Dei.
668 1667 746 1729 Cum
770 1681 870 1729 autem
896 1691 952 1727 rer
976 1668 1195 1751 interrogasset
1209 1665 1437 1729 Helioderum:
1463 1665 1542 1742 Quis
1565 1680 1609 1729 est
1631 1680 1723 1752 uptiis
1741 1667 1845 1729 adhue
1860 1667 1956 1730 sernel
1970 1667 2207 1752 Hiersolymam
2225 1685 2253 1726 ta

554 1775 669 1852 uiuit,
699 1777 764 1836 ait:
797 1772 838 1835 Si
865 1797 954 1856 quem
978 1773 1072 1834 habes
1095 1772 1207 1834 hostem
1233 1787 1288 1835 aut
1311 1775 1402 1857 regini
1421 1775 1472 1835 tui
1491 1772 1722 1850 insidiatorem,
1752 1776 1836 1836 mitte
1859 1774 1938 1836 illue
1960 1787 1989 1836 et
2006 1774 2205 1859 flagellatum

554 1906 622 1943 eum
653 1884 797 1965 recipies,
827 1882 860 1943 si
887 1895 988 1942 tanton
1018 1882 1162 1956 eraserit,
1193 1903 1227 1942 eo
1258 1879 1343 1963 quod
1374 1881 1406 1941 in
1438 1881 1503 1943 loeo
1534 1903 1603 1942 rere
1633 1882 1675 1942 sit
1697 1879 1764 1942 Dei
1784 1879 1940 1963 quaedam
1965 1882 2073 1943 uirtus.
2119 1879 2208 1942 Nom

556 1991 633 2073 ipsa
657 1990 716 2071 qui
737 1987 827 2050 habet
851 1990 883 2050 in
907 1987 1005 2048 coelis
1029 1986 1262 2064 habitationem,
1292 1988 1437 2048 uisitator
1467 2000 1496 2049 et
1517 1986 1645 2049 adiutor
1669 2000 1713 2049 est
1736 1987 1801 2049 loci
1822 1987 1913 2049 illius
1935 2001 1964 2049 et
1988 1988 2140 2049 venientes
2162 1985 2209 2049 od

555 2094 823 2180 malefaciendum
841 2096 980 2178 perstitit
1003 2118 1040 2155 ae
1057 2092 1178 2177 perdit.

661 2217 744 2301 (st).
769 2215 948 2279 XXVIIII.
984 2215 1036 2278 De
1067 2214 1116 2278 his
1141 2216 1262 2300 itaque,
1293 2237 1376 2300 quae
1407 2237 1486 2300 erga
1509 2215 1731 2296 Heliodorum,
1762 2215 1905 2279 Domino
1936 2217 1969 2278 in
1997 2237 2055 2279 suo
2079 2216 2205 2278 aerario
2224 2235 2251 2275 rs

553 2347 645 2386 suam
662 2324 812 2386 iniuriam
829 2344 985 2407 suamque
1003 2321 1291 2385 dehonorationem
1307 2321 1495 2402 ulciscente,
1518 2335 1611 2406 gesta
1626 2335 1709 2402 sunt,
1734 2322 1835 2386 multa
1851 2324 2028 2407 posuimus,
2052 2324 2206 2407 quoniam

554 2453 593 2492 ea
609 2430 651 2492 ad
668 2452 779 2492 eorum
795 2428 968 2492 audaciam
984 2439 1018 2491 et
1038 2428 1228 2514 pestiferam
1251 2430 1526 2514 presumptionem
1550 2428 1799 2514 reprimendam,
1825 2430 1882 2514 qui
1904 2429 1976 2493 loca
2000 2429 2073 2492 Deo
2098 2428 2207 2491 dicata

554 2536 720 2621 expoliare
751 2559 815 2598 non
850 2546 1007 2612 metuunt,
1043 2534 1138 2597 valde
1174 2536 1360 2598 necessaria
1394 2534 1606 2620 previdimus
1661 2534 1788 2615 Quibus
1819 2536 1902 2599 seire
1939 2549 1971 2598 et
2001 2557 2205 2620 summopere

554 2643 680 2706 discere
706 2644 868 2722 convenit,
901 2641 987 2727 quod
1012 2642 1045 2703 in
1069 2641 1149 2704 loeis
1172 2640 1246 2704 Deo
1271 2641 1386 2704 dicatis
1410 2664 1488 2705 vere
1512 2642 1615 2704 virtus
1639 2641 1703 2704 Dei
1734 2643 1776 2705 sit
1803 2665 1978 2729 eorumque
2003 2643 2151 2706 visitator
2173 2652 2207 2705 et

554 2749 682 2812 adiutor
704 2749 796 2814 Deus
821 2751 862 2812 sit
885 2760 917 2812 et
940 2749 1109 2811 venientes
1133 2748 1175 2810 ad
1198 2747 1471 2811 malefaciendum
1494 2750 1656 2834 percutiat
1678 2771 1717 2813 ae
1741 2748 1866 2834 perdat.
2224 2768 2252 2807 so

662 2875 745 2958 (68).
770 2874 882 2936 XXX.
919 2872 1016 2953 Quod
1039 2895 1117 2935 vero
1134 2872 1207 2935 Deo
1232 2871 1350 2953 oblata,
1375 2895 1459 2958 quae
1484 2873 1595 2957 utique
1619 2885 1732 2936 saneta
1748 2886 1914 2954 vocantur,
1939 2872 1980 2936 ab
2002 2873 2063 2954 his,
2088 2872 2205 2959 quibus

555 2980 654 3045 officii
675 2992 814 3061 nonest,
839 2981 970 3060 auferri,
995 2981 1093 3043 immo
1111 2980 1256 3064 contingi
1272 2980 1321 3042 fas
1337 3002 1401 3042 nou
1426 2980 1475 3060 sit,
1500 2977 1603 3042 verba
1618 2979 1726 3043 Iudith
1744 2979 1904 3065 loquentis
1928 2980 1970 3043 ad
1994 2980 2205 3044 Holofemem

554 3100 703 3174 patenter
726 3089 873 3166 innuunt,
902 3109 986 3172 quae
1011 3087 1056 3148 ita
1079 3084 1210 3170 inquid:
1242 3086 1387 3171 Denique
1411 3087 1467 3149 hoe
1490 3087 1650 3166 ordinant,
1681 3101 1714 3149 ut
1742 3090 1932 3173 interjiciunt
1948 3113 2066 3173 pecora
2097 3102 2208 3151 suaet

553 3198 735 3280 sanquinem
768 3219 872 3256 earnem
904 3196 1028 3273 hr'hunt;
1063 3209 1090 3257 et
1123 3208 1233 3256 saneta
1263 3194 1389 3257 domiui
1415 3193 1482 3255 Dei
1513 3196 1579 3272 sui,
1613 3219 1693 3278 qrrue
1718 3198 1862 3280 precepit
1892 3220 1951 3258 non
1981 3198 2136 3280 eorrtinpi,
2173 3197 2205 3258 in

547 3303 724 3388 fruniento,
749 3304 821 3363 rino
845 3315 873 3363 et
895 3302 971 3378 oleo,
996 3301 1071 3362 haee
1095 3302 1308 3384 erup'tarerunt
1332 3300 1500 3384 inpendere
1524 3314 1552 3362 et
1574 3302 1681 3363 uolunt
1703 3326 1880 3364 eorrsumere
1896 3327 1975 3385 quoe
1992 3327 2046 3365 nee
2063 3303 2206 3364 trientibus
2223 3317 2251 3357 ¹⁶

555 3409 704 3470 delebant
727 3410 911 3493 rnrrtinpere.
959 3407 1047 3492 Ergo
1078 3409 1227 3490 qrronr'am
1258 3407 1333 3468 litteo
1356 3408 1500 3492 ,ru-tunt,
1531 3420 1645 3470 eertum
1671 3421 1724 3486 ast,
1752 3408 1838 3491 qrtod
1861 3411 1891 3470 in
1911 3408 2123 3492 perditionem
2148 3407 2204 3470 ‹la-

555 3517 677 3576 tmntnr.
713 3513 756 3575 ht
780 3514 806 3574 si
831 3513 913 3575 forte
938 3513 1099 3597 quispiam
1124 3523 1268 3596 quaerat,
1294 3533 1336 3574 ex
1361 3533 1426 3596 qua
1449 3513 1641 3575 auctoritate
1665 3512 1776 3575 Iudith
1800 3512 1881 3575 haee
1905 3511 2008 3576 verba
2025 3512 2204 3599 protulerit,

555 3620 642 3704 legat
666 3619 840 3702 diligenter
863 3619 1047 3681 Lesitieum
1071 3630 1104 3680 et
1128 3630 1254 3681 eeteros
1277 3619 1397 3680 veteris
1421 3620 1606 3681 testamenti
1629 3617 1740 3698 librae,
1766 3620 1798 3681 in
1823 3618 1940 3704 quibus
1965 3619 2105 3683 Domino
2129 3642 2205 3683 eon·

555 3737 682 3790 saerata
717 3725 758 3788 ab
791 3727 913 3788 exteris
944 3726 1088 3809 contingi
1118 3723 1341 3810 prohibentur,
1378 3735 1410 3787 et
1441 3725 1612 3788 manifeste
1647 3726 1801 3806 inveniet,
1838 3725 1924 3788 unde
1960 3725 2074 3789 eadem
2105 3723 2206 3788 verba

555 3834 737 3918 sumpserit.
2224 3853 2253 3892 ω

663 3961 746 4042 (69).
772 3956 900 4019 XXXI.
939 3957 1035 4020 Ozias
1059 3958 1184 4019 interea
1206 3978 1267 4018 rex
1291 3978 1349 4040 pro
1374 3977 1422 4034 eo,
1454 3954 1542 4039 quod
1569 3955 1711 4018 officium
1735 3955 1947 4034 sacerdotale,
1978 3955 2065 4040 quod
2089 3955 2205 4018 solum-

556 4063 710 4128 modoad
727 4065 776 4126 ius
793 4061 977 4148 pertinebat
1001 4061 1216 4140 sacerdotum,
1241 4063 1384 4146 arripere
1404 4063 1601 4147 presumpsit
1616 4061 1691 4125 ilico
1708 4061 1800 4146 lepra
1815 4062 1969 4125 multatus
1986 4075 2034 4124 est
2051 4075 2083 4125 et
2098 4076 2205 4126 terrae

557 4182 661 4233 motus
685 4181 751 4234 tam
775 4169 933 4232 inlicitum
958 4184 1088 4254 tamque
1113 4168 1309 4252 sacrilegum
1333 4169 1402 4231 eius
1426 4167 1548 4231 laetum
1573 4166 1765 4231 subsecutus
1790 4181 1854 4250 est,
1886 4171 1941 4254 qui
1975 4171 2072 4232 etiam
2103 4193 2205 4255 usque

557 4276 598 4339 ad
624 4277 710 4339 diem
740 4278 852 4340 mortis
884 4299 961 4339 suae
993 4275 1140 4360 leprosus
1170 4276 1358 4360 permansit.
1405 4274 1500 4337 Hane
1530 4275 1630 4359 igitur
1658 4273 1793 4359 lepram,
1825 4298 1921 4360 quam
1947 4276 2045 4339 Ozias
2075 4289 2207 4362 propter

557 4407 648 4446 suam
678 4384 883 4446 temerariam
908 4383 1184 4467 presumptionem
1216 4392 1249 4444 et
1279 4381 1411 4444 alterius
1442 4381 1541 4444 officii
1571 4381 1727 4444 inlicitam
1758 4383 1976 4467 arreptionem
2006 4384 2039 4445 in
2070 4405 2205 4468 corpore
2222 4402 2253 4442 ts

557 4513 659 4575 usque
684 4489 726 4552 ad
750 4488 835 4552 diem
861 4487 967 4552 obitus
992 4490 1041 4550 sui
1066 4490 1228 4567 sustinuit,
1253 4509 1369 4550 eavere
1395 4498 1522 4571 oportet
1545 4510 1610 4566 ene,
1635 4489 1690 4572 qui
1714 4510 1762 4568 ea,
1788 4509 1871 4572 quae
1895 4489 1938 4551 ad
1954 4512 2047 4552 suum
2063 4491 2205 4553 ministe-

558 4599 639 4659 rium
664 4619 727 4659 non
752 4596 926 4680 pertinent,
951 4596 1079 4658 auferre
1103 4616 1168 4657 non
1192 4595 1434 4679 pertimescunt,
1467 4616 1507 4655 ne
1531 4593 1623 4672 forte,
1651 4594 1738 4678 quod
1761 4593 1856 4674 absit,
1880 4596 1913 4658 in
1937 4597 2045 4658 aniate
2068 4595 2206 4659 eandem

557 4703 680 4789 lepram
704 4701 933 4767 miserabiliter
957 4705 1146 4765 sustineant.

663 4809 762 4873 Plura
785 4808 917 4894 quidem
941 4809 982 4872 de
1007 4820 1190 4872 sanctorum
1215 4807 1445 4892 prophetarum
1468 4806 1562 4870 dietis
1580 4817 1612 4869 et
1628 4807 1900 4892 agiographorum
1916 4807 2007 4871 libris
2023 4811 2208 4872 testimonia

557 4916 632 4980 huie
656 4915 812 5002 opusculo
836 4914 1059 4978 subnectenda
1075 4915 1213 4992 fuerant,
1239 4936 1322 4999 quae
1340 4913 1509 4976 evidenter
1524 4914 1699 4996 negotium,
1724 4913 1765 4976 de
1789 4937 1853 5000 quo
1869 4917 1986 4998 agitur,
2011 4915 2206 4978 multifariae
2225 4933 2257 4972 io

557 5023 738 5087 adstruunt.
781 5022 847 5086 Sed
878 5021 920 5085 ab
944 5021 1163 5107 prolixitatem
1187 5019 1353 5083 uitandam
1378 5018 1645 5105 pretermittenda
1667 5018 1761 5083 nobis
1784 5022 1855 5083 risa
1879 5033 1969 5102 sunt3
1995 5044 2078 5107 quae
2097 5033 2208 5085 tamen

664 5296 795 5344 XXVIII.
826 5296 956 5344 lOniam
977 5292 1013 5341 dl.
1082 5294 1204 5341 2autem
1224 5291 1290 5340 deest
1309 5290 1345 5339 M.
1410 5307 1456 5339 rex
1475 5290 1540 5338 (least
1559 5290 1618 5340 Be.
1686 5294 1907 5341 {iconismatum
1928 5292 1987 5342 Bt.
2001 5297 2025 5342 3.
2090 5288 2208 5357 Iidem]

558 5387 584 5434 id
605 5385 705 5444 estL;
728 5384 850 5446 intelliye:
870 5384 962 5432 iidem.
1035 5382 1139 5430 ernie
1160 5382 1195 5430 tt.
1272 5383 1300 5429 ll
1323 5373 1437 5441 hostem]
1457 5387 1543 5427 ostem
1563 5374 1599 5428 u.
1673 5387 1720 5429 sut
1738 5380 1805 5428 deest
1826 5379 1860 5428 Il.

664 5491 809 5539 XXVIIII.
841 5493 871 5538 16
891 5481 1049 5550 ulciscente]
1070 5489 1222 5536 meist-ento
1242 5485 1491 5546 B3,huleisceute
1512 5484 1547 5533 Ji.
1623 5489 1654 5534 18
1674 5487 1894 5551 sumopereBLt.
1963 5490 1994 5537 19
2015 5489 2067 5537 Dei
2085 5488 2208 5538 skatts.

665 5598 749 5646 XXX.
779 5599 812 5646 25
832 5592 904 5656 oleo}
927 5601 951 5643 et
969 5593 1030 5642 add.
1052 5595 1078 5642 (Γ,
1143 5608 1330 5641 eonsummare
1349 5591 1381 5639 L.
1449 5595 1482 5641 26
1502 5592 1620 5641 debeant
1638 5592 1670 5641 L.
1690 5593 1715 5642 B
1725 5599 1749 5643 3.
1769 5590 1805 5652 M,
1826 5594 1943 5643 debeant
1961 5611 2025 5642 oorr.
2043 5595 2077 5644 al.
2096 5593 2209 5656 mandi)
2226 5606 2259 5646 ⁴6

557 5685 770 5737 uolutamur.
827 5687 859 5734 27
879 5685 913 5732 ad
935 5680 972 5729 ll.
1027 5685 1060 5731 28
1078 5691 1105 5730 et
1116 5680 1254 5730 deesth’.
1311 5683 1344 5728 29
1364 5682 1487 5744 contingi
1502 5677 1687 5744 prohibentur]
1707 5683 1829 5744 contingi
1844 5684 1871 5731 in
1886 5684 1984 5746 quibus
1999 5684 2157 5747 prohibetur
2172 5684 2209 5737 dl.

664 5792 764 5842 XXXI.
793 5793 826 5840 33
845 5789 1021 5853 saerilegium
1042 5786 1077 5837 tt.
1142 5789 1326 5851 subsequutus
1346 5786 1405 5836 Bt.
1479 5788 1511 5835 st
1532 5787 1626 5835 eadem
1647 5788 1705 5836 Bt.
1779 5792 1812 5837 39
1832 5790 2041 5853 singraphorum
2060 5789 2092 5846 L,
2111 5791 2208 5855 aggiu-

558 5882 720 5947 graphorum
743 5880 766 5929 B
776 5885 799 5928 2.
873 5882 907 5928 40
925 5880 1039 5942 negatio
1058 5877 1089 5926 L.
1110 5877 1207 5926 Bau.
1228 5876 1265 5924 ,u
1339 5878 1370 5924 41
1393 5871 1547 5937 adstruunt]
1567 5875 1751 5942 astipulantur
1770 5877 1868 5926 ΒΗ.
1888 5880 1924 5928 u.
1998 5873 2043 5940 ob]
2065 5878 2099 5927 ad
2119 5878 2152 5927 L.
