4884 6717
540 492 604 555 648
908 573 911 580 .
1011 497 1063 553 50.
1101 497 1322 554 CONCILIUM
1345 495 1573 553 PARISIEXSE
1598 498 1634 553 A.
1656 495 1731 552 829.

537 696 663 762 hibetur,
687 695 819 765 quoniam
842 695 941 749 vitium
965 695 1129 765 cupiditatis
1154 704 1197 750 cst
1223 694 1337 766 exigere
1361 694 1436 749 velle
1461 694 1537 764 quod
1561 701 1591 748 te
1615 693 1726 749 nescias
1742 693 1945 748 commodasse.
1984 693 2066 747 Hanc
2083 693 2199 765 quidem

358 813 520 863 cerostata.
537 802 637 857 habuit
668 803 795 856 dominus
824 801 904 856 Iesus
933 799 1078 868 Christus,
1110 819 1194 872 quam
1224 800 1295 856 Inde
1326 801 1444 856 tradidit
1475 801 1662 872 erogandam,
1694 818 1778 871 quam
1808 817 1863 854 non
1895 800 1976 855 dedit
2006 801 2042 855 ad
2073 818 2197 864 usumin,

398 919 476 970 Petu
485 920 518 959 12.
539 909 652 980 quando
676 907 751 963 illam
773 907 967 980 indigentibus
991 908 1026 962 ad
1054 908 1244 963 inlomrandos
1273 925 1324 962 nos
1354 907 1402 978 pia
1430 907 1564 979 largitate
1595 908 1746 962 concessit.
1799 896 1884 961 Item
1914 896 2018 961 idem:
2051 902 2112 961 Et¹
2142 924 2198 961 non

538 1014 644 1085 defecit
666 1014 700 1070 dc
717 1013 824 1088 pluteis
846 1013 904 1070 eius
927 1033 1016 1070 muru
1040 1021 1066 1069 ct
1088 1014 1176 1070 dolus.
1223 1014 1419 1082 Intendamus,
1444 1015 1521 1085 qnod
1544 1032 1599 1069 non
1624 1015 1693 1069 dixit
1717 1013 1842 1082 occulte,
1874 1014 1926 1068 sed
1949 1014 1978 1068 in
2000 1012 2106 1085 plateis
2130 1012 2199 1067 talia

419 1134 517 1184 mres.
537 1122 625 1176 fuisse
650 1122 805 1187 commissa,
831 1139 904 1192 quae
929 1138 1053 1192 superna
1076 1121 1240 1191 dampnavit
1264 1121 1418 1176 sententia.
1466 1121 1511 1176 De
1536 1139 1622 1176 usura
1645 1122 1719 1176 enim
1743 1121 1850 1175 dictum
1874 1128 1934 1175 est:
1969 1118 2028 1183 Qui
2045 1117 2230 1195 pecuniosus

405 1240 519 1290 tussit.
537 1247 617 1285 marn
642 1247 697 1284 non
729 1226 806 1283 dedit
834 1227 877 1283 ud
903 1246 1037 1294 antrum
1069 1228 1106 1282 de
1137 1227 1202 1283 dolo
1233 1236 1344 1283 autem:
1379 1226 1420 1283 Et
1448 1226 1524 1283 labia
1555 1235 1603 1283 tun
1633 1245 1669 1283 ne
1698 1227 1851 1302 loquantur
1882 1227 1984 1283 dolum.
2038 1228 2117 1283 Haec
2141 1244 2197 1281 non

538 1334 649 1391 occulte
680 1334 780 1406 gessit,
811 1335 863 1389 scd
895 1335 1100 1405 quodammodo
1131 1334 1222 1390 libera
1253 1336 1388 1390 commisit
1420 1335 1582 1405 iniquitate.
1638 1333 1729 1390 Omne
1756 1335 1830 1390 enim
1860 1335 1965 1389 malum
1996 1333 2197 1390 exsecrabilius

537 1443 677 1506 redditur,
718 1443 832 1513 qnando
870 1440 984 1512 publica
1019 1442 1249 1512 praesumptione
1286 1448 1434 1497 tractatur.
1491 1431 1656 1507 Iohannes
1691 1430 1856 1518 apostolus
1895 1432 2036 1496 conviva
2074 1453 2196 1495 caenae

367 1540 721 1611 1.10n.s,rr.d0minieae
746 1550 897 1603 strenuus
928 1560 967 1602 ac
996 1537 1221 1602 fidelissimus:
1256 1539 1323 1617 Qut
1349 1541 1503 1618 dedicerit,
1534 1538 1650 1625 inquit,
1674 1540 1852 1627 facultates
1881 1539 1996 1602 usuardi
2023 1555 2051 1603 et
2082 1539 2199 1603 rr'dcrit

531 1650 674 1736 fratrent
698 1671 788 1710 suurn
813 1648 996 1709 esurientem
1022 1660 1050 1708 et
1072 1647 1223 1710 clauserit
1245 1649 1366 1710 uiscera
1390 1671 1449 1710 suu
1472 1648 1512 1710 nd
1536 1670 1581 1724 ee,
1610 1646 1763 1731 quornodo
1794 1648 1913 1710 caritas
1936 1646 2003 1710 Det
2029 1660 2134 1710 auertet
2162 1648 2196 1709 e‘n
2217 1666 2243 1706 ro

538 1755 597 1818 eo?
641 1752 859 1838 Augustinus:
884 1757 993 1827 secet,
1016 1752 1131 1837 inquit,
1156 1762 1232 1816 unde
1256 1762 1355 1833 incipit
1379 1762 1492 1816 caritas.
1532 1761 1561 1816 Si
1585 1762 1708 1817 nondum
1732 1779 1763 1816 es
1786 1762 1905 1816 idoneus
1928 1762 1997 1816 mori
2021 1778 2071 1832 pro
2094 1761 2195 1829 fratrc,

538 1870 593 1925 iam
616 1870 735 1923 idoneus
760 1877 822 1923 esto
846 1869 914 1922 dare
939 1869 975 1921 de
999 1868 1056 1922 tuis
1079 1867 1266 1923 facultatibus
1289 1867 1380 1922 fratri.
1427 1867 1486 1922 Iam
1508 1869 1652 1940 percutiat
1675 1868 1784 1924 viscera
1808 1874 1859 1922 tua
1881 1868 1995 1934 caritas,
2023 1876 2055 1922 ut
2078 1886 2134 1923 non
2158 1869 2195 1922 de

539 1976 675 2031 iactantia
698 1974 797 2042 facias,
821 1975 873 2030 scd
897 1975 934 2029 dc
958 1975 1056 2029 intimo
1080 1975 1164 2045 adipe
1189 1975 1409 2038 misericordiae,
1433 1983 1465 2029 ut
1488 1975 1652 2031 consideres
1677 1974 1754 2029 illum
1777 1976 1806 2030 in
1831 1981 1961 2047 egestate
1984 1975 2118 2046 positum.
2165 1973 2196 2028 Si

540 2084 614 2138 enim
637 2082 780 2152 superflua
802 2100 857 2137 non
881 2088 965 2153 potes
988 2082 1056 2135 darc
1081 2080 1162 2135 fratri
1186 2089 1246 2148 tue,
1270 2082 1389 2136 enimam
1413 2091 1491 2136 tumn
1514 2089 1596 2153 potes
1620 2100 1727 2153 ponere
1751 2100 1802 2153 pro
1832 2081 1943 2137 fratrc?
1995 2072 2077 2136 Item
2108 2071 2195 2136 idem

538 2190 613 2266 post
636 2201 758 2264 patrea:
783 2188 857 2242 Vide
868 2182 891 2254 ³,
915 2188 938 2241 si
961 2188 1114 2254 misereris,
1138 2189 1160 2242 si
1185 2187 1274 2242 habes
1298 2187 1453 2243 facultates
1476 2189 1581 2242 mundi.
1623 2186 1698 2251 Quid
1721 2189 1757 2244 ad
1780 2206 1826 2242 mc.
1849 2188 1999 2259 pertinet?
2022 2188 2096 2243 forte
2114 2187 2194 2242 dicis.
2214 2201 2241 2242 rt

539 2297 602 2368 Ego
625 2297 743 2350 daturus
767 2314 827 2348 sirm
858 2295 1007 2366 pecuniam
1038 2312 1140 2362 nicam,
1170 2313 1207 2350 ne
1237 2295 1286 2350 ille
1317 2295 1475 2350 molestiam
1508 2295 1655 2366 patiatur?
1713 2295 1744 2350 Si
1773 2296 1826 2351 tibi
1855 2296 1908 2351 hoc
1937 2295 2118 2368 responderit
2148 2313 2196 2350 cor

538 2411 628 2470 tuum,
654 2402 769 2457 dilectio
792 2402 882 2472 patris
904 2420 961 2456 nou
985 2409 1081 2455 manet
1104 2402 1133 2455 in
1157 2409 1198 2456 te.
1246 2400 1275 2455 Si
1300 2402 1415 2457 dilectio
1438 2403 1527 2474 patris
1554 2420 1610 2457 non
1640 2404 1669 2455 in
1700 2409 1730 2457 te
1761 2409 1867 2470 manet,
1897 2420 1954 2458 nou
1985 2420 2015 2457 es
2045 2409 2129 2457 natus
2161 2419 2195 2456 cr

538 2509 613 2563 Deo.
660 2507 806 2571 Quomodo
830 2517 860 2563 te
883 2508 1011 2579 gloriaris
1035 2525 1098 2562 esse
1123 2506 1335 2562 Christianum?
1381 2508 1491 2564 Nomen
1514 2509 1603 2564 habes
1634 2516 1664 2564 et
1694 2508 1772 2564 sacta
1800 2527 1858 2564 non
1887 2509 1985 2564 habes.
2040 2507 2070 2563 Si
2099 2516 2196 2564 autem

537 2633 640 2672 nomen
663 2623 792 2671 secutum
816 2615 904 2669 fuerit
928 2633 1009 2686 opus,
1034 2615 1111 2669 dicat
1136 2624 1165 2669 tc
1191 2615 1312 2686 quisquc
1336 2633 1487 2687 paganum,
1514 2624 1546 2670 tu
1569 2623 1665 2671 autem
1688 2614 1772 2671 factis
1795 2616 1916 2671 ostende
1940 2623 1970 2670 te
1995 2614 2193 2670 Christianum.

537 2723 609 2778 Nam
640 2723 663 2777 si
693 2722 776 2777 factis
807 2739 864 2776 nou
893 2722 1022 2776 ostendis
1052 2731 1081 2776 tc
1113 2719 1312 2788 Christianum,
1347 2739 1444 2777 omues
1474 2729 1504 2777 te
1529 2721 1720 2777 Christianum
1747 2729 1861 2790 vocent,
1897 2723 1964 2793 quid
1995 2723 2047 2777 tibi
2078 2723 2196 2794 prodest
2214 2734 2242 2774 to

537 2848 649 2896 nonen,
673 2830 722 2884 ubi
745 2846 792 2884 rcs
814 2845 870 2882 oon
894 2828 1061 2882 invenitur?
1107 2816 1304 2882 Miserabilis
1328 2817 1425 2905 plane
1450 2830 1482 2884 et
1504 2818 1601 2883 valde
1627 2818 1778 2884 deflenda
1800 2842 1853 2884 res
1878 2830 1936 2900 est,
1961 2818 2092 2905 quando
2123 2820 2196 2906 quis

538 2950 597 3013 pro
620 2924 832 2991 facultatibus
855 2923 979 3003 mundi,
1004 2947 1143 3011 quarum
1166 2935 1412 2990 momentaneus
1435 2948 1605 3013 possessor
1628 2926 1749 3008 existit,
1774 2927 1851 3013 quia
1878 2948 1933 2990 eas
1963 2925 2118 2991 iratribus
2149 2927 2196 2989 in·

538 3031 724 3118 digentibus
749 3033 886 3097 caritate
911 3030 1055 3096 dictante
1079 3053 1145 3096 nou
1169 3032 1312 3117 inpertit,
1337 3043 1370 3097 ct
1392 3031 1530 3117 gloriam
1555 3031 1733 3097 Christiani
1756 3033 1896 3097 nominis
1927 3031 1990 3097 sibi
2021 3031 2135 3096 adimit
2164 3042 2197 3096 et

252 3195 258 3206 .
359 3166 519 3216 erronea.
538 3140 658 3218 Deum,
683 3140 738 3225 qui
762 3140 882 3202 caritas
912 3149 972 3220 est,
1003 3139 1131 3202 amittit.
1185 3138 1238 3202 De
1269 3139 1376 3202 usuris
1403 3160 1499 3224 porro
1534 3160 1599 3202 non
1634 3138 1794 3203 faciendis
1829 3149 1862 3203 et
1896 3138 1937 3204 de
1972 3138 2196 3203 misericordia

538 3244 693 3310 fratribus
716 3243 926 3331 inpendenda
949 3255 1123 3331 supersunt
1146 3245 1331 3340 copiosiore
1344 3246 1513 3331 utriusque
1529 3246 1735 3310 instrumenti
1751 3245 1947 3311 documenta
1963 3257 1995 3310 ct
2010 3257 2196 3310 sanctorum
2216 3267 2243 3307 ae

539 3364 668 3439 patrum
693 3353 815 3416 eximia
839 3351 936 3432 dicte,
961 3373 1046 3438 quae
1070 3363 1247 3415 sectatores
1271 3373 1443 3416 usurarum
1473 3374 1538 3416 non
1568 3353 1712 3417 victuros
1742 3374 1849 3439 neque
1880 3354 1914 3417 in
1943 3363 2052 3417 monte
2083 3364 2196 3416 saneto

539 3457 750 3538 habitaturos,
776 3457 834 3522 sed
857 3460 974 3544 potius,
1000 3459 1077 3545 quia
1100 3457 1365 3522 inmisericordes
1389 3459 1576 3540 extiterunt,
1601 3481 1674 3523 cunr
1699 3470 1877 3546 purpurato
1901 3470 1934 3523 et
1964 3481 2063 3523 avaro
2095 3458 2196 3523 divite

538 3588 662 3653 poenas
685 3564 860 3629 adfirment
883 3563 1030 3629 luituros.

647 3706 751 3794 Cap.
785 3706 895 3771 LIlII.
953 3706 1010 3772 Ut
1044 3707 1110 3790 hi,
1146 3709 1225 3794 qni
1257 3708 1571 3794 poenitentia
1604 3705 1805 3794 publica
1840 3719 1948 3772 sunt
1982 3706 2196 3786 multati,

539 3835 690 3901 neque
729 3814 774 3877 in
809 3812 1105 3900 baptismate
1145 3836 1297 3900 neque
1336 3815 1381 3877 in
1419 3815 1743 3900 percipiendo
1782 3815 1942 3879 sancti
1978 3813 2243 3901 Spiritusne

540 3921 659 3986 dono
691 3922 886 4007 patroni
917 3922 1138 3985 existant
1168 3944 1249 4008 pro
1281 3920 1408 3985 aliis.
1463 3920 1582 4001 (Quod⁴
1605 3921 1649 4004 hi,
1679 3923 1734 4008 qui
1764 3920 1862 3986 fidem
1887 3919 2008 3987 Christi
2040 3933 2198 4008 expetunt

540 4039 573 4093 et
595 4037 750 4115 provecte
774 4029 889 4092 aetatis
913 4029 1067 4108 existunt,
1091 4028 1282 4115 priusquam
1305 4027 1347 4092 ad
1371 4026 1568 4114 baptismum
1591 4027 1762 4110 accedunt,
1786 4028 1968 4093 instnrendi
1991 4030 2056 4093 sint
2072 4039 2104 4091 et
2120 4025 2197 4092 fidei

540 4146 572 4200 et
595 4132 800 4220 baptismatis
824 4145 1038 4214 sacramento,
1063 4156 1191 4199 necnon
1215 4146 1248 4199 et
1270 4134 1326 4217 illi,
1352 4135 1408 4221 qui
1432 4134 1512 4198 alios
1537 4134 1577 4199 de
1609 4157 1702 4200 sacro
1732 4135 1821 4199 fonte
1851 4136 2042 4222 suscipiunt,
2074 4136 2196 4222 quique

540 4241 584 4305 ad
606 4239 853 4328 percipiendum
877 4241 983 4305 sancti
1007 4241 1147 4327 Spiritus
1172 4241 1293 4306 donum
1317 4263 1428 4306 coram
1451 4241 1660 4328 pontificibus
1690 4265 1749 4328 pro
1780 4241 1852 4306 aliis
1882 4243 2011 4329 patroni
2042 4243 2196 4322 existrmt,

540 4347 729 4433 intellegere
753 4347 895 4412 debeant
918 4359 951 4412 et
973 4349 1040 4412 vim
1063 4349 1144 4412 tanti
1168 4349 1365 4413 sacrementi
1389 4358 1421 4411 et
1446 4345 1524 4434 quid
1547 4371 1606 4434 pro
1623 4347 1695 4412 aliis
1711 4348 1954 4435 spoponderint,
1971 4350 2037 4413 iam
2053 4349 2085 4412 in
2102 4370 2197 4435 prae·
2216 4373 2244 4412 ss

540 4453 732 4519 cedentibus
757 4454 929 4540 capitulis⁵
952 4453 1074 4519 dictum
1099 4465 1157 4519 est.
1203 4453 1281 4518 Illos
1305 4465 1414 4518 tarncn
1438 4455 1471 4517 in
1495 4453 1557 4518 hoc
1581 4453 1723 4541 capitulo
1748 4454 1934 4541 specialiter
1955 4453 1997 4519 ab
2013 4455 2063 4520 his
2080 4454 2196 4519 officiis

540 4561 756 4625 removendos
787 4560 980 4643 iudicamus,
1016 4562 1072 4647 qui
1107 4572 1239 4648 propter
1269 4571 1395 4626 reatum
1430 4584 1523 4626 suurn
1553 4558 1686 4647 publica
1716 4573 1790 4626 sunt
1824 4564 2026 4648 paenitentia
2059 4562 2196 4644 multati,

540 4666 695 4732 videlicet
718 4678 753 4731 ut
776 4689 837 4731 uec
862 4667 942 4732 alios
967 4666 1008 4731 de
1033 4668 1118 4731 sacri
1141 4667 1240 4731 fontis
1262 4665 1461 4753 baptismate
1485 4668 1665 4754 suscipiant
1688 4691 1749 4733 uec
1774 4670 1871 4733 etiarn
1888 4668 1930 4732 ad
1949 4668 2196 4755 percipiendum

541 4775 646 4839 sancti
670 4772 811 4861 Spiritus
836 4773 956 4838 donum
980 4773 1116 4838 aliorum
1141 4775 1269 4860 patroni
1294 4796 1403 4838 coram
1427 4773 1637 4859 pontificibus
1661 4778 1814 4856 existant,
1846 4775 1949 4840 donec
1973 4798 2033 4862 per
2063 4775 2196 4862 dignam

540 4881 759 4968 paenitentiae
784 4880 1037 4945 satisfactionem
1061 4880 1358 4945 reconciliationem
1389 4893 1585 4945 mereantur.
1638 4880 1709 4946 Nec
1738 4881 1899 4965 inmerito,
1931 4882 2085 4968 quoniam
2116 4905 2197 4969 quos
2216 4907 2245 4946 so

647 5082 725 5131 LIII.
754 5081 877 5132 arurae
897 5080 929 5131 P.
1002 5081 1177 5131 edomuerit
1197 5080 1224 5130 Γ.
1299 5082 1418 5146 'lgessit
1435 5080 1502 5131 deest
1521 5080 1551 5131 P.
1624 5081 1843 5147 quoddammodo
1864 5082 1894 5133 P.
1962 5082 2145 5135 execrabilius
2166 5083 2197 5133 P.

541 5166 673 5237 tlinquit]
695 5173 724 5220 iu
743 5186 797 5236 qua
818 5171 845 5219 l'.
929 5172 961 5220 14
981 5177 1072 5237 potest
1091 5170 1150 5220 dari
1171 5168 1197 5218 V.
1283 5171 1313 5220 lt
1334 5168 1430 5221 dilecti
1450 5169 1476 5220 V.
1558 5171 1592 5221 22
1611 5165 1735 5235 quorum]
1755 5187 1869 5235 quarum
1889 5172 1916 5222 Γ.
1936 5171 1967 5226 Ρ.
2047 5174 2080 5224 25
2100 5174 2198 5223 instru-

540 5254 636 5324 menti]
654 5259 682 5309 id
699 5267 735 5309 cst
754 5258 899 5309 testamenti.
972 5260 1005 5309 21
1026 5259 1111 5322 divite
1131 5258 1158 5308 V.

648 5349 742 5398 LIIII.
771 5349 804 5398 29
824 5341 1002 5414 poenitentia]
1022 5348 1133 5413 pacatis
1152 5346 1183 5397 P.
1246 5349 1280 5397 30
1299 5347 1475 5414 percipienda
1495 5347 1523 5397 Γ.
1541 5346 1573 5397 P.
1633 5350 1665 5398 31
1686 5344 1923 5414 patroni-aliis]
1942 5366 1991 5416 pro
2011 5349 2072 5401 aliis
2092 5351 2198 5417 patroni

542 5441 659 5490 existant
678 5438 709 5488 P.
784 5431 873 5501 Quod]
894 5437 966 5499 Quid
986 5437 1013 5487 V.
1033 5436 1064 5487 P.
1138 5438 1171 5487 32
1191 5437 1326 5487 accedant
1345 5436 1376 5487 P.
1449 5439 1483 5488 35
1502 5435 1655 5502 intelligere
1676 5437 1703 5487 Γ.
1777 5440 1811 5490 38
1829 5455 1907 5489 sacro
1927 5438 1959 5491 P.
2217 5460 2245 5500 tt

652 5637 681 5706 1)
707 5635 902 5706 Cassiodents,
929 5634 1079 5711 Repetite
1102 5635 1132 5692 in
1150 5636 1257 5710 psalm.
1281 5637 1338 5704 54;
1363 5633 1583 5712 oppleret.
1677 5636 1707 5706 2)
1731 5637 1911 5714 Augustinus,
1942 5637 2093 5696 Tractatus
2115 5644 2146 5698 5.
2169 5639 2199 5696 in

541 5744 621 5819 epist.
647 5742 785 5800 lobannis
807 5734 904 5821 ἕω
937 5740 1011 5817 Opp.
1036 5740 1092 5812 ΙΙΙ,
1117 5747 1147 5810 2,
1172 5745 1247 5801 862.
1351 5742 1381 5812 3)
1405 5742 1525 5800 Ibidem.
1628 5743 1659 5808 4)
1685 5742 1734 5815 Os.
1758 5743 1860 5802 relutio
1882 5744 2074 5822 episcoporum
2099 5766 2123 5803 c.
2141 5749 2200 5816 35,·

541 5853 561 5907 l.
586 5852 605 5907 1.
629 5850 670 5919 II,
689 5853 737 5910 39.
831 5850 861 5918 5)
889 5848 939 5919 Cf.
962 5868 1052 5924 supra
1077 5869 1100 5907 c.
1121 5853 1157 5918 6,·
1175 5868 1210 5925 p.
1229 5852 1298 5909 stt.
