<?xml version="1.0" encoding="UTF-8"?>
<!DOCTYPE html PUBLIC "-//W3C//DTD XHTML 1.0 Transitional//EN"
    "http://www.w3.org/TR/xhtml1/DTD/xhtml1-transitional.dtd">
<html xmlns="http://www.w3.org/1999/xhtml" xml:lang="en" lang="en">
 <head>
  <title>
</title>
<meta http-equiv="Content-Type" content="text/html;charset=utf-8" />
  <meta name='ocr-system' content='tesseract 3.04.00' />
  <meta name='ocr-capabilities' content='ocr_page ocr_carea ocr_par ocr_line ocrx_word'/>
</head>
<body>
  <div class='ocr_page' id='page_1' title='image "./monumentagerman02gescgoog_0368.png"; bbox 0 0 4884 6717; ppageno 0'>
   <div class='ocr_carea' id='block_1_1' title="bbox 525 500 1735 564">
    <p class='ocr_par' dir='ltr' id='par_1_1' title="bbox 525 500 1735 564">
     <span class='ocr_line' id='line_1_1' title="bbox 525 500 1735 564; baseline -0.005 0"><span class='ocrx_word' id='word_1_1' title='bbox 525 500 589 564; x_wconf 74' lang='lat'>⁷80</span> <span class='ocrx_word' id='word_1_2' title='bbox 966 504 1018 561; x_wconf 73' lang='lat'>57.</span> <span class='ocrx_word' id='word_1_3' title='bbox 1055 503 1274 561; x_wconf 71' lang='lat' dir='ltr'>concussu</span> <span class='ocrx_word' id='word_1_4' title='bbox 1298 501 1578 560; x_wconf 72' lang='lat' dir='ltr'>Ossismcurtse</span> <span class='ocrx_word' id='word_1_5' title='bbox 1601 503 1639 560; x_wconf 80' lang='lat' dir='ltr'>A.</span> <span class='ocrx_word' id='word_1_6' title='bbox 1659 502 1735 558; x_wconf 84' lang='grc'><strong>838.</strong></span> 
     </span>
    </p>
   </div>
   <div class='ocr_carea' id='block_1_2' title="bbox 342 689 2225 5041">
    <p class='ocr_par' dir='ltr' id='par_1_2' title="bbox 521 689 2176 777">
     <span class='ocr_line' id='line_1_2' title="bbox 521 689 2176 777; baseline -0.002 -19"><span class='ocrx_word' id='word_1_7' title='bbox 521 695 665 759; x_wconf 81' lang='lat' dir='ltr'>maximo</span> <span class='ocrx_word' id='word_1_8' title='bbox 689 692 883 757; x_wconf 88' lang='lat' dir='ltr'>constrictus</span> <span class='ocrx_word' id='word_1_9' title='bbox 906 690 1043 756; x_wconf 88' lang='lat' dir='ltr'>articulo</span> <span class='ocrx_word' id='word_1_10' title='bbox 1066 713 1146 773; x_wconf 88' lang='lat' dir='ltr'>rem,</span> <span class='ocrx_word' id='word_1_11' title='bbox 1171 713 1256 777; x_wconf 90' lang='lat' dir='ltr'>quae</span> <span class='ocrx_word' id='word_1_12' title='bbox 1279 712 1386 777; x_wconf 88' lang='lat' dir='ltr'>neque</span> <span class='ocrx_word' id='word_1_13' title='bbox 1410 690 1451 755; x_wconf 91' lang='lat' dir='ltr'>de</span> <span class='ocrx_word' id='word_1_14' title='bbox 1468 691 1638 776; x_wconf 87' lang='lat' dir='ltr'>scripturis</span> <span class='ocrx_word' id='word_1_15' title='bbox 1654 700 1783 777; x_wconf 87' lang='lat' dir='ltr'>sumpta</span> <span class='ocrx_word' id='word_1_16' title='bbox 1798 700 1969 776; x_wconf 83' lang='lat' dir='ltr'>estusque</span> <span class='ocrx_word' id='word_1_17' title='bbox 1985 689 2026 754; x_wconf 91' lang='lat' dir='ltr'>de</span> <span class='ocrx_word' id='word_1_18' title='bbox 2043 689 2176 754; x_wconf 88' lang='lat' dir='ltr'>catholi-</span> 
     </span>
    </p>

    <p class='ocr_par' dir='ltr' id='par_1_3' title="bbox 523 795 2177 885">
     <span class='ocr_line' id='line_1_3' title="bbox 523 795 2177 885; baseline -0.002 -21"><span class='ocrx_word' id='word_1_19' title='bbox 523 822 636 864; x_wconf 89' lang='lat' dir='ltr'>corum</span> <span class='ocrx_word' id='word_1_20' title='bbox 658 809 787 885; x_wconf 87' lang='lat' dir='ltr'>patrum</span> <span class='ocrx_word' id='word_1_21' title='bbox 811 795 1018 883; x_wconf 80' lang='lat' dir='ltr'>dogmatibus</span> <span class='ocrx_word' id='word_1_22' title='bbox 1041 808 1156 879; x_wconf 90' lang='lat' dir='ltr'>tracta,</span> <span class='ocrx_word' id='word_1_23' title='bbox 1180 796 1241 861; x_wconf 90' lang='lat' dir='ltr'>sed</span> <span class='ocrx_word' id='word_1_24' title='bbox 1263 818 1325 861; x_wconf 88' lang='lat' dir='ltr'>nee</span> <span class='ocrx_word' id='word_1_25' title='bbox 1348 796 1390 860; x_wconf 88' lang='lat' dir='ltr'>ab</span> <span class='ocrx_word' id='word_1_26' title='bbox 1414 798 1494 883; x_wconf 91' lang='lat' dir='ltr'>ipsis</span> <span class='ocrx_word' id='word_1_27' title='bbox 1518 797 1617 861; x_wconf 74' lang='lat' dir='ltr'>edam</span> <span class='ocrx_word' id='word_1_28' title='bbox 1632 795 1785 860; x_wconf 75' lang='lat' dir='ltr'><strong>hereticis</strong></span> <span class='ocrx_word' id='word_1_29' title='bbox 1800 808 2011 884; x_wconf 88' lang='lat' dir='ltr'>praesumpta</span> <span class='ocrx_word' id='word_1_30' title='bbox 2032 798 2177 883; x_wconf 88' lang='lat' dir='ltr'>-quia</span> 
     </span>
    </p>

    <p class='ocr_par' dir='ltr' id='par_1_4' title="bbox 523 901 2177 992">
     <span class='ocr_line' id='line_1_4' title="bbox 523 901 2177 992; baseline -0.002 -22"><span class='ocrx_word' id='word_1_31' title='bbox 523 904 623 986; x_wconf 88' lang='lat' dir='ltr'>aliud,</span> <span class='ocrx_word' id='word_1_32' title='bbox 647 904 735 992; x_wconf 93' lang='lat' dir='ltr'>quod</span> <span class='ocrx_word' id='word_1_33' title='bbox 760 904 894 986; x_wconf 85' lang='lat' dir='ltr'>diceret,</span> <span class='ocrx_word' id='word_1_34' title='bbox 925 905 1055 991; x_wconf 88' lang='lat' dir='ltr'>penitus</span> <span class='ocrx_word' id='word_1_35' title='bbox 1083 926 1149 968; x_wconf 92' lang='lat' dir='ltr'>non</span> <span class='ocrx_word' id='word_1_36' title='bbox 1172 901 1383 968; x_wconf 88' lang='lat' dir='ltr'>habehat-</span> <span class='ocrx_word' id='word_1_37' title='bbox 1406 905 1440 967; x_wconf 91' lang='lat' dir='ltr'>in</span> <span class='ocrx_word' id='word_1_38' title='bbox 1463 925 1521 967; x_wconf 93' lang='lat' dir='ltr'>suo</span> <span class='ocrx_word' id='word_1_39' title='bbox 1545 904 1661 989; x_wconf 91' lang='lat' dir='ltr'>spiritu</span> <span class='ocrx_word' id='word_1_40' title='bbox 1684 924 1719 966; x_wconf 88' lang='lat' dir='ltr'>se</span> <span class='ocrx_word' id='word_1_41' title='bbox 1742 902 1861 988; x_wconf 79' lang='lat' dir='ltr'>legisse</span> <span class='ocrx_word' id='word_1_42' title='bbox 1884 901 2061 990; x_wconf 73' lang='lat' dir='ltr'>respondit.</span> <span class='ocrx_word' id='word_1_43' title='bbox 2109 901 2177 967; x_wconf 88' lang='lat' dir='ltr'>Sed</span> 
     </span>
    </p>

    <p class='ocr_par' dir='ltr' id='par_1_5' title="bbox 342 1007 2209 1204">
     <span class='ocr_line' id='line_1_5' title="bbox 523 1007 2175 1097; baseline -0.002 -20"><span class='ocrx_word' id='word_1_44' title='bbox 523 1035 601 1077; x_wconf 84' lang='lat' dir='ltr'>mox</span> <span class='ocrx_word' id='word_1_45' title='bbox 624 1022 690 1076; x_wconf 88' lang='lat' dir='ltr'>tam</span> <span class='ocrx_word' id='word_1_46' title='bbox 713 1010 888 1097; x_wconf 77' lang='lat' dir='ltr'><strong>superbam</strong></span> <span class='ocrx_word' id='word_1_47' title='bbox 912 1023 945 1076; x_wconf 89' lang='lat' dir='ltr'>et</span> <span class='ocrx_word' id='word_1_48' title='bbox 967 1010 1089 1076; x_wconf 88' lang='lat' dir='ltr'>fatuam</span> <span class='ocrx_word' id='word_1_49' title='bbox 1113 1012 1358 1096; x_wconf 81' lang='lat' dir='ltr'>responsionem</span> <span class='ocrx_word' id='word_1_50' title='bbox 1381 1008 1571 1074; x_wconf 85' lang='lat' dir='ltr'>veneranda</span> <span class='ocrx_word' id='word_1_51' title='bbox 1593 1007 1737 1095; x_wconf 80' lang='lat' dir='ltr'>synodus</span> <span class='ocrx_word' id='word_1_52' title='bbox 1768 1031 1928 1073; x_wconf 82' lang='lat' dir='ltr'>execrans</span> <span class='ocrx_word' id='word_1_53' title='bbox 1952 1009 2052 1074; x_wconf 82' lang='lat' dir='ltr'><strong>dixit:</strong></span> <span class='ocrx_word' id='word_1_54' title='bbox 2077 1009 2175 1074; x_wconf 84' lang='lat' dir='ltr'>‘Vere</span> 
     </span>
     <span class='ocr_line' id='line_1_6' title="bbox 342 1115 2209 1204; baseline -0.001 -21"><span class='ocrx_word' id='word_1_55' title='bbox 342 1142 505 1193; x_wconf 64' lang='lat' dir='ltr'>ammas.</span> <span class='ocrx_word' id='word_1_56' title='bbox 524 1117 578 1182; x_wconf 89' lang='lat' dir='ltr'>illc</span> <span class='ocrx_word' id='word_1_57' title='bbox 601 1118 663 1182; x_wconf 85' lang='lat' dir='ltr'>fuit</span> <span class='ocrx_word' id='word_1_58' title='bbox 694 1119 825 1204; x_wconf 86' lang='lat' dir='ltr'>spiritus</span> <span class='ocrx_word' id='word_1_59' title='bbox 856 1116 996 1182; x_wconf 86' lang='lat' dir='ltr'>erroris’.</span> <span class='ocrx_word' id='word_1_60' title='bbox 1041 1116 1261 1182; x_wconf 78' lang='lat' dir='ltr'>Meminerant</span> <span class='ocrx_word' id='word_1_61' title='bbox 1290 1118 1378 1182; x_wconf 85' lang='lat' dir='ltr'>enim</span> <span class='ocrx_word' id='word_1_62' title='bbox 1407 1115 1541 1181; x_wconf 88' lang='lat' dir='ltr'>beatum</span> <span class='ocrx_word' id='word_1_63' title='bbox 1570 1116 1693 1180; x_wconf 81' lang='lat' dir='ltr'>dixisse</span> <span class='ocrx_word' id='word_1_64' title='bbox 1722 1115 1921 1202; x_wconf 89' lang='lat' dir='ltr'>apostolum:</span> <span class='ocrx_word' id='word_1_65' title='bbox 1952 1116 2209 1182; x_wconf 71' lang='lat' dir='ltr'>Noenrsnimsv</span> 
     </span>
    </p>

    <p class='ocr_par' dir='ltr' id='par_1_6' title="bbox 523 1223 2175 1313">
     <span class='ocr_line' id='line_1_7' title="bbox 523 1223 2175 1313; baseline -0.002 -22"><span class='ocrx_word' id='word_1_66' title='bbox 523 1228 715 1313; x_wconf 78' lang='lat' dir='ltr'>temporibus</span> <span class='ocrx_word' id='word_1_67' title='bbox 739 1226 899 1290; x_wconf 70' lang='lat' dir='ltr'>discedent</span> <span class='ocrx_word' id='word_1_68' title='bbox 920 1225 1053 1312; x_wconf 82' lang='lat' dir='ltr'>quidam</span> <span class='ocrx_word' id='word_1_69' title='bbox 1068 1251 1088 1289; x_wconf 88' lang='lat' dir='ltr'>a</span> <span class='ocrx_word' id='word_1_70' title='bbox 1104 1225 1185 1312; x_wconf 82' lang='lat' dir='ltr'>fide,</span> <span class='ocrx_word' id='word_1_71' title='bbox 1209 1225 1397 1290; x_wconf 77' lang='lat' dir='ltr'>attendentes</span> <span class='ocrx_word' id='word_1_72' title='bbox 1410 1226 1579 1311; x_wconf 85' lang='lat' dir='ltr'>spiritibus</span> <span class='ocrx_word' id='word_1_73' title='bbox 1593 1226 1714 1288; x_wconf 75' lang='lat' dir='ltr'>erroris</span> <span class='ocrx_word' id='word_1_74' title='bbox 1729 1237 1758 1287; x_wconf 87' lang='lat' dir='ltr'>et</span> <span class='ocrx_word' id='word_1_75' title='bbox 1772 1223 1926 1287; x_wconf 76' lang='lat' dir='ltr'>docm‘nis</span> <span class='ocrx_word' id='word_1_76' title='bbox 1940 1223 2175 1288; x_wconf 84' lang='lat' dir='ltr'>daemoniorum</span> 
     </span>
    </p>

    <p class='ocr_par' dir='ltr' id='par_1_7' title="bbox 352 1328 2177 1419">
     <span class='ocr_line' id='line_1_8' title="bbox 352 1328 2177 1419; baseline -0.003 -21"><span class='ocrx_word' id='word_1_77' title='bbox 352 1354 506 1405; x_wconf 60' lang='lat' dir='ltr'>hanua</span> <span class='ocrx_word' id='word_1_78' title='bbox 524 1335 559 1397; x_wconf 87' lang='lat' dir='ltr'>in</span> <span class='ocrx_word' id='word_1_79' title='bbox 588 1334 736 1419; x_wconf 74' lang='lat' dir='ltr'>ypocrisi</span> <span class='ocrx_word' id='word_1_80' title='bbox 762 1333 952 1418; x_wconf 83' lang='lat' dir='ltr'>loquentium</span> <span class='ocrx_word' id='word_1_81' title='bbox 983 1331 1192 1410; x_wconf 76' lang='lat' dir='ltr'>mendacium,</span> <span class='ocrx_word' id='word_1_82' title='bbox 1223 1328 1264 1394; x_wconf 91' lang='lat' dir='ltr'>de</span> <span class='ocrx_word' id='word_1_83' title='bbox 1288 1328 1439 1416; x_wconf 79' lang='lat' dir='ltr'>qualibus</span> <span class='ocrx_word' id='word_1_84' title='bbox 1463 1339 1496 1393; x_wconf 88' lang='lat' dir='ltr'>et</span> <span class='ocrx_word' id='word_1_85' title='bbox 1517 1328 1695 1394; x_wconf 83' lang='lat' dir='ltr'>Euechihel</span> <span class='ocrx_word' id='word_1_86' title='bbox 1719 1329 1812 1394; x_wconf 89' lang='lat' dir='ltr'>dicit:</span> <span class='ocrx_word' id='word_1_87' title='bbox 1846 1330 1908 1394; x_wconf 90' lang='lat' dir='ltr'>Vae</span> <span class='ocrx_word' id='word_1_88' title='bbox 1935 1330 2100 1418; x_wconf 79' lang='lat' dir='ltr'>prophetis</span> <span class='ocrx_word' id='word_1_89' title='bbox 2129 1332 2177 1395; x_wconf 88' lang='lat' dir='ltr'>in·</span> 
     </span>
    </p>

    <p class='ocr_par' dir='ltr' id='par_1_8' title="bbox 389 1436 2179 1526">
     <span class='ocr_line' id='line_1_9' title="bbox 389 1436 2179 1526; baseline -0.001 -24"><span class='ocrx_word' id='word_1_90' title='bbox 389 1461 505 1513; x_wconf 64' lang='lat' dir='ltr'>araas.</span> <span class='ocrx_word' id='word_1_91' title='bbox 524 1441 723 1526; x_wconf 83' lang='lat' dir='ltr'>sipientibus,</span> <span class='ocrx_word' id='word_1_92' title='bbox 754 1442 813 1525; x_wconf 87' lang='lat' dir='ltr'>qui</span> <span class='ocrx_word' id='word_1_93' title='bbox 840 1453 1011 1523; x_wconf 83' lang='lat' dir='ltr'>sequuntur</span> <span class='ocrx_word' id='word_1_94' title='bbox 1040 1440 1190 1524; x_wconf 85' lang='lat' dir='ltr'>spiritum</span> <span class='ocrx_word' id='word_1_95' title='bbox 1219 1462 1311 1502; x_wconf 84' lang='lat' dir='ltr'>suum</span> <span class='ocrx_word' id='word_1_96' title='bbox 1341 1452 1369 1502; x_wconf 86' lang='lat' dir='ltr'>et</span> <span class='ocrx_word' id='word_1_97' title='bbox 1397 1437 1483 1502; x_wconf 77' lang='lat' dir='ltr'>nihil</span> <span class='ocrx_word' id='word_1_98' title='bbox 1510 1437 1627 1516; x_wconf 85' lang='lat' dir='ltr'>uident,</span> <span class='ocrx_word' id='word_1_99' title='bbox 1655 1436 1845 1512; x_wconf 81' lang='lat' dir='ltr'>etiterum:</span> <span class='ocrx_word' id='word_1_100' title='bbox 1877 1436 2022 1500; x_wconf 83' lang='lat' dir='ltr'>Videntes</span> <span class='ocrx_word' id='word_1_101' title='bbox 2043 1461 2127 1500; x_wconf 81' lang='lat' dir='ltr'>eona</span> <span class='ocrx_word' id='word_1_102' title='bbox 2150 1451 2179 1501; x_wconf 83' lang='lat' dir='ltr'>et</span> 
     </span>
    </p>

    <p class='ocr_par' dir='ltr' id='par_1_9' title="bbox 525 1541 2223 1738">
     <span class='ocr_line' id='line_1_10' title="bbox 525 1541 2177 1625; baseline -0.002 -15"><span class='ocrx_word' id='word_1_103' title='bbox 525 1546 705 1610; x_wconf 77' lang='lat' dir='ltr'>divinantes</span> <span class='ocrx_word' id='word_1_104' title='bbox 720 1545 929 1625; x_wconf 84' lang='lat' dir='ltr'>mendacium,</span> <span class='ocrx_word' id='word_1_105' title='bbox 954 1545 1108 1609; x_wconf 86' lang='lat' dir='ltr'>dicentes:</span> <span class='ocrx_word' id='word_1_106' title='bbox 1130 1543 1220 1608; x_wconf 87' lang='lat' dir='ltr'>Haec</span> <span class='ocrx_word' id='word_1_107' title='bbox 1242 1544 1322 1608; x_wconf 86' lang='lat' dir='ltr'>dicit</span> <span class='ocrx_word' id='word_1_108' title='bbox 1335 1544 1504 1623; x_wconf 75' lang='lat' dir='ltr'>Dominus,</span> <span class='ocrx_word' id='word_1_109' title='bbox 1528 1568 1597 1608; x_wconf 87' lang='lat' dir='ltr'>cum</span> <span class='ocrx_word' id='word_1_110' title='bbox 1613 1542 1770 1608; x_wconf 76' lang='lat' dir='ltr'>Dominus</span> <span class='ocrx_word' id='word_1_111' title='bbox 1785 1567 1846 1606; x_wconf 89' lang='lat' dir='ltr'>non</span> <span class='ocrx_word' id='word_1_112' title='bbox 1862 1545 1905 1607; x_wconf 88' lang='lat' dir='ltr'>sit</span> <span class='ocrx_word' id='word_1_113' title='bbox 1919 1544 2047 1607; x_wconf 76' lang='lat' dir='ltr'>lacuum.</span> <span class='ocrx_word' id='word_1_114' title='bbox 2079 1541 2177 1607; x_wconf 88' lang='lat' dir='ltr'>Unde</span> 
     </span>
     <span class='ocr_line' id='line_1_11' title="bbox 526 1648 2223 1738; baseline -0.001 -23"><span class='ocrx_word' id='word_1_115' title='bbox 526 1662 559 1715; x_wconf 89' lang='lat' dir='ltr'>ct</span> <span class='ocrx_word' id='word_1_116' title='bbox 582 1650 764 1715; x_wconf 89' lang='lat' dir='ltr'>istiusmodi</span> <span class='ocrx_word' id='word_1_117' title='bbox 791 1662 1053 1738; x_wconf 84' lang='lat' dir='ltr'>praesumptores</span> <span class='ocrx_word' id='word_1_118' title='bbox 1076 1650 1168 1713; x_wconf 88' lang='lat' dir='ltr'>Deus</span> <span class='ocrx_word' id='word_1_119' title='bbox 1198 1672 1260 1735; x_wconf 92' lang='lat' dir='ltr'>per</span> <span class='ocrx_word' id='word_1_120' title='bbox 1289 1649 1426 1714; x_wconf 90' lang='lat' dir='ltr'>eundem</span> <span class='ocrx_word' id='word_1_121' title='bbox 1457 1648 1649 1735; x_wconf 89' lang='lat' dir='ltr'>prophetam</span> <span class='ocrx_word' id='word_1_122' title='bbox 1679 1671 1737 1713; x_wconf 93' lang='lat' dir='ltr'>suo</span> <span class='ocrx_word' id='word_1_123' title='bbox 1768 1648 1923 1734; x_wconf 76' lang='lat' dir='ltr'>deceptos</span> <span class='ocrx_word' id='word_1_124' title='bbox 1954 1670 2026 1712; x_wconf 91' lang='lat' dir='ltr'>esse</span> <span class='ocrx_word' id='word_1_125' title='bbox 2056 1648 2176 1713; x_wconf 91' lang='lat' dir='ltr'>iudicio</span> <span class='ocrx_word' id='word_1_126' title='bbox 2196 1675 2223 1713; x_wconf 85' lang='lat' dir='ltr'>n</span> 
     </span>
    </p>

    <p class='ocr_par' dir='ltr' id='par_1_10' title="bbox 404 1757 2177 1845">
     <span class='ocr_line' id='line_1_12' title="bbox 404 1757 2177 1845; baseline -0.001 -23"><span class='ocrx_word' id='word_1_127' title='bbox 404 1781 505 1832; x_wconf 62' lang='lat' dir='ltr'>naas.</span> <span class='ocrx_word' id='word_1_128' title='bbox 524 1768 672 1836; x_wconf 86' lang='lat' dir='ltr'>testatur,</span> <span class='ocrx_word' id='word_1_129' title='bbox 696 1757 825 1822; x_wconf 90' lang='lat' dir='ltr'>dicens:</span> <span class='ocrx_word' id='word_1_130' title='bbox 857 1758 901 1822; x_wconf 85' lang='lat' dir='ltr'>Et</span> <span class='ocrx_word' id='word_1_131' title='bbox 922 1759 1081 1845; x_wconf 77' lang='lat' dir='ltr'>propheta</span> <span class='ocrx_word' id='word_1_132' title='bbox 1111 1783 1181 1821; x_wconf 91' lang='lat' dir='ltr'>cum</span> <span class='ocrx_word' id='word_1_133' title='bbox 1211 1759 1367 1822; x_wconf 86' lang='lat' dir='ltr'>errauerit</span> <span class='ocrx_word' id='word_1_134' title='bbox 1393 1783 1413 1820; x_wconf 88' lang='lat' dir='ltr'>a</span> <span class='ocrx_word' id='word_1_135' title='bbox 1435 1780 1484 1820; x_wconf 91' lang='lat' dir='ltr'>me</span> <span class='ocrx_word' id='word_1_136' title='bbox 1506 1770 1535 1821; x_wconf 86' lang='lat' dir='ltr'>et</span> <span class='ocrx_word' id='word_1_137' title='bbox 1557 1757 1676 1820; x_wconf 85' lang='lat' dir='ltr'>locutus</span> <span class='ocrx_word' id='word_1_138' title='bbox 1697 1758 1808 1844; x_wconf 81' lang='lat' dir='ltr'>fnerr&#39;t</span> <span class='ocrx_word' id='word_1_139' title='bbox 1837 1757 1962 1820; x_wconf 82' lang='lat' dir='ltr'>verbnm</span> <span class='ocrx_word' id='word_1_140' title='bbox 1992 1759 2026 1821; x_wconf 88' lang='lat' dir='ltr'>in</span> <span class='ocrx_word' id='word_1_141' title='bbox 2052 1759 2177 1821; x_wconf 88' lang='lat' dir='ltr'>nomine</span> 
     </span>
    </p>

    <p class='ocr_par' dir='ltr' id='par_1_11' title="bbox 524 1861 2177 1951">
     <span class='ocr_line' id='line_1_13' title="bbox 524 1861 2177 1951; baseline -0.001 -23"><span class='ocrx_word' id='word_1_142' title='bbox 524 1889 602 1944; x_wconf 89' lang='lat' dir='ltr'>meo,</span> <span class='ocrx_word' id='word_1_143' title='bbox 633 1865 719 1950; x_wconf 83' lang='lat' dir='ltr'>quod</span> <span class='ocrx_word' id='word_1_144' title='bbox 740 1889 802 1928; x_wconf 88' lang='lat' dir='ltr'>non</span> <span class='ocrx_word' id='word_1_145' title='bbox 822 1867 981 1951; x_wconf 87' lang='lat' dir='ltr'>praecepi</span> <span class='ocrx_word' id='word_1_146' title='bbox 1000 1867 1041 1944; x_wconf 92' lang='lat' dir='ltr'>ei,</span> <span class='ocrx_word' id='word_1_147' title='bbox 1073 1889 1127 1951; x_wconf 75' lang='lat' dir='ltr'>epo</span> <span class='ocrx_word' id='word_1_148' title='bbox 1151 1864 1310 1928; x_wconf 79' lang='lat' dir='ltr'>Dominus</span> <span class='ocrx_word' id='word_1_149' title='bbox 1333 1863 1445 1949; x_wconf 83' lang='lat' dir='ltr'>decepi</span> <span class='ocrx_word' id='word_1_150' title='bbox 1465 1863 1651 1949; x_wconf 81' lang='lat' dir='ltr'>prophetam</span> <span class='ocrx_word' id='word_1_151' title='bbox 1678 1864 1782 1941; x_wconf 83' lang='lat' dir='ltr'>illum,</span> <span class='ocrx_word' id='word_1_152' title='bbox 1812 1883 1893 1948; x_wconf 90' lang='lat' dir='ltr'>quos</span> <span class='ocrx_word' id='word_1_153' title='bbox 1917 1884 2029 1926; x_wconf 84' lang='lat' dir='ltr'>ornnes</span> <span class='ocrx_word' id='word_1_154' title='bbox 2053 1861 2177 1949; x_wconf 85' lang='lat' dir='ltr'>Spiritu</span> 
     </span>
    </p>

    <p class='ocr_par' dir='ltr' id='par_1_12' title="bbox 525 1967 2178 2056">
     <span class='ocr_line' id='line_1_14' title="bbox 525 1967 2178 2056; baseline -0.001 -22"><span class='ocrx_word' id='word_1_155' title='bbox 525 1971 591 2035; x_wconf 91' lang='lat' dir='ltr'>Dei</span> <span class='ocrx_word' id='word_1_156' title='bbox 607 1992 729 2034; x_wconf 87' lang='lat' dir='ltr'>vacuos</span> <span class='ocrx_word' id='word_1_157' title='bbox 752 1982 785 2033; x_wconf 84' lang='lat' dir='ltr'>et</span> <span class='ocrx_word' id='word_1_158' title='bbox 809 1971 923 2056; x_wconf 90' lang='lat' dir='ltr'>spiritu</span> <span class='ocrx_word' id='word_1_159' title='bbox 947 1971 1080 2056; x_wconf 91' lang='lat' dir='ltr'>proprio</span> <span class='ocrx_word' id='word_1_160' title='bbox 1104 1968 1245 2048; x_wconf 91' lang='lat' dir='ltr'>inflatos,</span> <span class='ocrx_word' id='word_1_161' title='bbox 1268 1967 1459 2033; x_wconf 82' lang='lat' dir='ltr'>alienandos</span> <span class='ocrx_word' id='word_1_162' title='bbox 1481 1970 1613 2054; x_wconf 90' lang='lat' dir='ltr'>penitus</span> <span class='ocrx_word' id='word_1_163' title='bbox 1636 1990 1656 2031; x_wconf 90' lang='lat' dir='ltr'>a</span> <span class='ocrx_word' id='word_1_164' title='bbox 1679 1979 1864 2032; x_wconf 90' lang='lat' dir='ltr'>sanctorum</span> <span class='ocrx_word' id='word_1_165' title='bbox 1880 1979 1975 2034; x_wconf 86' lang='lat' dir='ltr'>coetu</span> <span class='ocrx_word' id='word_1_166' title='bbox 1990 1967 2178 2033; x_wconf 85' lang='lat' dir='ltr'>terribiliter</span> 
     </span>
    </p>

    <p class='ocr_par' dir='ltr' id='par_1_13' title="bbox 404 2075 2222 2271">
     <span class='ocr_line' id='line_1_15' title="bbox 404 2075 2178 2164; baseline -0.001 -22"><span class='ocrx_word' id='word_1_167' title='bbox 404 2101 506 2151; x_wconf 65' lang='lat' dir='ltr'>mres.</span> <span class='ocrx_word' id='word_1_168' title='bbox 525 2075 738 2141; x_wconf 90' lang='lat' dir='ltr'>denuntians:</span> <span class='ocrx_word' id='word_1_169' title='bbox 771 2077 811 2141; x_wconf 89' lang='lat' dir='ltr'>In</span> <span class='ocrx_word' id='word_1_170' title='bbox 835 2079 979 2156; x_wconf 86' lang='lat' dir='ltr'>consilio,</span> <span class='ocrx_word' id='word_1_171' title='bbox 1009 2078 1065 2158; x_wconf 88' lang='lat' dir='ltr'>ait,</span> <span class='ocrx_word' id='word_1_172' title='bbox 1092 2079 1214 2164; x_wconf 88' lang='lat' dir='ltr'>populi</span> <span class='ocrx_word' id='word_1_173' title='bbox 1241 2080 1305 2141; x_wconf 88' lang='lat' dir='ltr'>mei</span> <span class='ocrx_word' id='word_1_174' title='bbox 1327 2101 1389 2140; x_wconf 92' lang='lat' dir='ltr'>non</span> <span class='ocrx_word' id='word_1_175' title='bbox 1411 2090 1502 2141; x_wconf 78' lang='lat' dir='ltr'>erum</span> <span class='ocrx_word' id='word_1_176' title='bbox 1530 2090 1559 2140; x_wconf 88' lang='lat' dir='ltr'>et</span> <span class='ocrx_word' id='word_1_177' title='bbox 1586 2079 1622 2140; x_wconf 87' lang='lat' dir='ltr'>in</span> <span class='ocrx_word' id='word_1_178' title='bbox 1650 2079 1828 2162; x_wconf 61' lang='lat' dir='ltr'>ampsuariis</span> <span class='ocrx_word' id='word_1_179' title='bbox 1851 2075 1961 2140; x_wconf 88' lang='lat' dir='ltr'>domus</span> <span class='ocrx_word' id='word_1_180' title='bbox 1983 2075 2089 2140; x_wconf 82' lang='lat' dir='ltr'>Israel</span> <span class='ocrx_word' id='word_1_181' title='bbox 2116 2101 2178 2141; x_wconf 89' lang='lat' dir='ltr'>non</span> 
     </span>
     <span class='ocr_line' id='line_1_16' title="bbox 525 2179 2222 2271; baseline -0.003 -23"><span class='ocrx_word' id='word_1_182' title='bbox 525 2186 700 2248; x_wconf 70' lang='lat' dir='ltr'>anthenor</span> <span class='ocrx_word' id='word_1_183' title='bbox 730 2210 784 2249; x_wconf 91' lang='lat' dir='ltr'>nec</span> <span class='ocrx_word' id='word_1_184' title='bbox 815 2199 931 2249; x_wconf 85' lang='lat' dir='ltr'>terram</span> <span class='ocrx_word' id='word_1_185' title='bbox 956 2184 1062 2249; x_wconf 72' lang='lat' dir='ltr'>Inuel</span> <span class='ocrx_word' id='word_1_186' title='bbox 1089 2184 1315 2271; x_wconf 67' lang='lat' dir='ltr'>inpedientur.</span> <span class='ocrx_word' id='word_1_187' title='bbox 1363 2179 1512 2268; x_wconf 78' lang='lat' dir='ltr'>Cumque</span> <span class='ocrx_word' id='word_1_188' title='bbox 1541 2180 1596 2246; x_wconf 92' lang='lat' dir='ltr'>illo</span> <span class='ocrx_word' id='word_1_189' title='bbox 1626 2183 1782 2246; x_wconf 88' lang='lat' dir='ltr'>reticente</span> <span class='ocrx_word' id='word_1_190' title='bbox 1806 2203 1846 2245; x_wconf 87' lang='lat' dir='ltr'>ac</span> <span class='ocrx_word' id='word_1_191' title='bbox 1869 2182 1910 2245; x_wconf 90' lang='lat' dir='ltr'>de</span> <span class='ocrx_word' id='word_1_192' title='bbox 1934 2180 2177 2247; x_wconf 85' lang='lat' dir='ltr'>mendaciorum</span> <span class='ocrx_word' id='word_1_193' title='bbox 2196 2205 2222 2244; x_wconf 82' lang='lat' dir='ltr'>is</span> 
     </span>
    </p>

    <p class='ocr_par' dir='ltr' id='par_1_14' title="bbox 526 2286 2175 2375">
     <span class='ocr_line' id='line_1_17' title="bbox 526 2286 2175 2375; baseline 0.001 -23"><span class='ocrx_word' id='word_1_194' title='bbox 526 2311 658 2353; x_wconf 90' lang='lat' dir='ltr'>suorum</span> <span class='ocrx_word' id='word_1_195' title='bbox 690 2288 901 2375; x_wconf 87' lang='lat' dir='ltr'>deprehensis</span> <span class='ocrx_word' id='word_1_196' title='bbox 931 2289 1069 2353; x_wconf 86' lang='lat' dir='ltr'>fallaciis</span> <span class='ocrx_word' id='word_1_197' title='bbox 1100 2288 1235 2353; x_wconf 78' lang='lat' dir='ltr'>confrico</span> <span class='ocrx_word' id='word_1_198' title='bbox 1264 2288 1452 2352; x_wconf 86' lang='lat' dir='ltr'>veneranda</span> <span class='ocrx_word' id='word_1_199' title='bbox 1482 2288 1625 2374; x_wconf 88' lang='lat' dir='ltr'>synodus</span> <span class='ocrx_word' id='word_1_200' title='bbox 1654 2286 1795 2373; x_wconf 85' lang='lat' dir='ltr'>plurima</span> <span class='ocrx_word' id='word_1_201' title='bbox 1824 2287 2020 2374; x_wconf 86' lang='lat' dir='ltr'>loqueretur,</span> <span class='ocrx_word' id='word_1_202' title='bbox 2055 2287 2175 2353; x_wconf 88' lang='lat' dir='ltr'>delibe-</span> 
     </span>
    </p>

    <p class='ocr_par' dir='ltr' id='par_1_15' title="bbox 525 2392 2176 2461">
     <span class='ocr_line' id='line_1_18' title="bbox 525 2392 2176 2461; baseline 0 -2"><span class='ocrx_word' id='word_1_203' title='bbox 525 2406 631 2461; x_wconf 88' lang='lat' dir='ltr'>ratum</span> <span class='ocrx_word' id='word_1_204' title='bbox 661 2408 711 2460; x_wconf 89' lang='lat' dir='ltr'>cst</span> <span class='ocrx_word' id='word_1_205' title='bbox 741 2394 921 2460; x_wconf 88' lang='lat' dir='ltr'>doctrinam</span> <span class='ocrx_word' id='word_1_206' title='bbox 952 2396 1036 2459; x_wconf 91' lang='lat' dir='ltr'>hanc</span> <span class='ocrx_word' id='word_1_207' title='bbox 1067 2418 1139 2459; x_wconf 91' lang='lat' dir='ltr'>esse</span> <span class='ocrx_word' id='word_1_208' title='bbox 1171 2395 1302 2459; x_wconf 90' lang='lat' dir='ltr'>omnino</span> <span class='ocrx_word' id='word_1_209' title='bbox 1332 2393 1551 2459; x_wconf 88' lang='lat' dir='ltr'>damnabilem</span> <span class='ocrx_word' id='word_1_210' title='bbox 1583 2407 1615 2458; x_wconf 96' lang='lat' dir='ltr'>et</span> <span class='ocrx_word' id='word_1_211' title='bbox 1644 2392 1686 2458; x_wconf 91' lang='lat' dir='ltr'>ah</span> <span class='ocrx_word' id='word_1_212' title='bbox 1717 2393 1866 2459; x_wconf 89' lang='lat' dir='ltr'>omnibus</span> <span class='ocrx_word' id='word_1_213' title='bbox 1897 2394 2076 2459; x_wconf 89' lang='lat' dir='ltr'>catholicae</span> <span class='ocrx_word' id='word_1_214' title='bbox 2099 2394 2176 2459; x_wconf 88' lang='lat' dir='ltr'>fidei</span> 
     </span>
    </p>

    <p class='ocr_par' dir='ltr' id='par_1_16' title="bbox 365 2500 2177 2587">
     <span class='ocr_line' id='line_1_19' title="bbox 365 2500 2177 2587; baseline -0.001 -18"><span class='ocrx_word' id='word_1_215' title='bbox 365 2527 505 2578; x_wconf 63' lang='lat' dir='ltr'>ireneias.</span> <span class='ocrx_word' id='word_1_216' title='bbox 525 2500 704 2566; x_wconf 89' lang='lat' dir='ltr'>cultoribus</span> <span class='ocrx_word' id='word_1_217' title='bbox 727 2501 872 2565; x_wconf 82' lang='lat' dir='ltr'>funditus</span> <span class='ocrx_word' id='word_1_218' title='bbox 896 2501 1124 2587; x_wconf 88' lang='lat' dir='ltr'>respuendam,</span> <span class='ocrx_word' id='word_1_219' title='bbox 1147 2502 1369 2587; x_wconf 87' lang='lat' dir='ltr'>praecipiente</span> <span class='ocrx_word' id='word_1_220' title='bbox 1387 2500 1482 2565; x_wconf 92' lang='lat' dir='ltr'>nobis</span> <span class='ocrx_word' id='word_1_221' title='bbox 1498 2500 1644 2587; x_wconf 88' lang='lat' dir='ltr'>apostolo</span> <span class='ocrx_word' id='word_1_222' title='bbox 1661 2523 1700 2564; x_wconf 88' lang='lat' dir='ltr'>ac</span> <span class='ocrx_word' id='word_1_223' title='bbox 1716 2501 1862 2565; x_wconf 88' lang='lat' dir='ltr'>dicente:</span> <span class='ocrx_word' id='word_1_224' title='bbox 1887 2502 2052 2567; x_wconf 86' lang='lat' dir='ltr'>Doctrinis</span> <span class='ocrx_word' id='word_1_225' title='bbox 2074 2505 2177 2567; x_wconf 66' lang='lat' dir='ltr'>varin</span> 
     </span>
    </p>

    <p class='ocr_par' dir='ltr' id='par_1_17' title="bbox 526 2606 2222 2801">
     <span class='ocr_line' id='line_1_20' title="bbox 526 2606 2177 2697; baseline -0.001 -23"><span class='ocrx_word' id='word_1_226' title='bbox 526 2624 554 2674; x_wconf 92' lang='lat' dir='ltr'>et</span> <span class='ocrx_word' id='word_1_227' title='bbox 569 2612 754 2697; x_wconf 80' lang='lat' dir='ltr'>pereprinis</span> <span class='ocrx_word' id='word_1_228' title='bbox 776 2611 872 2673; x_wconf 85' lang='lat' dir='ltr'>nolite</span> <span class='ocrx_word' id='word_1_229' title='bbox 895 2609 1030 2690; x_wconf 81' lang='lat' dir='ltr'>abduci,-</span> <span class='ocrx_word' id='word_1_230' title='bbox 1060 2606 1224 2672; x_wconf 89' lang='lat' dir='ltr'>diversam</span> <span class='ocrx_word' id='word_1_231' title='bbox 1253 2630 1324 2672; x_wconf 90' lang='lat' dir='ltr'>esse</span> <span class='ocrx_word' id='word_1_232' title='bbox 1348 2609 1443 2671; x_wconf 88' lang='lat' dir='ltr'>istam</span> <span class='ocrx_word' id='word_1_233' title='bbox 1467 2607 1648 2672; x_wconf 85' lang='lat' dir='ltr'>doctrinam</span> <span class='ocrx_word' id='word_1_234' title='bbox 1671 2630 1691 2671; x_wconf 92' lang='lat' dir='ltr'>a</span> <span class='ocrx_word' id='word_1_235' title='bbox 1713 2608 1899 2672; x_wconf 89' lang='lat' dir='ltr'>sinceritate</span> <span class='ocrx_word' id='word_1_236' title='bbox 1922 2629 2021 2672; x_wconf 87' lang='lat' dir='ltr'>verae</span> <span class='ocrx_word' id='word_1_237' title='bbox 2044 2606 2121 2672; x_wconf 89' lang='lat' dir='ltr'>fidei</span> <span class='ocrx_word' id='word_1_238' title='bbox 2144 2621 2177 2672; x_wconf 88' lang='lat' dir='ltr'>et</span> 
     </span>
     <span class='ocr_line' id='line_1_21' title="bbox 526 2714 2222 2801; baseline -0.002 -21"><span class='ocrx_word' id='word_1_239' title='bbox 526 2716 657 2780; x_wconf 91' lang='lat' dir='ltr'>omnino</span> <span class='ocrx_word' id='word_1_240' title='bbox 681 2714 723 2780; x_wconf 93' lang='lat' dir='ltr'>ah</span> <span class='ocrx_word' id='word_1_241' title='bbox 747 2714 887 2779; x_wconf 88' lang='lat' dir='ltr'>ecclesia</span> <span class='ocrx_word' id='word_1_242' title='bbox 909 2716 1126 2801; x_wconf 88' lang='lat' dir='ltr'>peregrinam,</span> <span class='ocrx_word' id='word_1_243' title='bbox 1157 2715 1279 2800; x_wconf 91' lang='lat' dir='ltr'>quippe</span> <span class='ocrx_word' id='word_1_244' title='bbox 1303 2737 1401 2801; x_wconf 87' lang='lat' dir='ltr'>quam</span> <span class='ocrx_word' id='word_1_245' title='bbox 1425 2737 1519 2778; x_wconf 89' lang='lat' dir='ltr'>nemo</span> <span class='ocrx_word' id='word_1_246' title='bbox 1544 2714 1775 2779; x_wconf 84' lang='lat' dir='ltr'>ortodoxorum</span> <span class='ocrx_word' id='word_1_247' title='bbox 1798 2725 1926 2801; x_wconf 89' lang='lat' dir='ltr'>patrum</span> <span class='ocrx_word' id='word_1_248' title='bbox 1957 2716 2057 2797; x_wconf 84' lang='lat' dir='ltr'>novit,</span> <span class='ocrx_word' id='word_1_249' title='bbox 2088 2715 2177 2780; x_wconf 90' lang='lat' dir='ltr'>nulla</span> <span class='ocrx_word' id='word_1_250' title='bbox 2194 2737 2222 2777; x_wconf 83' lang='lat' dir='ltr'>so</span> 
     </span>
    </p>

    <p class='ocr_par' dir='ltr' id='par_1_18' title="bbox 526 2820 2176 2908">
     <span class='ocr_line' id='line_1_22' title="bbox 526 2820 2176 2908; baseline 0.001 -24"><span class='ocrx_word' id='word_1_251' title='bbox 526 2822 673 2886; x_wconf 90' lang='lat' dir='ltr'>veritatis</span> <span class='ocrx_word' id='word_1_252' title='bbox 695 2823 778 2886; x_wconf 90' lang='lat' dir='ltr'>ratio</span> <span class='ocrx_word' id='word_1_253' title='bbox 802 2821 904 2903; x_wconf 89' lang='lat' dir='ltr'>fulcit,</span> <span class='ocrx_word' id='word_1_254' title='bbox 928 2820 987 2885; x_wconf 90' lang='lat' dir='ltr'>sed</span> <span class='ocrx_word' id='word_1_255' title='bbox 1010 2822 1158 2884; x_wconf 84' lang='lat' dir='ltr'>novicius</span> <span class='ocrx_word' id='word_1_256' title='bbox 1182 2832 1280 2908; x_wconf 90' lang='lat' dir='ltr'>atque</span> <span class='ocrx_word' id='word_1_257' title='bbox 1305 2821 1508 2885; x_wconf 81' lang='lat' dir='ltr'>adventicius</span> <span class='ocrx_word' id='word_1_258' title='bbox 1536 2843 1627 2885; x_wconf 90' lang='lat' dir='ltr'>error</span> <span class='ocrx_word' id='word_1_259' title='bbox 1655 2821 1801 2902; x_wconf 84' lang='lat' dir='ltr'>induxit;</span> <span class='ocrx_word' id='word_1_260' title='bbox 1831 2821 1963 2886; x_wconf 88' lang='lat' dir='ltr'>umbras</span> <span class='ocrx_word' id='word_1_261' title='bbox 1993 2831 2027 2885; x_wconf 91' lang='lat' dir='ltr'>ct</span> <span class='ocrx_word' id='word_1_262' title='bbox 2055 2820 2176 2907; x_wconf 82' lang='lat' dir='ltr'>figuras</span> 
     </span>
    </p>

    <p class='ocr_par' dir='ltr' id='par_1_19' title="bbox 526 2926 2177 3014">
     <span class='ocr_line' id='line_1_23' title="bbox 526 2926 2177 3014; baseline -0.001 -21"><span class='ocrx_word' id='word_1_263' title='bbox 526 2929 561 2993; x_wconf 92' lang='lat' dir='ltr'>in</span> <span class='ocrx_word' id='word_1_264' title='bbox 585 2928 798 2992; x_wconf 89' lang='lat' dir='ltr'>caeremoniis</span> <span class='ocrx_word' id='word_1_265' title='bbox 822 2928 1008 2991; x_wconf 88' lang='lat' dir='ltr'>testamenti</span> <span class='ocrx_word' id='word_1_266' title='bbox 1031 2928 1151 2992; x_wconf 89' lang='lat' dir='ltr'>veteris</span> <span class='ocrx_word' id='word_1_267' title='bbox 1176 2929 1332 3008; x_wconf 85' lang='lat' dir='ltr'>extitisse,</span> <span class='ocrx_word' id='word_1_268' title='bbox 1364 2950 1484 2992; x_wconf 87' lang='lat' dir='ltr'>novum</span> <span class='ocrx_word' id='word_1_269' title='bbox 1507 2926 1668 2992; x_wconf 88' lang='lat' dir='ltr'>adventus</span> <span class='ocrx_word' id='word_1_270' title='bbox 1691 2926 1812 2991; x_wconf 83' lang='lat' dir='ltr'>Christi</span> <span class='ocrx_word' id='word_1_271' title='bbox 1836 2928 1972 2992; x_wconf 87' lang='lat' dir='ltr'>veritate</span> <span class='ocrx_word' id='word_1_272' title='bbox 1996 2927 2121 3014; x_wconf 85' lang='lat' dir='ltr'>fulgere</span> <span class='ocrx_word' id='word_1_273' title='bbox 2145 2939 2177 2992; x_wconf 90' lang='lat' dir='ltr'>et</span> 
     </span>
    </p>

    <p class='ocr_par' dir='ltr' id='par_1_20' title="bbox 402 3031 2176 3138">
     <span class='ocr_line' id='line_1_24' title="bbox 402 3031 2176 3138; baseline 0 -39"><span class='ocrx_word' id='word_1_274' title='bbox 402 3041 508 3138; x_wconf 56' lang='lat' dir='ltr'>’iffib</span> <span class='ocrx_word' id='word_1_275' title='bbox 527 3034 605 3099; x_wconf 84' lang='lat' dir='ltr'>fidei</span> <span class='ocrx_word' id='word_1_276' title='bbox 639 3035 780 3121; x_wconf 88' lang='lat' dir='ltr'>puritate</span> <span class='ocrx_word' id='word_1_277' title='bbox 816 3044 914 3120; x_wconf 89' lang='lat' dir='ltr'>atque</span> <span class='ocrx_word' id='word_1_278' title='bbox 949 3031 1178 3098; x_wconf 86' lang='lat' dir='ltr'>observantiae</span> <span class='ocrx_word' id='word_1_279' title='bbox 1213 3033 1419 3120; x_wconf 88' lang='lat' dir='ltr'>simplicitate</span> <span class='ocrx_word' id='word_1_280' title='bbox 1455 3034 1649 3116; x_wconf 89' lang='lat' dir='ltr'>consistere,</span> <span class='ocrx_word' id='word_1_281' title='bbox 1689 3044 1827 3098; x_wconf 86' lang='lat' dir='ltr'>testante</span> <span class='ocrx_word' id='word_1_282' title='bbox 1862 3034 2024 3121; x_wconf 88' lang='lat' dir='ltr'>apostolo:</span> <span class='ocrx_word' id='word_1_283' title='bbox 2069 3035 2176 3100; x_wconf 83' lang='lat' dir='ltr'>Vetera</span> 
     </span>
    </p>

    <p class='ocr_par' dir='ltr' id='par_1_21' title="bbox 445 3121 2222 3334">
     <span class='ocr_line' id='line_1_25' title="bbox 445 3121 2177 3229; baseline -0.002 -21"><span class='ocrx_word' id='word_1_284' title='bbox 445 3128 451 3140; x_wconf 49' lang='lat'>⁸</span> <span class='ocrx_word' id='word_1_285' title='bbox 484 3121 491 3137; x_wconf 90' lang='lat'><strong>.</strong></span> <span class='ocrx_word' id='word_1_286' title='bbox 528 3146 730 3222; x_wconf 79' lang='lat' dir='ltr'>transierunt,</span> <span class='ocrx_word' id='word_1_287' title='bbox 753 3166 820 3206; x_wconf 85' lang='lat' dir='ltr'>ecee</span> <span class='ocrx_word' id='word_1_288' title='bbox 842 3143 940 3229; x_wconf 81' lang='lat' dir='ltr'>facta</span> <span class='ocrx_word' id='word_1_289' title='bbox 961 3156 1035 3205; x_wconf 88' lang='lat' dir='ltr'>sunt</span> <span class='ocrx_word' id='word_1_290' title='bbox 1056 3166 1147 3205; x_wconf 86' lang='lat' dir='ltr'>nova.</span> <span class='ocrx_word' id='word_1_291' title='bbox 1197 3140 1312 3205; x_wconf 89' lang='lat' dir='ltr'>Omnia</span> <span class='ocrx_word' id='word_1_292' title='bbox 1335 3154 1436 3204; x_wconf 84' lang='lat' dir='ltr'>autem</span> <span class='ocrx_word' id='word_1_293' title='bbox 1460 3165 1499 3205; x_wconf 74' lang='lat' dir='ltr'>ecc</span> <span class='ocrx_word' id='word_1_294' title='bbox 1521 3141 1600 3221; x_wconf 89' lang='lat' dir='ltr'>Deo,</span> <span class='ocrx_word' id='word_1_295' title='bbox 1630 3144 1690 3227; x_wconf 85' lang='lat' dir='ltr'>qui</span> <span class='ocrx_word' id='word_1_296' title='bbox 1715 3144 1935 3206; x_wconf 86' lang='lat' dir='ltr'>reconciliavit</span> <span class='ocrx_word' id='word_1_297' title='bbox 1955 3166 2012 3206; x_wconf 88' lang='lat' dir='ltr'>nos</span> <span class='ocrx_word' id='word_1_298' title='bbox 2033 3144 2101 3206; x_wconf 86' lang='lat' dir='ltr'>sibi</span> <span class='ocrx_word' id='word_1_299' title='bbox 2114 3167 2177 3228; x_wconf 85' lang='lat' dir='ltr'>per</span> 
     </span>
     <span class='ocr_line' id='line_1_26' title="bbox 531 3246 2222 3334; baseline -0.002 -20"><span class='ocrx_word' id='word_1_300' title='bbox 531 3249 708 3329; x_wconf 71' lang='lat' dir='ltr'>Christian,</span> <span class='ocrx_word' id='word_1_301' title='bbox 738 3248 847 3312; x_wconf 90' lang='lat' dir='ltr'>omnis</span> <span class='ocrx_word' id='word_1_302' title='bbox 876 3248 984 3332; x_wconf 85' lang='lat' dir='ltr'>igitur,</span> <span class='ocrx_word' id='word_1_303' title='bbox 1014 3246 1049 3311; x_wconf 93' lang='lat' dir='ltr'>id</span> <span class='ocrx_word' id='word_1_304' title='bbox 1077 3260 1126 3310; x_wconf 88' lang='lat' dir='ltr'>est</span> <span class='ocrx_word' id='word_1_305' title='bbox 1156 3257 1189 3310; x_wconf 87' lang='lat' dir='ltr'>et</span> <span class='ocrx_word' id='word_1_306' title='bbox 1217 3257 1331 3310; x_wconf 85' lang='lat' dir='ltr'>vetera</span> <span class='ocrx_word' id='word_1_307' title='bbox 1361 3257 1393 3309; x_wconf 90' lang='lat' dir='ltr'>et</span> <span class='ocrx_word' id='word_1_308' title='bbox 1415 3268 1511 3327; x_wconf 89' lang='lat' dir='ltr'>nova,</span> <span class='ocrx_word' id='word_1_309' title='bbox 1542 3257 1575 3310; x_wconf 90' lang='lat' dir='ltr'>et</span> <span class='ocrx_word' id='word_1_310' title='bbox 1603 3257 1717 3333; x_wconf 89' lang='lat' dir='ltr'>typum</span> <span class='ocrx_word' id='word_1_311' title='bbox 1747 3246 1828 3333; x_wconf 85' lang='lat' dir='ltr'>legis</span> <span class='ocrx_word' id='word_1_312' title='bbox 1852 3258 1885 3311; x_wconf 90' lang='lat' dir='ltr'>et</span> <span class='ocrx_word' id='word_1_313' title='bbox 1907 3247 2068 3334; x_wconf 85' lang='lat' dir='ltr'>evangelii</span> <span class='ocrx_word' id='word_1_314' title='bbox 2092 3250 2175 3312; x_wconf 88' lang='lat' dir='ltr'>veri·</span> <span class='ocrx_word' id='word_1_315' title='bbox 2195 3269 2222 3310; x_wconf 83' lang='lat' dir='ltr'>ss</span> 
     </span>
    </p>

    <p class='ocr_par' dir='ltr' id='par_1_22' title="bbox 526 3351 2174 3439">
     <span class='ocr_line' id='line_1_27' title="bbox 526 3351 2174 3439; baseline -0.001 -19"><span class='ocrx_word' id='word_1_316' title='bbox 526 3366 637 3438; x_wconf 89' lang='lat' dir='ltr'>tatem,</span> <span class='ocrx_word' id='word_1_317' title='bbox 667 3355 762 3418; x_wconf 91' lang='lat' dir='ltr'>unius</span> <span class='ocrx_word' id='word_1_318' title='bbox 792 3364 825 3418; x_wconf 90' lang='lat' dir='ltr'>et</span> <span class='ocrx_word' id='word_1_319' title='bbox 855 3354 954 3418; x_wconf 92' lang='lat' dir='ltr'>solius</span> <span class='ocrx_word' id='word_1_320' title='bbox 978 3352 1053 3435; x_wconf 90' lang='lat' dir='ltr'>Dei,</span> <span class='ocrx_word' id='word_1_321' title='bbox 1084 3376 1149 3417; x_wconf 91' lang='lat' dir='ltr'>non</span> <span class='ocrx_word' id='word_1_322' title='bbox 1181 3354 1371 3438; x_wconf 89' lang='lat' dir='ltr'>cuiusquam</span> <span class='ocrx_word' id='word_1_323' title='bbox 1402 3351 1541 3417; x_wconf 92' lang='lat' dir='ltr'>hominis</span> <span class='ocrx_word' id='word_1_324' title='bbox 1571 3366 1627 3417; x_wconf 93' lang='lat' dir='ltr'>aut</span> <span class='ocrx_word' id='word_1_325' title='bbox 1656 3353 1764 3439; x_wconf 90' lang='lat' dir='ltr'>augeli</span> <span class='ocrx_word' id='word_1_326' title='bbox 1792 3355 1984 3419; x_wconf 90' lang='lat' dir='ltr'>auctoritate</span> <span class='ocrx_word' id='word_1_327' title='bbox 2008 3365 2174 3436; x_wconf 81' lang='lat' dir='ltr'>constare3</span> 
     </span>
    </p>

    <p class='ocr_par' dir='ltr' id='par_1_23' title="bbox 526 3459 2176 3547">
     <span class='ocr_line' id='line_1_28' title="bbox 526 3459 2176 3547; baseline -0.001 -21"><span class='ocrx_word' id='word_1_328' title='bbox 526 3461 613 3526; x_wconf 91' lang='lat' dir='ltr'>unde</span> <span class='ocrx_word' id='word_1_329' title='bbox 629 3461 751 3525; x_wconf 90' lang='lat' dir='ltr'>nemini</span> <span class='ocrx_word' id='word_1_330' title='bbox 768 3461 908 3542; x_wconf 89' lang='lat' dir='ltr'>omnino,</span> <span class='ocrx_word' id='word_1_331' title='bbox 932 3471 1007 3547; x_wconf 91' lang='lat' dir='ltr'>post</span> <span class='ocrx_word' id='word_1_332' title='bbox 1021 3461 1190 3547; x_wconf 87' lang='lat' dir='ltr'>utriusque</span> <span class='ocrx_word' id='word_1_333' title='bbox 1207 3462 1392 3523; x_wconf 88' lang='lat' dir='ltr'>testamenti</span> <span class='ocrx_word' id='word_1_334' title='bbox 1407 3460 1571 3524; x_wconf 91' lang='lat' dir='ltr'>ministros</span> <span class='ocrx_word' id='word_1_335' title='bbox 1587 3460 1698 3524; x_wconf 90' lang='lat' dir='ltr'>divino</span> <span class='ocrx_word' id='word_1_336' title='bbox 1715 3459 1840 3546; x_wconf 88' lang='lat' dir='ltr'>Spiritu</span> <span class='ocrx_word' id='word_1_337' title='bbox 1856 3460 2040 3542; x_wconf 87' lang='lat' dir='ltr'>illustratos,</span> <span class='ocrx_word' id='word_1_338' title='bbox 2064 3461 2176 3525; x_wconf 88' lang='lat' dir='ltr'>divina</span> 
     </span>
    </p>

    <p class='ocr_par' dir='ltr' id='par_1_24' title="bbox 527 3565 2174 3653">
     <span class='ocr_line' id='line_1_29' title="bbox 527 3565 2174 3653; baseline 0.001 -21"><span class='ocrx_word' id='word_1_339' title='bbox 527 3569 718 3633; x_wconf 88' lang='lat' dir='ltr'>auctoritate</span> <span class='ocrx_word' id='word_1_340' title='bbox 743 3566 910 3649; x_wconf 82' lang='lat' dir='ltr'>subnixos,</span> <span class='ocrx_word' id='word_1_341' title='bbox 941 3568 974 3631; x_wconf 94' lang='lat' dir='ltr'>in</span> <span class='ocrx_word' id='word_1_342' title='bbox 1005 3565 1123 3653; x_wconf 91' lang='lat' dir='ltr'>quibus</span> <span class='ocrx_word' id='word_1_343' title='bbox 1147 3576 1180 3629; x_wconf 90' lang='lat' dir='ltr'>et</span> <span class='ocrx_word' id='word_1_344' title='bbox 1203 3589 1262 3653; x_wconf 90' lang='lat' dir='ltr'>per</span> <span class='ocrx_word' id='word_1_345' title='bbox 1284 3589 1365 3652; x_wconf 91' lang='lat' dir='ltr'>quos</span> <span class='ocrx_word' id='word_1_346' title='bbox 1389 3588 1438 3647; x_wconf 91' lang='lat' dir='ltr'>ea,</span> <span class='ocrx_word' id='word_1_347' title='bbox 1470 3588 1554 3652; x_wconf 87' lang='lat' dir='ltr'>quae</span> <span class='ocrx_word' id='word_1_348' title='bbox 1585 3565 1723 3630; x_wconf 88' lang='lat' dir='ltr'>diversis</span> <span class='ocrx_word' id='word_1_349' title='bbox 1750 3566 1949 3652; x_wconf 86' lang='lat' dir='ltr'>temporibus</span> <span class='ocrx_word' id='word_1_350' title='bbox 1973 3565 2015 3631; x_wconf 89' lang='lat' dir='ltr'>ad</span> <span class='ocrx_word' id='word_1_351' title='bbox 2039 3568 2174 3633; x_wconf 89' lang='lat' dir='ltr'>salutem</span> 
     </span>
    </p>

    <p class='ocr_par' dir='ltr' id='par_1_25' title="bbox 525 3670 2222 3865">
     <span class='ocr_line' id='line_1_30' title="bbox 525 3670 2176 3761; baseline 0.001 -23"><span class='ocrx_word' id='word_1_352' title='bbox 525 3672 637 3761; x_wconf 91' lang='lat' dir='ltr'>populi</span> <span class='ocrx_word' id='word_1_353' title='bbox 669 3674 719 3736; x_wconf 91' lang='lat' dir='ltr'>sui</span> <span class='ocrx_word' id='word_1_354' title='bbox 750 3694 895 3758; x_wconf 84' lang='lat' dir='ltr'>congrus</span> <span class='ocrx_word' id='word_1_355' title='bbox 917 3671 1084 3754; x_wconf 89' lang='lat' dir='ltr'>iudicavit,</span> <span class='ocrx_word' id='word_1_356' title='bbox 1108 3673 1277 3736; x_wconf 88' lang='lat' dir='ltr'>evidenter</span> <span class='ocrx_word' id='word_1_357' title='bbox 1300 3672 1392 3736; x_wconf 89' lang='lat' dir='ltr'>Deus</span> <span class='ocrx_word' id='word_1_358' title='bbox 1423 3682 1456 3736; x_wconf 89' lang='lat' dir='ltr'>et</span> <span class='ocrx_word' id='word_1_359' title='bbox 1479 3683 1631 3759; x_wconf 89' lang='lat' dir='ltr'>operatus</span> <span class='ocrx_word' id='word_1_360' title='bbox 1662 3684 1711 3736; x_wconf 89' lang='lat' dir='ltr'>est</span> <span class='ocrx_word' id='word_1_361' title='bbox 1734 3683 1766 3737; x_wconf 90' lang='lat' dir='ltr'>et</span> <span class='ocrx_word' id='word_1_362' title='bbox 1795 3670 1932 3754; x_wconf 90' lang='lat' dir='ltr'>locutus,</span> <span class='ocrx_word' id='word_1_363' title='bbox 1962 3672 2092 3739; x_wconf 84' lang='lat' dir='ltr'>licuisse</span> <span class='ocrx_word' id='word_1_364' title='bbox 2121 3687 2176 3739; x_wconf 89' lang='lat' dir='ltr'>sut</span> 
     </span>
     <span class='ocr_line' id='line_1_31' title="bbox 526 3778 2222 3865; baseline -0.002 -20"><span class='ocrx_word' id='word_1_365' title='bbox 526 3781 625 3845; x_wconf 87' lang='lat' dir='ltr'>licere</span> <span class='ocrx_word' id='word_1_366' title='bbox 648 3802 735 3844; x_wconf 89' lang='lat' dir='ltr'>nova</span> <span class='ocrx_word' id='word_1_367' title='bbox 757 3779 935 3864; x_wconf 83' lang='lat' dir='ltr'>figurarum</span> <span class='ocrx_word' id='word_1_368' title='bbox 958 3800 1080 3864; x_wconf 83' lang='lat' dir='ltr'>genera</span> <span class='ocrx_word' id='word_1_369' title='bbox 1102 3778 1154 3842; x_wconf 89' lang='lat' dir='ltr'>vel</span> <span class='ocrx_word' id='word_1_370' title='bbox 1186 3780 1414 3865; x_wconf 84' lang='lat' dir='ltr'>mysteriorum</span> <span class='ocrx_word' id='word_1_371' title='bbox 1445 3790 1650 3844; x_wconf 89' lang='lat' dir='ltr'>sacramenta</span> <span class='ocrx_word' id='word_1_372' title='bbox 1679 3781 1806 3844; x_wconf 87' lang='lat' dir='ltr'>sancire</span> <span class='ocrx_word' id='word_1_373' title='bbox 1830 3789 1863 3844; x_wconf 88' lang='lat' dir='ltr'>ct</span> <span class='ocrx_word' id='word_1_374' title='bbox 1884 3780 1959 3844; x_wconf 89' lang='lat' dir='ltr'>ideo</span> <span class='ocrx_word' id='word_1_375' title='bbox 1982 3780 2222 3846; x_wconf 82' lang='lat' dir='ltr'>rationabilem</span> 
     </span>
    </p>

    <p class='ocr_par' dir='ltr' id='par_1_26' title="bbox 527 3884 2175 3973">
     <span class='ocr_line' id='line_1_32' title="bbox 527 3884 2175 3973; baseline 0 -22"><span class='ocrx_word' id='word_1_376' title='bbox 527 3885 719 3973; x_wconf 88' lang='lat' dir='ltr'>obsequium</span> <span class='ocrx_word' id='word_1_377' title='bbox 743 3884 913 3966; x_wconf 90' lang='lat' dir='ltr'>ecclesiae,</span> <span class='ocrx_word' id='word_1_378' title='bbox 945 3886 1013 3949; x_wconf 87' lang='lat' dir='ltr'>sive</span> <span class='ocrx_word' id='word_1_379' title='bbox 1037 3886 1071 3949; x_wconf 91' lang='lat' dir='ltr'>in</span> <span class='ocrx_word' id='word_1_380' title='bbox 1095 3897 1211 3949; x_wconf 88' lang='lat' dir='ltr'>ornatu</span> <span class='ocrx_word' id='word_1_381' title='bbox 1236 3887 1373 3949; x_wconf 90' lang='lat' dir='ltr'>vestium</span> <span class='ocrx_word' id='word_1_382' title='bbox 1397 3886 1466 3949; x_wconf 86' lang='lat' dir='ltr'>sive</span> <span class='ocrx_word' id='word_1_383' title='bbox 1490 3887 1524 3948; x_wconf 93' lang='lat' dir='ltr'>in</span> <span class='ocrx_word' id='word_1_384' title='bbox 1546 3885 1716 3972; x_wconf 89' lang='lat' dir='ltr'>multiplici</span> <span class='ocrx_word' id='word_1_385' title='bbox 1740 3909 1891 3951; x_wconf 88' lang='lat' dir='ltr'>vasorum</span> <span class='ocrx_word' id='word_1_386' title='bbox 1922 3888 2111 3969; x_wconf 85' lang='lat' dir='ltr'>ministerio,</span> <span class='ocrx_word' id='word_1_387' title='bbox 2142 3890 2175 3951; x_wconf 92' lang='lat' dir='ltr'>in</span> 
     </span>
    </p>

    <p class='ocr_par' dir='ltr' id='par_1_27' title="bbox 527 3989 2176 4080">
     <span class='ocr_line' id='line_1_33' title="bbox 527 3989 2176 4080; baseline 0.001 -23"><span class='ocrx_word' id='word_1_388' title='bbox 527 3993 734 4080; x_wconf 88' lang='lat' dir='ltr'>simplicitate</span> <span class='ocrx_word' id='word_1_389' title='bbox 763 3992 912 4056; x_wconf 87' lang='lat' dir='ltr'>veritatis</span> <span class='ocrx_word' id='word_1_390' title='bbox 942 4002 975 4055; x_wconf 91' lang='lat' dir='ltr'>et</span> <span class='ocrx_word' id='word_1_391' title='bbox 1003 3990 1080 4055; x_wconf 86' lang='lat' dir='ltr'>fidei</span> <span class='ocrx_word' id='word_1_392' title='bbox 1110 3993 1251 4078; x_wconf 88' lang='lat' dir='ltr'>puritate</span> <span class='ocrx_word' id='word_1_393' title='bbox 1281 3989 1395 4077; x_wconf 89' lang='lat' dir='ltr'>procul</span> <span class='ocrx_word' id='word_1_394' title='bbox 1427 3993 1514 4055; x_wconf 92' lang='lat' dir='ltr'>omni</span> <span class='ocrx_word' id='word_1_395' title='bbox 1544 3994 1781 4078; x_wconf 87' lang='lat' dir='ltr'>superstitionis</span> <span class='ocrx_word' id='word_1_396' title='bbox 1813 3993 2017 4076; x_wconf 79' lang='lat' dir='ltr'>fantasmata,</span> <span class='ocrx_word' id='word_1_397' title='bbox 2052 4005 2176 4059; x_wconf 89' lang='lat' dir='ltr'>remota</span> 
     </span>
    </p>

    <p class='ocr_par' dir='ltr' id='par_1_28' title="bbox 528 4097 2176 4184">
     <span class='ocr_line' id='line_1_34' title="bbox 528 4097 2176 4184; baseline 0 -20"><span class='ocrx_word' id='word_1_398' title='bbox 528 4101 615 4164; x_wconf 92' lang='lat' dir='ltr'>omni</span> <span class='ocrx_word' id='word_1_399' title='bbox 646 4097 794 4163; x_wconf 90' lang='lat' dir='ltr'>nebulosi</span> <span class='ocrx_word' id='word_1_400' title='bbox 826 4097 986 4184; x_wconf 86' lang='lat' dir='ltr'>dogmatis</span> <span class='ocrx_word' id='word_1_401' title='bbox 1016 4100 1171 4180; x_wconf 91' lang='lat' dir='ltr'>vanitate,</span> <span class='ocrx_word' id='word_1_402' title='bbox 1202 4120 1282 4184; x_wconf 88' lang='lat' dir='ltr'>pure</span> <span class='ocrx_word' id='word_1_403' title='bbox 1307 4097 1380 4161; x_wconf 90' lang='lat' dir='ltr'>Deo</span> <span class='ocrx_word' id='word_1_404' title='bbox 1411 4109 1444 4161; x_wconf 89' lang='lat' dir='ltr'>et</span> <span class='ocrx_word' id='word_1_405' title='bbox 1474 4097 1663 4184; x_wconf 88' lang='lat' dir='ltr'>simpliciter</span> <span class='ocrx_word' id='word_1_406' title='bbox 1692 4098 1914 4164; x_wconf 82' lang='lat' dir='ltr'>exhibendum</span> <span class='ocrx_word' id='word_1_407' title='bbox 1944 4123 2032 4184; x_wconf 81' lang='lat' dir='ltr'>esse3</span> <span class='ocrx_word' id='word_1_408' title='bbox 2063 4103 2097 4164; x_wconf 91' lang='lat' dir='ltr'>in</span> <span class='ocrx_word' id='word_1_409' title='bbox 2126 4100 2176 4164; x_wconf 90' lang='lat' dir='ltr'>his</span> 
     </span>
    </p>

    <p class='ocr_par' dir='ltr' id='par_1_29' title="bbox 527 4203 2224 4399">
     <span class='ocr_line' id='line_1_35' title="bbox 527 4203 2176 4293; baseline 0 -22"><span class='ocrx_word' id='word_1_410' title='bbox 527 4206 682 4271; x_wconf 90' lang='lat' dir='ltr'>honorem</span> <span class='ocrx_word' id='word_1_411' title='bbox 699 4205 876 4291; x_wconf 82' lang='lat' dir='ltr'>religionis,</span> <span class='ocrx_word' id='word_1_412' title='bbox 900 4206 1116 4270; x_wconf 87' lang='lat' dir='ltr'>reverentiam</span> <span class='ocrx_word' id='word_1_413' title='bbox 1133 4204 1235 4268; x_wconf 86' lang='lat' dir='ltr'>divini</span> <span class='ocrx_word' id='word_1_414' title='bbox 1254 4203 1369 4286; x_wconf 92' lang='lat' dir='ltr'>cultus,</span> <span class='ocrx_word' id='word_1_415' title='bbox 1393 4203 1549 4269; x_wconf 86' lang='lat' dir='ltr'>laetitiam</span> <span class='ocrx_word' id='word_1_416' title='bbox 1566 4203 1749 4269; x_wconf 84' lang='lat' dir='ltr'>Christiane</span> <span class='ocrx_word' id='word_1_417' title='bbox 1766 4205 1958 4287; x_wconf 87' lang='lat' dir='ltr'>devotionis,</span> <span class='ocrx_word' id='word_1_418' title='bbox 1974 4230 2040 4270; x_wconf 91' lang='lat' dir='ltr'>non</span> <span class='ocrx_word' id='word_1_419' title='bbox 2056 4208 2176 4293; x_wconf 79' lang='lat' dir='ltr'>figrmas</span> 
     </span>
     <span class='ocr_line' id='line_1_36' title="bbox 528 4309 2224 4399; baseline -0.004 -21"><span class='ocrx_word' id='word_1_420' title='bbox 528 4313 654 4399; x_wconf 90' lang='lat' dir='ltr'>aliquas</span> <span class='ocrx_word' id='word_1_421' title='bbox 677 4312 729 4376; x_wconf 88' lang='lat' dir='ltr'>vel</span> <span class='ocrx_word' id='word_1_422' title='bbox 753 4315 909 4398; x_wconf 89' lang='lat' dir='ltr'>mysteria</span> <span class='ocrx_word' id='word_1_423' title='bbox 932 4313 1094 4377; x_wconf 89' lang='lat' dir='ltr'>vanitatis.</span> <span class='ocrx_word' id='word_1_424' title='bbox 1140 4312 1210 4376; x_wconf 90' lang='lat' dir='ltr'>Iam</span> <span class='ocrx_word' id='word_1_425' title='bbox 1241 4334 1319 4376; x_wconf 88' lang='lat' dir='ltr'>vcro</span> <span class='ocrx_word' id='word_1_426' title='bbox 1350 4309 1441 4390; x_wconf 92' lang='lat' dir='ltr'>illud,</span> <span class='ocrx_word' id='word_1_427' title='bbox 1473 4311 1561 4396; x_wconf 90' lang='lat' dir='ltr'>quod</span> <span class='ocrx_word' id='word_1_428' title='bbox 1591 4334 1708 4398; x_wconf 90' lang='lat' dir='ltr'>corpus</span> <span class='ocrx_word' id='word_1_429' title='bbox 1732 4310 1854 4377; x_wconf 87' lang='lat' dir='ltr'>Christi</span> <span class='ocrx_word' id='word_1_430' title='bbox 1884 4313 2028 4377; x_wconf 88' lang='lat' dir='ltr'>triforme</span> <span class='ocrx_word' id='word_1_431' title='bbox 2059 4325 2092 4379; x_wconf 89' lang='lat' dir='ltr'>ct</span> <span class='ocrx_word' id='word_1_432' title='bbox 2121 4316 2176 4378; x_wconf 90' lang='lat' dir='ltr'>tri·</span> <span class='ocrx_word' id='word_1_433' title='bbox 2195 4334 2224 4373; x_wconf 80' lang='lat' dir='ltr'>ss</span> 
     </span>
    </p>

    <p class='ocr_par' dir='ltr' id='par_1_30' title="bbox 527 4416 2175 4508">
     <span class='ocr_line' id='line_1_37' title="bbox 527 4416 2175 4508; baseline 0.001 -24"><span class='ocrx_word' id='word_1_434' title='bbox 527 4421 681 4508; x_wconf 83' lang='lat' dir='ltr'>pertitam</span> <span class='ocrx_word' id='word_1_435' title='bbox 706 4418 826 4500; x_wconf 89' lang='lat' dir='ltr'>dicere,</span> <span class='ocrx_word' id='word_1_436' title='bbox 849 4419 949 4483; x_wconf 90' lang='lat' dir='ltr'>immo</span> <span class='ocrx_word' id='word_1_437' title='bbox 972 4420 1034 4482; x_wconf 89' lang='lat' dir='ltr'>tria</span> <span class='ocrx_word' id='word_1_438' title='bbox 1051 4417 1170 4483; x_wconf 90' lang='lat' dir='ltr'>Christi</span> <span class='ocrx_word' id='word_1_439' title='bbox 1189 4441 1326 4505; x_wconf 87' lang='lat' dir='ltr'>corpora</span> <span class='ocrx_word' id='word_1_440' title='bbox 1349 4416 1516 4482; x_wconf 88' lang='lat' dir='ltr'>inauditae</span> <span class='ocrx_word' id='word_1_441' title='bbox 1540 4420 1730 4482; x_wconf 89' lang='lat' dir='ltr'>temeritatis</span> <span class='ocrx_word' id='word_1_442' title='bbox 1754 4418 1893 4483; x_wconf 85' lang='lat' dir='ltr'>audacia</span> <span class='ocrx_word' id='word_1_443' title='bbox 1915 4442 2061 4485; x_wconf 85' lang='lat' dir='ltr'>asserere</span> <span class='ocrx_word' id='word_1_444' title='bbox 2084 4444 2175 4508; x_wconf 89' lang='lat' dir='ltr'>prae·</span> 
     </span>
    </p>

    <p class='ocr_par' dir='ltr' id='par_1_31' title="bbox 528 4524 2175 4614">
     <span class='ocr_line' id='line_1_38' title="bbox 528 4524 2175 4614; baseline 0 -23"><span class='ocrx_word' id='word_1_445' title='bbox 528 4529 673 4614; x_wconf 87' lang='lat' dir='ltr'>sumpsit,</span> <span class='ocrx_word' id='word_1_446' title='bbox 698 4527 732 4590; x_wconf 92' lang='lat' dir='ltr'>in</span> <span class='ocrx_word' id='word_1_447' title='bbox 755 4536 879 4589; x_wconf 89' lang='lat' dir='ltr'>tantum</span> <span class='ocrx_word' id='word_1_448' title='bbox 904 4525 1089 4589; x_wconf 88' lang='lat' dir='ltr'>sacerdotes</span> <span class='ocrx_word' id='word_1_449' title='bbox 1109 4525 1244 4590; x_wconf 91' lang='lat' dir='ltr'>Domini</span> <span class='ocrx_word' id='word_1_450' title='bbox 1269 4525 1412 4588; x_wconf 83' lang='lat' dir='ltr'>execrati</span> <span class='ocrx_word' id='word_1_451' title='bbox 1437 4535 1521 4605; x_wconf 90' lang='lat' dir='ltr'>sunt,</span> <span class='ocrx_word' id='word_1_452' title='bbox 1546 4536 1581 4589; x_wconf 94' lang='lat' dir='ltr'>ut</span> <span class='ocrx_word' id='word_1_453' title='bbox 1604 4524 1675 4606; x_wconf 92' lang='lat' dir='ltr'>hoc,</span> <span class='ocrx_word' id='word_1_454' title='bbox 1700 4526 1784 4590; x_wconf 92' lang='lat' dir='ltr'>sicut</span> <span class='ocrx_word' id='word_1_455' title='bbox 1807 4549 1906 4613; x_wconf 88' lang='lat' dir='ltr'>supra</span> <span class='ocrx_word' id='word_1_456' title='bbox 1929 4539 2092 4591; x_wconf 89' lang='lat' dir='ltr'>ostensum</span> <span class='ocrx_word' id='word_1_457' title='bbox 2117 4540 2175 4608; x_wconf 87' lang='lat' dir='ltr'>cst,</span> 
     </span>
    </p>

    <p class='ocr_par' dir='ltr' id='par_1_32' title="bbox 527 4630 2176 4719">
     <span class='ocr_line' id='line_1_39' title="bbox 527 4630 2176 4719; baseline 0.001 -22"><span class='ocrx_word' id='word_1_458' title='bbox 527 4634 568 4698; x_wconf 91' lang='lat' dir='ltr'>de</span> <span class='ocrx_word' id='word_1_459' title='bbox 585 4632 751 4719; x_wconf 89' lang='lat' dir='ltr'>spiritibus</span> <span class='ocrx_word' id='word_1_460' title='bbox 768 4634 886 4697; x_wconf 89' lang='lat' dir='ltr'>erroris</span> <span class='ocrx_word' id='word_1_461' title='bbox 903 4643 935 4697; x_wconf 88' lang='lat' dir='ltr'>et</span> <span class='ocrx_word' id='word_1_462' title='bbox 958 4632 1114 4696; x_wconf 88' lang='lat' dir='ltr'>doctrinis</span> <span class='ocrx_word' id='word_1_463' title='bbox 1138 4630 1381 4696; x_wconf 90' lang='lat' dir='ltr'>daemoniorum</span> <span class='ocrx_word' id='word_1_464' title='bbox 1406 4643 1569 4717; x_wconf 90' lang='lat' dir='ltr'>sumptum</span> <span class='ocrx_word' id='word_1_465' title='bbox 1594 4632 1703 4696; x_wconf 90' lang='lat' dir='ltr'>dicere</span> <span class='ocrx_word' id='word_1_466' title='bbox 1727 4634 1859 4696; x_wconf 87' lang='lat' dir='ltr'>minime</span> <span class='ocrx_word' id='word_1_467' title='bbox 1883 4631 2071 4715; x_wconf 88' lang='lat' dir='ltr'>dubitarint,</span> <span class='ocrx_word' id='word_1_468' title='bbox 2095 4645 2176 4698; x_wconf 87' lang='lat' dir='ltr'>tam·</span> 
     </span>
    </p>

    <p class='ocr_par' dir='ltr' id='par_1_33' title="bbox 386 4738 2225 4935">
     <span class='ocr_line' id='line_1_40' title="bbox 529 4738 2176 4826; baseline -0.001 -23"><span class='ocrx_word' id='word_1_469' title='bbox 529 4762 626 4826; x_wconf 90' lang='lat' dir='ltr'>quam</span> <span class='ocrx_word' id='word_1_470' title='bbox 650 4762 724 4804; x_wconf 88' lang='lat' dir='ltr'>cum</span> <span class='ocrx_word' id='word_1_471' title='bbox 749 4738 865 4825; x_wconf 86' lang='lat' dir='ltr'>angelo</span> <span class='ocrx_word' id='word_1_472' title='bbox 881 4739 1015 4804; x_wconf 90' lang='lat' dir='ltr'>Domini</span> <span class='ocrx_word' id='word_1_473' title='bbox 1039 4738 1237 4803; x_wconf 89' lang='lat' dir='ltr'>detestantes</span> <span class='ocrx_word' id='word_1_474' title='bbox 1255 4738 1366 4818; x_wconf 86' lang='lat' dir='ltr'>Satan,</span> <span class='ocrx_word' id='word_1_475' title='bbox 1392 4739 1446 4824; x_wconf 92' lang='lat' dir='ltr'>qui</span> <span class='ocrx_word' id='word_1_476' title='bbox 1471 4738 1595 4802; x_wconf 85' lang='lat' dir='ltr'>dextris</span> <span class='ocrx_word' id='word_1_477' title='bbox 1618 4738 1694 4802; x_wconf 88' lang='lat' dir='ltr'>lesu</span> <span class='ocrx_word' id='word_1_478' title='bbox 1716 4740 1827 4825; x_wconf 80' lang='lat' dir='ltr'>magni</span> <span class='ocrx_word' id='word_1_479' title='bbox 1850 4749 1883 4803; x_wconf 88' lang='lat' dir='ltr'>et</span> <span class='ocrx_word' id='word_1_480' title='bbox 1906 4741 1976 4803; x_wconf 86' lang='lat' dir='ltr'>veri</span> <span class='ocrx_word' id='word_1_481' title='bbox 1998 4740 2176 4804; x_wconf 88' lang='lat' dir='ltr'>sacerdotis</span> 
     </span>
     <span class='ocr_line' id='line_1_41' title="bbox 386 4843 2225 4935; baseline 0 -23"><span class='ocrx_word' id='word_1_482' title='bbox 386 4871 510 4922; x_wconf 54' lang='lat' dir='ltr'>anessa,</span> <span class='ocrx_word' id='word_1_483' title='bbox 528 4845 694 4910; x_wconf 90' lang='lat' dir='ltr'>adversari</span> <span class='ocrx_word' id='word_1_484' title='bbox 719 4858 863 4927; x_wconf 86' lang='lat' dir='ltr'>conatur,</span> <span class='ocrx_word' id='word_1_485' title='bbox 889 4856 921 4909; x_wconf 93' lang='lat' dir='ltr'>et</span> <span class='ocrx_word' id='word_1_486' title='bbox 946 4843 1157 4910; x_wconf 87' lang='lat' dir='ltr'>exsufflantes</span> <span class='ocrx_word' id='word_1_487' title='bbox 1182 4844 1346 4909; x_wconf 90' lang='lat' dir='ltr'>dicerent:</span> <span class='ocrx_word' id='word_1_488' title='bbox 1378 4844 1523 4931; x_wconf 83' lang='lat' dir='ltr'>Increpet</span> <span class='ocrx_word' id='word_1_489' title='bbox 1548 4845 1702 4910; x_wconf 88' lang='lat' dir='ltr'>Dominus</span> <span class='ocrx_word' id='word_1_490' title='bbox 1725 4851 1757 4911; x_wconf 88' lang='lat' dir='ltr'>in</span> <span class='ocrx_word' id='word_1_491' title='bbox 1782 4861 1819 4926; x_wconf 93' lang='lat' dir='ltr'>te,</span> <span class='ocrx_word' id='word_1_492' title='bbox 1848 4846 1959 4928; x_wconf 83' lang='lat' dir='ltr'>Satan,</span> <span class='ocrx_word' id='word_1_493' title='bbox 1989 4862 2018 4912; x_wconf 90' lang='lat' dir='ltr'>et</span> <span class='ocrx_word' id='word_1_494' title='bbox 2039 4850 2225 4935; x_wconf 71' lang='lat' dir='ltr'>increpetis</span> 
     </span>
    </p>

    <p class='ocr_par' dir='ltr' id='par_1_34' title="bbox 529 4953 1051 5041">
     <span class='ocr_line' id='line_1_42' title="bbox 529 4953 1051 5041; baseline 0 -25"><span class='ocrx_word' id='word_1_495' title='bbox 529 4955 561 5017; x_wconf 85' lang='lat' dir='ltr'>in</span> <span class='ocrx_word' id='word_1_496' title='bbox 586 4968 622 5032; x_wconf 85' lang='lat' dir='ltr'>te,</span> <span class='ocrx_word' id='word_1_497' title='bbox 647 4956 705 5039; x_wconf 88' lang='lat' dir='ltr'>qui</span> <span class='ocrx_word' id='word_1_498' title='bbox 725 4956 818 5041; x_wconf 80' lang='lat' dir='ltr'>clepit</span> <span class='ocrx_word' id='word_1_499' title='bbox 839 4953 1051 5018; x_wconf 81' lang='lat' dir='ltr'>Hierusalem.</span> 
     </span>
    </p>
   </div>
   <div class='ocr_carea' id='block_1_3' title="bbox 528 5092 2226 5602">
    <p class='ocr_par' dir='ltr' id='par_1_35' title="bbox 528 5092 2226 5602">
     <span class='ocr_line' id='line_1_43' title="bbox 634 5092 2176 5181; baseline 0.003 -25"><span class='ocrx_word' id='word_1_500' title='bbox 634 5093 735 5176; x_wconf 85' lang='lat' dir='ltr'><strong>(VII).</strong></span> <span class='ocrx_word' id='word_1_501' title='bbox 772 5095 899 5181; x_wconf 86' lang='lat' dir='ltr'>Corpus</span> <span class='ocrx_word' id='word_1_502' title='bbox 916 5104 1024 5158; x_wconf 89' lang='lat' dir='ltr'>autem</span> <span class='ocrx_word' id='word_1_503' title='bbox 1041 5093 1185 5177; x_wconf 88' lang='lat' dir='ltr'>Domini,</span> <span class='ocrx_word' id='word_1_504' title='bbox 1210 5092 1297 5180; x_wconf 93' lang='lat' dir='ltr'>quod</span> <span class='ocrx_word' id='word_1_505' title='bbox 1312 5093 1346 5156; x_wconf 92' lang='lat' dir='ltr'>in</span> <span class='ocrx_word' id='word_1_506' title='bbox 1370 5096 1524 5179; x_wconf 89' lang='lat' dir='ltr'>mysterio</span> <span class='ocrx_word' id='word_1_507' title='bbox 1549 5118 1569 5158; x_wconf 90' lang='lat' dir='ltr'>a</span> <span class='ocrx_word' id='word_1_508' title='bbox 1590 5093 1740 5159; x_wconf 87' lang='lat' dir='ltr'>fidelibus</span> <span class='ocrx_word' id='word_1_509' title='bbox 1765 5096 1910 5179; x_wconf 89' lang='lat' dir='ltr'>sumitur,</span> <span class='ocrx_word' id='word_1_510' title='bbox 1934 5095 2029 5178; x_wconf 81' lang='lat' dir='ltr'>absit,</span> <span class='ocrx_word' id='word_1_511' title='bbox 2053 5107 2176 5161; x_wconf 89' lang='lat' dir='ltr'>uttam</span> 
     </span>
     <span class='ocr_line' id='line_1_44' title="bbox 529 5200 2177 5288; baseline 0.002 -24"><span class='ocrx_word' id='word_1_512' title='bbox 529 5200 661 5265; x_wconf 90' lang='lat' dir='ltr'>sordida</span> <span class='ocrx_word' id='word_1_513' title='bbox 684 5200 737 5265; x_wconf 89' lang='lat' dir='ltr'>vel</span> <span class='ocrx_word' id='word_1_514' title='bbox 767 5202 992 5288; x_wconf 90' lang='lat' dir='ltr'>superstitiosa</span> <span class='ocrx_word' id='word_1_515' title='bbox 1022 5213 1129 5264; x_wconf 90' lang='lat' dir='ltr'>mente</span> <span class='ocrx_word' id='word_1_516' title='bbox 1161 5200 1234 5286; x_wconf 92' lang='lat' dir='ltr'>quis</span> <span class='ocrx_word' id='word_1_517' title='bbox 1258 5211 1400 5286; x_wconf 89' lang='lat' dir='ltr'>appetat,</span> <span class='ocrx_word' id='word_1_518' title='bbox 1432 5212 1468 5265; x_wconf 92' lang='lat' dir='ltr'>ut</span> <span class='ocrx_word' id='word_1_519' title='bbox 1497 5200 1621 5287; x_wconf 89' lang='lat' dir='ltr'>aliquid</span> <span class='ocrx_word' id='word_1_520' title='bbox 1648 5201 1773 5284; x_wconf 89' lang='lat' dir='ltr'>horum,</span> <span class='ocrx_word' id='word_1_521' title='bbox 1805 5224 1889 5288; x_wconf 90' lang='lat' dir='ltr'>quse</span> <span class='ocrx_word' id='word_1_522' title='bbox 1919 5202 2177 5267; x_wconf 88' lang='lat' dir='ltr'>immundissime</span> 
     </span>
     <span class='ocr_line' id='line_1_45' title="bbox 528 5305 2178 5396; baseline 0.001 -25"><span class='ocrx_word' id='word_1_523' title='bbox 528 5317 641 5372; x_wconf 92' lang='lat' dir='ltr'>auctor</span> <span class='ocrx_word' id='word_1_524' title='bbox 664 5305 831 5371; x_wconf 87' lang='lat' dir='ltr'>doctrinae</span> <span class='ocrx_word' id='word_1_525' title='bbox 855 5307 1022 5387; x_wconf 86' lang='lat' dir='ltr'>confinxit,</span> <span class='ocrx_word' id='word_1_526' title='bbox 1046 5308 1079 5370; x_wconf 93' lang='lat' dir='ltr'>in</span> <span class='ocrx_word' id='word_1_527' title='bbox 1104 5329 1162 5371; x_wconf 92' lang='lat' dir='ltr'>suo</span> <span class='ocrx_word' id='word_1_528' title='bbox 1179 5308 1286 5371; x_wconf 89' lang='lat' dir='ltr'>auimo</span> <span class='ocrx_word' id='word_1_529' title='bbox 1304 5318 1336 5370; x_wconf 89' lang='lat' dir='ltr'>et</span> <span class='ocrx_word' id='word_1_530' title='bbox 1352 5306 1602 5393; x_wconf 87' lang='lat' dir='ltr'>cogitationibus</span> <span class='ocrx_word' id='word_1_531' title='bbox 1619 5309 1742 5372; x_wconf 88' lang='lat' dir='ltr'>versari</span> <span class='ocrx_word' id='word_1_532' title='bbox 1759 5310 1935 5395; x_wconf 86' lang='lat' dir='ltr'>permittat.</span> <span class='ocrx_word' id='word_1_533' title='bbox 1971 5309 2178 5396; x_wconf 83' lang='lat' dir='ltr'>Quapropter</span> 
     </span>
     <span class='ocr_line' id='line_1_46' title="bbox 529 5413 2226 5503; baseline 0.001 -25"><span class='ocrx_word' id='word_1_534' title='bbox 529 5437 602 5478; x_wconf 89' lang='lat' dir='ltr'>cum</span> <span class='ocrx_word' id='word_1_535' title='bbox 627 5415 714 5478; x_wconf 90' lang='lat' dir='ltr'>omni</span> <span class='ocrx_word' id='word_1_536' title='bbox 738 5413 898 5477; x_wconf 89' lang='lat' dir='ltr'>desiderio</span> <span class='ocrx_word' id='word_1_537' title='bbox 923 5426 955 5476; x_wconf 90' lang='lat' dir='ltr'>et</span> <span class='ocrx_word' id='word_1_538' title='bbox 978 5413 1215 5499; x_wconf 88' lang='lat' dir='ltr'>supplicatione</span> <span class='ocrx_word' id='word_1_539' title='bbox 1243 5413 1373 5499; x_wconf 89' lang='lat' dir='ltr'>pietatis</span> <span class='ocrx_word' id='word_1_540' title='bbox 1404 5413 1549 5478; x_wconf 88' lang='lat' dir='ltr'>divinam</span> <span class='ocrx_word' id='word_1_541' title='bbox 1580 5414 1836 5479; x_wconf 89' lang='lat' dir='ltr'>misericordiam</span> <span class='ocrx_word' id='word_1_542' title='bbox 1864 5415 2111 5503; x_wconf 87' lang='lat' dir='ltr'>implorandam,</span> <span class='ocrx_word' id='word_1_543' title='bbox 2141 5427 2178 5480; x_wconf 87' lang='lat' dir='ltr'>ut</span> <span class='ocrx_word' id='word_1_544' title='bbox 2195 5440 2226 5480; x_wconf 75' lang='lat' dir='ltr'>as</span> 
     </span>
     <span class='ocr_line' id='line_1_47' title="bbox 528 5518 2177 5602; baseline 0.001 -17"><span class='ocrx_word' id='word_1_545' title='bbox 528 5544 593 5586; x_wconf 90' lang='lat' dir='ltr'>non</span> <span class='ocrx_word' id='word_1_546' title='bbox 617 5519 719 5584; x_wconf 90' lang='lat' dir='ltr'>solum</span> <span class='ocrx_word' id='word_1_547' title='bbox 744 5519 786 5584; x_wconf 88' lang='lat' dir='ltr'>ah</span> <span class='ocrx_word' id='word_1_548' title='bbox 810 5518 952 5602; x_wconf 91' lang='lat' dir='ltr'>auribus,</span> <span class='ocrx_word' id='word_1_549' title='bbox 976 5542 1090 5583; x_wconf 89' lang='lat' dir='ltr'>verum</span> <span class='ocrx_word' id='word_1_550' title='bbox 1116 5521 1212 5584; x_wconf 88' lang='lat' dir='ltr'>etiam</span> <span class='ocrx_word' id='word_1_551' title='bbox 1238 5542 1257 5583; x_wconf 86' lang='lat' dir='ltr'>a</span> <span class='ocrx_word' id='word_1_552' title='bbox 1281 5519 1433 5584; x_wconf 91' lang='lat' dir='ltr'>cordibus</span> <span class='ocrx_word' id='word_1_553' title='bbox 1457 5522 1575 5585; x_wconf 89' lang='lat' dir='ltr'>nostris</span> <span class='ocrx_word' id='word_1_554' title='bbox 1598 5521 1710 5585; x_wconf 89' lang='lat' dir='ltr'>talium</span> <span class='ocrx_word' id='word_1_555' title='bbox 1726 5522 1958 5586; x_wconf 87' lang='lat' dir='ltr'>fantasmatum</span> <span class='ocrx_word' id='word_1_556' title='bbox 1974 5544 2013 5587; x_wconf 90' lang='lat' dir='ltr'>ac</span> <span class='ocrx_word' id='word_1_557' title='bbox 2033 5521 2177 5587; x_wconf 91' lang='lat' dir='ltr'>sordium</span> 
     </span>
    </p>
   </div>
   <div class='ocr_carea' id='block_1_4' title="bbox 528 5770 2180 5931">
    <p class='ocr_par' dir='ltr' id='par_1_36' title="bbox 528 5770 2180 5931">
     <span class='ocr_line' id='line_1_48' title="bbox 635 5770 2176 5840; baseline 0.001 -15"><span class='ocrx_word' id='word_1_558' title='bbox 635 5776 681 5824; x_wconf 89' lang='lat' dir='ltr'>Vl.</span> <span class='ocrx_word' id='word_1_559' title='bbox 710 5774 883 5839; x_wconf 84' lang='lat' dir='ltr'>&#39;lhypocrisi</span> <span class='ocrx_word' id='word_1_560' title='bbox 902 5772 940 5822; x_wconf 71' lang='lat' dir='ltr'>ss.</span> <span class='ocrx_word' id='word_1_561' title='bbox 995 5773 1121 5824; x_wconf 83' lang='lat' dir='ltr'>Ezechiel</span> <span class='ocrx_word' id='word_1_562' title='bbox 1143 5774 1179 5823; x_wconf 87' lang='lat' dir='ltr'>M.</span> <span class='ocrx_word' id='word_1_563' title='bbox 1243 5775 1272 5823; x_wconf 91' lang='lat' dir='ltr'>ll</span> <span class='ocrx_word' id='word_1_564' title='bbox 1293 5775 1407 5824; x_wconf 87' lang='lat' dir='ltr'>iu-ei</span> <span class='ocrx_word' id='word_1_565' title='bbox 1426 5774 1517 5824; x_wconf 75' lang='lat' dir='ltr'>deuant</span> <span class='ocrx_word' id='word_1_566' title='bbox 1535 5774 1605 5840; x_wconf 77' lang='lat' dir='ltr'>Vulq.</span> <span class='ocrx_word' id='word_1_567' title='bbox 1670 5773 1949 5826; x_wconf 62' lang='lat' dir='ltr'>ramnebertus</span> <span class='ocrx_word' id='word_1_568' title='bbox 2011 5778 2044 5827; x_wconf 73' lang='grc'>22</span> <span class='ocrx_word' id='word_1_569' title='bbox 2063 5770 2176 5839; x_wconf 86' lang='lat' dir='ltr'>novum]</span> 
     </span>
     <span class='ocr_line' id='line_1_49' title="bbox 528 5859 2180 5931; baseline 0.001 -17"><span class='ocrx_word' id='word_1_570' title='bbox 528 5864 579 5914; x_wconf 79' lang='lat' dir='ltr'>scil.</span> <span class='ocrx_word' id='word_1_571' title='bbox 600 5871 799 5914; x_wconf 87' lang='lat' dir='ltr'>testamentum.</span> <span class='ocrx_word' id='word_1_572' title='bbox 854 5861 1001 5912; x_wconf 84' lang='lat' dir='ltr'>adventum</span> <span class='ocrx_word' id='word_1_573' title='bbox 1020 5863 1057 5912; x_wconf 81' lang='lat' dir='ltr'>M.</span> <span class='ocrx_word' id='word_1_574' title='bbox 1113 5865 1145 5913; x_wconf 77' lang='lat'>24</span> <span class='ocrx_word' id='word_1_575' title='bbox 1166 5859 1236 5924; x_wconf 90' lang='lat' dir='ltr'>Deo]</span> <span class='ocrx_word' id='word_1_576' title='bbox 1257 5863 1375 5913; x_wconf 89' lang='lat' dir='ltr'>Domino</span> <span class='ocrx_word' id='word_1_577' title='bbox 1395 5863 1431 5913; x_wconf 75' lang='grc' dir='ltr'>Μ.</span> <span class='ocrx_word' id='word_1_578' title='bbox 1494 5867 1526 5914; x_wconf 84' lang='lat'>41</span> <span class='ocrx_word' id='word_1_579' title='bbox 1548 5862 1695 5916; x_wconf 84' lang='lat' dir='ltr'>Ierusalem</span> <span class='ocrx_word' id='word_1_580' title='bbox 1715 5865 1752 5916; x_wconf 76' lang='lat' dir='ltr'>M.</span> <span class='ocrx_word' id='word_1_581' title='bbox 1815 5866 1852 5915; x_wconf 71' lang='lat'>4⁶</span> <span class='ocrx_word' id='word_1_582' title='bbox 1871 5863 2070 5931; x_wconf 80' lang='lat' dir='ltr'>implorandum</span> <span class='ocrx_word' id='word_1_583' title='bbox 2089 5865 2119 5915; x_wconf 88' lang='lat' dir='ltr'>P.</span> <span class='ocrx_word' id='word_1_584' title='bbox 2139 5863 2180 5916; x_wconf 76' lang='lat' dir='ltr'>ds.</span> 
     </span>
    </p>
   </div>
   <div class='ocr_carea' id='block_1_5' title="bbox 0 0 2456 6708">
    <p class='ocr_par' dir='ltr' id='par_1_37' title="bbox 0 0 2456 6708">
     <span class='ocr_line' id='line_1_50' title="bbox 0 0 2456 6708; baseline 0 0"><span class='ocrx_word' id='word_1_585' title='bbox 0 0 2456 6708; x_wconf 95' lang='lat' dir='ltr'> </span> 
     </span>
    </p>
   </div>
  </div>
 </body>
</html>
