4884 6717
527 470 591 532 848
622 475 835 531 APPENDIX.
861 472 891 528 9.
907 472 1013 528 ACTA
1030 470 1171 528 SPURIA
1185 471 1241 526 AD
1258 468 1477 526 CONCILIUM
1497 467 1776 525 CARISIACENSE
1794 468 2041 524 SPECTANTIA
2056 469 2095 525 A.
2107 467 2184 524 838.

525 661 602 726 licet
617 659 760 747 regibus,
785 672 818 724 et
839 658 999 747 synodum
1023 658 1251 743 episcoporum
1275 667 1308 720 et
1330 655 1528 742 reliquorum
1553 655 1758 720 sacerdotum
1781 653 1905 719 ibidem
1921 653 2120 740 generaliter
2143 655 2186 719 ad

527 767 751 833 ecclesiastiea
773 767 843 830 sive
860 763 1025 831 mundana
1040 764 1180 849 negocia
1203 763 1374 827 tractanda
1397 784 1525 827 necnon
1549 773 1582 826 et
1597 760 1640 825 ud
1655 760 1829 826 utilitatem
1848 773 1981 826 sanetae
1997 761 2063 826 Dei
2080 761 2186 827 eccle·

526 876 593 939 siae
617 872 815 938 fulciendam
839 871 1057 937 coadunatum
1081 868 1218 934 haberet
1240 868 1352 955 ibique
1375 869 1545 933 venientes
1568 867 1720 932 monachi
1743 867 1784 932 de
1800 869 1997 932 monasterio
2016 867 2185 950 Anisolae,

525 982 647 1067 inquo
675 990 807 1045 sauctus
831 977 1029 1064 Karilephus
1060 998 1197 1063 corpore
1227 977 1413 1062 requiescit,
1445 985 1520 1040 ante
1550 974 1754 1062 praedictum
1783 975 1937 1040 domnum
1961 974 2185 1042 Hludovieum

525 1090 755 1174 imperatorem
789 1085 928 1172 amplius
964 1107 1061 1171 quarn
1096 1084 1214 1168 viginti
1248 1106 1314 1147 una
1348 1106 1421 1147 curn
1454 1080 1665 1167 Sigemundo,
1696 1082 1752 1168 qui
1782 1081 1906 1146 dudum
1936 1104 2049 1146 eorum
2080 1080 2218 1153 abbass

525 1194 641 1277 fuerat,
666 1195 773 1280 quise
792 1192 1055 1258 reclamaverunt
1071 1191 1189 1255 iniuste
1206 1188 1248 1254 de
1265 1211 1376 1255 eorum
1399 1190 1596 1253 monasterio
1620 1189 1742 1253 eiectos
1766 1211 1837 1252 esse
1849 1193 1870 1270 ¹,
1895 1210 2033 1274 quorum
2050 1211 2184 1253 causam

526 1299 664 1364 domnus
687 1302 864 1386 imperator
886 1299 922 1363 in
944 1296 1089 1384 generali
1105 1307 1269 1361 conventu
1284 1294 1407 1361 ibidem
1422 1295 1533 1360 habito
1550 1294 1724 1380 diligenter
1739 1294 1902 1360 discutere
1919 1305 1952 1359 et
1967 1294 2186 1360 enucleatim²

525 1408 689 1493 inquirere
713 1407 891 1493 praecepit.
936 1403 1019 1469 Cum
1043 1415 1151 1468 autem
1175 1404 1208 1466 in
1233 1412 1413 1489 conspeetu
1436 1403 1664 1488 episcoporum
1689 1412 1721 1465 et
1744 1399 1899 1465 abbatum
1922 1424 1962 1467 ac
1985 1399 2186 1489 reliquorum

526 1512 732 1577 sacerdotum
762 1534 797 1576 se
828 1533 887 1598 pro
918 1509 1066 1596 predicta
1097 1531 1196 1573 causa
1227 1508 1439 1573 advenientes
1462 1508 1688 1591 reclamarent,
1720 1509 1952 1593 interrogatum
1977 1519 2026 1572 est
2048 1508 2185 1574 Aldrieo

526 1642 639 1684 eornm
670 1629 703 1683 et
726 1618 968 1683 Cenomannice
999 1615 1170 1702 parrochie
1201 1616 1355 1702 episeopo
1387 1626 1420 1678 et
1450 1615 1596 1679 eiusdem
1627 1615 1816 1679 monasterii
1839 1611 1961 1695 abbati,
1987 1615 2014 1678 si
2039 1618 2233 1687 cussie-10

526 1727 625 1791 eisset
649 1749 691 1790 ex
716 1748 826 1789 eorum
850 1724 1047 1788 monasterio
1072 1734 1128 1785 aut
1151 1744 1171 1785 a
1194 1743 1259 1807 quo
1283 1722 1380 1786 eiecti
1403 1720 1511 1786 taliter
1533 1731 1692 1806 vagantes
1715 1719 1937 1785 discurrerent
1962 1721 2077 1787 relicto
2101 1722 2184 1804 loco,

526 1834 559 1897 iu
576 1856 641 1918 quo
658 1832 768 1896 seculo
783 1831 1069 1910 renunciaverunt,
1094 1830 1128 1892 in
1145 1851 1209 1914 quo
1226 1829 1324 1892 etiarn
1348 1828 1579 1893 ecclesiasticis
1602 1825 1656 1891 vel
1680 1824 1882 1891 secularibus
1906 1828 2052 1913 negociis
2069 1827 2186 1893 diebus

526 1939 593 2003 vite
617 1961 727 2002 eorum
751 1958 943 2024 permanere
966 1935 1134 1999 deberent.
1183 1934 1248 2014 Qui
1271 1934 1472 2020 respondens
1496 1935 1557 1998 ait:
1582 1935 1663 1999 ‘Nee
1679 1956 1740 2017 ego
1757 1956 1813 1998 eos
1837 1935 1921 1998 eieci
1942 1956 2005 1999 nec
2029 1936 2111 2000 scivi
2129 1957 2185 2001 ees

526 2046 648 2110 eiectos
671 2044 764 2109 esse’.
804 2044 898 2108 Tunc
923 2042 1032 2107 adlata
1055 2052 1104 2106 est
1128 2064 1238 2106 coram
1261 2063 1339 2127 rege
1364 2052 1397 2106 et
1412 2039 1621 2128 optimatibus
1645 2041 1715 2105 eius
1731 2039 1862 2104 traditio
1879 2043 1984 2105 saneti
1999 2041 2184 2130 Karilephi,

526 2174 624 2239 quam
648 2151 727 2215 fecit
750 2161 862 2214 sancto
885 2150 1058 2214 innocenti
1083 2149 1238 2235 episcopo
1262 2170 1322 2234 per
1344 2146 1509 2212 licentiam
1540 2158 1573 2212 et
1596 2169 1789 2211 consensum
1814 2145 2017 2212 Ohildeberti
2040 2150 2127 2234 regis
2152 2161 2184 2214 et
2205 2179 2232 2218 rs

526 2257 610 2322 aliae
633 2257 754 2322 multae
778 2258 986 2321 auctoritates
997 2261 1019 2338 ³,
1044 2278 1126 2343 quas
1149 2278 1341 2319 enumerare
1365 2255 1498 2340 longum
1521 2263 1580 2336 est,
1605 2253 1781 2341 dequibus
1805 2253 2012 2340 saepedictus
2036 2256 2183 2341 pontifex

527 2387 637 2430 eoram
660 2363 810 2429 omnibus
834 2365 867 2427 in
884 2362 999 2427 eodem
1016 2361 1155 2427 concilio
1172 2361 1425 2426 consistentibus
1442 2360 1556 2425 habuit
1571 2384 1646 2425 suos
1669 2371 1769 2425 testes
1793 2371 1859 2425 tam
1882 2360 2069 2425 sacerdotes
2086 2385 2184 2449 qnam

526 2482 559 2535 et
581 2470 743 2536 veridicos
766 2469 868 2535 laicos
892 2468 1017 2534 nobiles
1042 2479 1075 2533 et
1090 2468 1192 2533 bonos
1217 2479 1250 2531 et
1272 2467 1434 2554 legitimos
1458 2467 1666 2549 sufficienter,
1692 2468 1748 2554 qui
1771 2467 1886 2533 eadem
1911 2478 2091 2533 strumenta
2114 2492 2184 2534 car·

526 2590 632 2643 tarum
654 2575 921 2664 approbaverunt
944 2586 977 2640 et
1000 2597 1041 2639 ca
1063 2575 1148 2639 infra
1171 2574 1332 2661 legitimos
1356 2597 1459 2639 annos
1483 2575 1641 2639 canonice
1665 2585 1698 2639 et
1721 2573 1870 2660 legibus⁴
1890 2576 2010 2640 vestita
2032 2575 2186 2642 viderunt

525 2694 558 2748 et
580 2683 719 2771 pleniter
743 2694 840 2770 atque
863 2680 992 2768 legibus
1015 2680 1276 2746 testificabantur
1298 2680 1370 2767 plus
1386 2704 1446 2767 per
1461 2681 1624 2745 iusticiam
1649 2692 1681 2745 et
1704 2680 1810 2767 legem
1828 2683 2020 2746 canonicam
2045 2692 2077 2746 et
2092 2706 2184 2747 mun·
2203 2712 2232 2751 so

525 2790 646 2855 denam
679 2790 884 2878 praedictum
907 2788 1064 2854 Anisolae
1099 2789 1332 2853 monasterium
1367 2811 1441 2852 curn
1473 2786 1623 2852 omnibus
1653 2787 1695 2852 ad
1726 2810 1760 2851 sc
1791 2788 2029 2874 pertinentibus
2059 2789 2103 2854 ad
2134 2791 2184 2854 ius

526 2896 770 2963 Oenomannice
794 2898 906 2961 matris
931 2895 1070 2960 ecclesie
1094 2897 1258 2982 pertinere
1283 2918 1381 2982 quam
1405 2893 1506 2959 aliubi
1534 2904 1590 2958 aut
1611 2895 1709 2958 fiscus
1734 2894 1915 2959 dominicus
1939 2907 1995 2960 aut
2017 2898 2185 2983 proprium
2214 2977 2219 2990 Ι

526 3004 636 3069 domni
671 3005 877 3091 imperatoris
913 3014 970 3067 aut
1005 3002 1142 3067 alieuius
1178 3001 1317 3066 hominis
1350 3024 1421 3066 esse
1451 3000 1582 3065 debere.
1630 3001 1697 3066 Sed
1727 3000 1834 3066 nullus
1862 3003 2013 3067 inventus
2036 3014 2104 3084 est,
2129 3006 2185 3091 qui

527 3122 640 3176 contra
673 3112 734 3176 hec
770 3110 893 3197 aliquid
929 3110 1038 3175 dicere
1069 3119 1125 3174 aut
1154 3108 1337 3196 approbare
1367 3107 1533 3172 voluisset.
1581 3107 1674 3172 Tunc
1709 3108 1874 3194 praefatus
1905 3107 2043 3173 domnus
2070 3110 2185 3197 Drogo

526 3218 814 3305 archiepiscopus⁵
837 3229 870 3282 et
892 3219 1001 3281 senior
1024 3216 1212 3305 capellanus
1238 3226 1271 3280 et
1286 3216 1396 3297 ceteri,
1421 3216 1478 3301 qui
1500 3216 1654 3301 preterito
1677 3226 1823 3301 tempore
1839 3215 2038 3302 Aquisgrani
2062 3216 2185 3304 palatio
2204 3245 2233 3285 ss

526 3325 666 3405 fuerunt,
702 3324 833 3412 quando
869 3324 930 3389 hec
961 3324 1043 3388 ratio
1074 3322 1232 3388 ventilata
1263 3334 1312 3387 est
1343 3332 1375 3386 et
1402 3322 1445 3386 ad
1475 3321 1635 3408 liquidum
1666 3331 1869 3408 perscrutata
1900 3325 2123 3410 canoniceque
2153 3335 2186 3390 et

527 3430 655 3517 legibus
671 3431 838 3512 definitul,
863 3429 1097 3517 respondentes
1114 3430 1285 3494 dixerunt:
1311 3429 1395 3493 ‘Non
1419 3440 1468 3492 est
1490 3450 1625 3493 necesse
1649 3428 1710 3492 hec
1733 3428 1830 3493 modo
1854 3430 1972 3494 iterum
1994 3453 2055 3516 per
2077 3433 2187 3496 omnia

638 3687 667 3757 l)
693 3686 742 3759 Cf.
765 3688 932 3745 Hlud0wici
953 3688 1093 3744 mundata
1114 3687 1265 3764 genuinum
1283 3696 1309 3743 et
1325 3687 1451 3762 spurium
1475 3709 1497 3743 s.
1514 3687 1542 3744 d.
1568 3679 1800 3761 (detentoria
1822 3708 1859 3743 cc.
1875 3691 1917 3747 48
1934 3696 1960 3744 et
1974 3682 2028 3764 49)
2050 3690 2092 3747 ed.
2108 3691 2185 3746 laud.

523 3815 555 3871 p.
580 3797 640 3854 148
650 3815 692 3870 sq.
716 3798 774 3855 149
785 3815 845 3871 89.;
877 3791 1085 3851 Miilrlbacber²
1107 3815 1135 3851 n.
1153 3797 1222 3852 975.
1241 3789 1327 3872 976).
1374 3793 1409 3850 In
1441 3794 1576 3849 nrunduto
1603 3792 1726 3870 permina
1755 3794 1840 3850 verba
1863 3795 1942 3871 firmt
1972 3796 2007 3852 de
2031 3796 2185 3866 monacbis,

528 3901 577 3977 qui
599 3919 632 3957 ex
655 3903 826 3957 monasterio
850 3904 941 3957 sancti
965 3902 1115 3973 Karilepbi
1138 3902 1167 3955 in
1192 3919 1309 3972 egressu
1331 3901 1543 3973 praesumptivo
1567 3901 1641 3955 idem
1665 3903 1862 3956 monasterium
1888 3903 2079 3973 expoliassent
2102 3922 2184 3960 orna·
2205 3910 2234 3949 ⁸⁰

528 4009 630 4064 mentis
661 4009 862 4064 ecelesiasticis
892 4018 951 4062 tam
981 4009 1010 4063 in
1034 4009 1168 4063 thesauro
1192 4026 1334 4080 quamque
1358 4009 1387 4062 in
1410 4009 1484 4062 rasis
1515 4026 1566 4062 sen
1592 4009 1771 4064 vestimentis
1801 4027 1912 4065 necnon
1941 4016 1970 4064 et
1991 4010 2081 4065 libris.
2128 4011 2187 4066 Ad·

528 4123 676 4171 monentur
692 4114 779 4172 Ionas
798 4114 943 4190 episcopus
959 4113 1173 4170 Aurelianensis
1189 4122 1216 4170 et
1232 4113 1375 4170 Henriuts
1397 4112 1484 4170 abdue
1507 4113 1671 4170 monosterii
1692 4114 1788 4191 iprroti,
1812 4124 1844 4169 nt
1867 4133 1916 4170 ros
1940 4118 2014 4170 omni
2038 4117 2187 4190 diligentia

528 4221 598 4276 illud
621 4223 768 4293 inquiratis
793 4231 823 4278 et
846 4241 907 4276 curn
931 4223 1005 4276 omui
1030 4222 1195 4292 integritate
1219 4240 1265 4276 res
1290 4221 1499 4276 ecclesiasticas
1530 4221 1623 4276 eidem
1655 4223 1776 4277 ecclesie
1806 4224 1958 4278 restituere
1982 4224 2105 4279 faciatis.
2151 4223 2186 4280 In

529 4329 664 4384 inundato
686 4328 784 4402 spurio
807 4327 870 4384 ilem
893 4327 989 4404 opiner
1012 4329 1047 4383 de
1070 4327 1214 4384 rnonuclris
1233 4327 1288 4383 illis
1311 4329 1345 4383 cle
1362 4326 1486 4402 proprio
1509 4327 1679 4383 monnatmio
1696 4328 1823 4404 egressis,
1848 4329 1897 4403 qui
1917 4330 1970 4386 hoc
1986 4348 2043 4384 nou
2057 4333 2094 4387 ob
2110 4332 2186 4386 uliud

529 4435 671 4503 fecerunt,
702 4436 755 4490 nisi
786 4436 862 4507 quod
892 4436 981 4489 abbas
1012 4453 1107 4489 corum
1132 4428 1342 4509 (Siyinrundns)
1373 4434 1455 4489 nobis
1484 4435 1653 4489 inobediens
1684 4436 1816 4507 apparuit
1844 4443 1874 4490 ct
1897 4454 1947 4492 uos
1971 4439 2065 4493 eidem
2089 4440 2186 4494 abbati
2206 4444 2234 4482 ⁸⁶

528 4542 603 4596 idem
626 4542 827 4597 monasterium
850 4541 963 4596 tulimus
988 4549 1018 4596 et
1040 4540 1109 4595 illud
1133 4541 1250 4596 Aldrice
1274 4541 1407 4612 episcopo
1432 4541 1611 4611 ecclesieque
1639 4542 1694 4596 sibi
1724 4543 1869 4598 commisse
1898 4543 2042 4614 legaliter,
2073 4545 2147 4600 sicut
2170 4565 2188 4601 a

528 4648 585 4703 suis
607 4649 877 4719 praedecessoribus
906 4665 1066 4719 possessum
1091 4654 1122 4703 et
1145 4654 1337 4702 constructum
1361 4647 1424 4713 fuit,
1455 4648 1640 4716 reddidimus,
1672 4649 1744 4702 sicut
1773 4649 1845 4704 lator
1876 4650 1936 4704 eius
1968 4652 2106 4722 epistolae
2135 4653 2187 4708 tibi

530 4747 603 4828 (scil.
627 4754 716 4811 Ionae
738 4754 940 4811 Aurelianensi
961 4747 1103 4830 episcopo)
1129 4755 1224 4810 dicere
1249 4755 1366 4826 poterit,
1398 4755 1464 4825 quia
1486 4755 1624 4826 prolixum
1652 4764 1695 4810 est
1717 4756 1798 4810 nobis
1821 4758 1849 4810 in
1873 4757 1925 4810 hac
1950 4758 2073 4829 epistola
2094 4760 2188 4814 omnia

529 4863 654 4917 inserere
679 4853 718 4936 (v.
741 4880 832 4936 snpra
850 4881 883 4936 p.
899 4863 960 4920 847
983 4880 1052 4917 ann.
1070 4855 1134 4936 15),
1165 4861 1289 4932 qualiter
1318 4869 1413 4915 aetum
1438 4869 1467 4915 et
1491 4860 1639 4916 definitum
1668 4863 1877 4919 rationabiliter
1905 4863 1970 4931 fuit,
2002 4873 2033 4920 et
2063 4866 2129 4937 quia
2158 4866 2187 4920 in

529 4969 607 5024 nullo
641 4970 778 5023 sentimus
811 4970 981 5023 contrarium
1016 4986 1078 5023 esse
1109 4969 1271 5023 auctoritati
1307 4985 1444 5023 canonum
1473 4968 1623 5023 monachos
1652 4970 1795 5024 subiectos
1826 4971 1965 5042 episcopis
1993 4970 2055 5028 fieri
2079 4974 2236 5028 deberem

530 5068 569 5147 (v.
591 5074 677 5146 insra
694 5095 728 5149 p.
745 5077 807 5133 849
830 5076 848 5130 l.
865 5068 1004 5150 22399).
1041 5073 1225 5146 Quapropter
1247 5076 1384 5144 volumus,
1408 5081 1441 5129 ut
1463 5075 1564 5129 missus
1587 5084 1684 5131 noster
1706 5077 1744 5131 sis
1767 5095 1824 5132 una
1847 5096 1909 5132 eum
1933 5079 2057 5135 Heurico
2081 5081 2187 5136 abbate

530 5188 560 5236 ct
584 5183 700 5237 eosdem
722 5182 872 5237 monachos
896 5181 983 5252 plena
1005 5183 1176 5237 auctoritate
1202 5199 1341 5237 canonum
1366 5189 1396 5236 et
1419 5182 1543 5253 regulari
1558 5190 1646 5254 atque
1662 5191 1760 5238 nostra
1776 5185 1813 5239 ad
1829 5185 1971 5256 proprium
1987 5188 2188 5243 monasterium

529 5289 622 5344 redire
653 5288 840 5359 compellatis.
887 5288 918 5343 Si
947 5306 1015 5343 vero
1046 5290 1184 5361 quispiam
1215 5307 1312 5344 eorum
1339 5307 1388 5342 vos
1411 5307 1467 5344 non
1490 5290 1660 5356 obaudierit,
1691 5295 1829 5359 velumus,
1860 5300 1892 5345 ut
1923 5292 2099 5364 compellatis
2123 5312 2188 5349 eum

530 5396 627 5451 venire
651 5397 686 5450 ad
710 5403 835 5450 nostram
858 5396 1051 5467 praesentiam
1081 5397 1109 5450 in
1139 5397 1264 5467 proximo
1288 5396 1404 5468 placito,
1428 5398 1505 5468 quod
1528 5397 1651 5452 habituri
1675 5416 1769 5452 sumus
1793 5400 1913 5454 Domino
1937 5406 2082 5455 annuente
2107 5399 2187 5455 Cari·

530 5502 643 5557 siacum.
744 5499 774 5570 2)
802 5499 849 5572 Cs.
876 5501 997 5571 Simeon,
1023 5501 1212 5578 ‘Entstelruny
1236 5503 1287 5557 der
1305 5502 1599 5577 pseudoisidorisclren
1624 5503 1840 5580 Fd'lrclznnpen'
1862 5525 1896 5581 p.
1915 5508 1956 5565 68
1967 5525 2009 5581 sq.
2102 5505 2133 5574 3)
2157 5506 2189 5562 V.
2207 5521 2237 5561 ss

529 5627 619 5682 snpra
637 5627 670 5683 p.
686 5610 746 5666 844
770 5609 787 5663 l.
803 5611 894 5684 dsqq.
976 5609 1007 5676 4)
1030 5608 1113 5665 Haec
1135 5607 1221 5665 verba
1236 5617 1390 5665 acccersunt
1404 5608 1491 5666 tribus
1505 5609 1608 5666 vicibus
1623 5609 1652 5666 in
1669 5610 1720 5666 doc
1735 5610 1846 5679 iudicio,
1870 5611 1928 5668 scil.
1945 5611 2080 5682 hocloco,
2104 5613 2190 5684 urfra

528 5733 557 5787 9.
573 5715 635 5772 849
658 5715 675 5768 l.
692 5718 708 5773 1
726 5723 752 5771 et
766 5717 814 5785 36,
834 5723 990 5791 praeterea
1013 5724 1105 5772 autem
1128 5714 1157 5770 in
1181 5716 1308 5772 lemmate
1330 5715 1476 5772 relationis
1499 5715 1625 5784 Aldriri5
1655 5737 1745 5791 supra
1763 5737 1796 5792 p.
1812 5720 1873 5777 836
1896 5719 1914 5774 l.
1930 5720 1977 5777 37.
2003 5763 2006 5772 ,
2056 5718 2088 5788 b)
2115 5719 2188 5776 Met·

531 5819 624 5876 leuis.
717 5820 747 5890 8)
769 5822 801 5878 V.
824 5841 916 5898 supra
933 5841 967 5897 p.
983 5825 1045 5881 838
1056 5841 1117 5898 sqq.
