4884 6717
556 505 621 569 498
1027 511 1079 566 44.
1115 511 1335 570 CONCILIUM
1358 513 1585 569 PARISIENSB
1609 515 1646 569 A.
1667 513 1743 569 825.

557 708 739 764 similitudine
763 709 934 781 signaretur.
982 707 1075 772 Quem
1098 727 1167 765 sane
1190 717 1355 780 serpentem
1379 717 1498 780 propter
1520 710 1588 764 iacti
1611 709 1772 764 memoriam
1803 716 1990 774 reservatum,
2021 727 2084 763 cum
2114 717 2220 780 postea

414 826 474 918 V'r‘s'
482 824 537 917 1202·
556 815 679 888 populus
710 834 806 871 errans
837 823 981 887 tamquam
1002 815 1107 871 idolum
1138 816 1233 872 colere
1258 816 1410 887 coepisset,
1442 816 1579 871 Ezechias
1602 834 1652 871 rex
1674 816 1807 887 religiosa
1829 822 1975 886 potestate
1999 817 2063 870 Deo
2087 817 2218 872 serviens

475 907 481 928 ⁹
504 905 510 918 ⁸
557 941 620 977 cum
644 941 746 995 magna
767 924 885 994 pietatis
908 923 993 980 laude
1018 923 1160 977 contrivit.

664 1019 746 1084 Tale
770 1019 848 1107 quid
872 1030 905 1084 et
927 1018 1061 1084 beatum
1076 1020 1299 1106 Epiphanium
1316 1020 1420 1083 virum
1445 1020 1685 1084 sanctissimum
1705 1030 1737 1083 et
1760 1018 1984 1083 doctissimum
2008 1019 2078 1084 zelo
2098 1011 2217 1085 'divino

557 1148 751 1191 succensum
774 1127 809 1189 in
833 1125 981 1212 epistola,
1010 1149 1108 1212 quarn
1133 1125 1176 1190 ad
1198 1126 1379 1191 Iohannem
1403 1125 1797 1211 Constantinopolitanum
1830 1126 2020 1212 episcopum
2045 1125 2161 1191 scribit
2184 1140 2251 1192 ets

557 1231 673 1297 heatus
696 1233 906 1298 Hieronimus
930 1231 972 1296 de
998 1230 1105 1297 Greco
1129 1235 1163 1297 iu
1186 1233 1340 1297 Latinum
1365 1255 1547 1297 sermonem
1572 1232 1746 1314 transtulit,
1772 1232 1910 1318 legimus
1934 1232 2062 1297 fecisse.

663 1356 752 1421 LVI.
780 1361 915 1433 Audivi¹,
932 1358 1047 1444 inquit,
1065 1368 1201 1438 quosdam
1215 1385 1389 1422 murmurare
1405 1374 1504 1422 contra
1519 1384 1574 1422 me.
1600 1365 1720 1430 Quando
1732 1367 1814 1421 simul
1830 1367 2020 1438 pergebamus
2035 1369 2072 1422 ad
2087 1376 2218 1424 sanctum

557 1473 659 1542 locum,
691 1473 740 1544 qui
762 1481 881 1528 vocatur
903 1473 1019 1541 Bethel,
1050 1481 1083 1528 ut
1111 1473 1152 1528 ibi
1175 1474 1324 1529 collectam
1348 1482 1443 1550 tecum
1468 1492 1502 1529 ex
1525 1490 1602 1528 more
1631 1473 1825 1529 ecclesiastico
1855 1473 1990 1540 facerem,
2022 1481 2052 1530 et
2074 1477 2217 1531 venissem

557 1581 595 1634 ad
622 1579 727 1648 villam,
762 1597 837 1651 quae
869 1581 973 1635 dicitur
995 1579 1167 1647 Anablatha,
1197 1581 1388 1652 vidissemque
1417 1581 1457 1635 ibi
1488 1580 1668 1652 praeteriens
1698 1579 1843 1635 lucernam
1876 1581 2025 1635 ardentem
2061 1591 2091 1636 et
2127 1582 2216 1638 inter·

557 1704 713 1758 rogassem,
737 1688 786 1758 qui
810 1687 888 1742 locus
913 1693 1001 1754 esset,
1025 1687 1244 1758 didicissemque
1269 1705 1333 1742 esse
1358 1687 1507 1742 ecclesiam
1532 1694 1562 1742 et
1580 1688 1742 1754 intrassem,
1766 1693 1799 1741 ut
1813 1704 1933 1753 orarem,
1958 1688 2052 1743 inveni
2068 1688 2106 1743 ibi
2122 1688 2218 1743 velum
2238 1703 2266 1742 ro

558 1796 690 1865 pendeus
712 1794 741 1847 in
765 1793 871 1847 foribus
903 1795 1030 1849 eiusdem
1054 1793 1193 1849 ecclesiae
1218 1795 1338 1848 tinctum
1362 1803 1449 1865 atque
1474 1794 1619 1865 depictum
1644 1802 1674 1849 et
1696 1793 1806 1848 habens
1834 1794 1983 1865 imaginem
2007 1796 2088 1865 quasi
2111 1793 2217 1850 Christi

558 1901 606 1955 vel
629 1902 719 1955 sancti
743 1900 897 1955 cuiusdam.
944 1901 1009 1954 Non
1040 1901 1114 1956 euim
1144 1901 1212 1955 satis
1243 1900 1366 1967 memini,
1397 1902 1476 1956 cuius
1507 1901 1598 1972 imago
1625 1901 1722 1956 fuerit.
1770 1899 1841 1954 Cum
1866 1917 1933 1972 orgo
1957 1901 2010 1955 hoc
2032 1902 2165 1956 vidissem
2187 1903 2217 1956 in

561 2006 684 2062 ecclesia
706 2005 812 2061 Christi
836 2015 936 2062 contra
958 2007 1159 2062 auctoritatem
1183 2008 1382 2078 scripturarum
1406 2007 1524 2062 hominis
1547 2008 1676 2077 pendere
1701 2007 1862 2078 imaginem,
1886 2008 1957 2062 scidi
1980 2007 2051 2062 illud
2076 2016 2106 2064 et
2129 2008 2218 2080 magis

560 2115 626 2168 dedi
657 2113 804 2168 consilium
834 2114 1000 2168 custodibus
1032 2115 1169 2180 eiusdem,
1205 2121 1238 2168 ut
1266 2132 1421 2185 pauperem
1452 2122 1592 2168 mortuum
1617 2132 1651 2170 eo
1674 2114 1860 2169 obvolverent
1885 2120 1915 2169 et
1939 2114 2087 2183 efferrent,
2117 2115 2217 2186 illique

561 2227 660 2276 contra
681 2227 887 2275 murmurantes
904 2221 1044 2286 dixerunt,
1068 2220 1090 2274 si
1107 2221 1237 2296 scindere
1254 2219 1394 2288 voluerat,
1417 2220 1522 2275 iustum
1538 2229 1612 2288 erat,
1636 2229 1667 2275 ut
1683 2221 1762 2275 aliud
1778 2222 1862 2275 daret
1877 2221 1973 2276 velum
1988 2228 2076 2292 atque
2093 2239 2216 2277 commu·
2238 2233 2265 2273 15

560 2335 647 2382 taret.
695 2325 779 2390 Quod
802 2344 864 2382 cum
889 2328 1039 2394 audissem,
1071 2345 1115 2382 mc
1140 2328 1272 2382 daturum
1296 2344 1359 2382 esse
1382 2327 1525 2398 pollicitus
1548 2347 1609 2382 sum
1634 2337 1665 2383 et
1688 2329 1751 2382 ilico
1776 2346 1839 2382 csse
1863 2328 2020 2382 missurum.
2067 2328 2217 2382 Paululum

561 2441 657 2490 autern
672 2452 810 2489 morarum
834 2434 887 2489 fuit
909 2435 938 2488 in
962 2435 1066 2502 medio,
1097 2436 1163 2488 dum
1189 2452 1295 2505 quaero
1318 2434 1454 2505 optimum
1477 2434 1572 2489 velum
1595 2454 1646 2506 pro
1670 2453 1704 2490 eo
1727 2437 1860 2502 mittcrc;
1892 2436 2051 2490 arbitrabar
2081 2436 2156 2490 eninr
2180 2436 2218 2490 de

562 2540 657 2613 Cypro
680 2540 746 2596 mihi
771 2559 834 2596 csse
859 2543 1037 2596 mittendum.
1085 2542 1167 2596 Nunc
1191 2550 1288 2596 autem
1312 2541 1373 2594 misi
1398 2543 1473 2611 quod
1496 2543 1577 2612 potui
1600 2543 1728 2613 reperire
1754 2549 1784 2597 et
1807 2559 1918 2612 precor,
1950 2548 1982 2595 nt
2012 2541 2112 2597 iubeas
2135 2559 2218 2612 pres-

561 2649 664 2720 bytero
687 2649 775 2719 ipsius
798 2648 852 2703 loci
876 2649 1020 2720 suscipere
1044 2653 1139 2703 velum
1162 2666 1180 2704 a
1202 2648 1322 2716 lectore,
1355 2650 1430 2718 quod
1454 2666 1471 2702 a
1494 2649 1574 2704 nobis
1597 2650 1710 2703 missum
1734 2656 1788 2716 est,
1822 2657 1851 2703 ct
1882 2649 2019 2719 deinceps
2051 2649 2220 2720 praecipere

562 2756 591 2810 in
615 2755 738 2810 ecclesia
761 2753 866 2809 Christi
889 2756 1049 2810 istiusmodi
1071 2755 1148 2822 vela,
1172 2773 1247 2826 quae
1272 2764 1371 2810 contra
1393 2755 1560 2827 religionem
1584 2763 1707 2810 nostram
1730 2757 1858 2824 veniunt,
1882 2773 1938 2810 nou
1962 2756 2099 2827 appendi.
2240 2772 2270 2809 so

668 2869 773 2934 LVII.
810 2869 895 2934 Nam
919 2882 952 2934 et
974 2869 1090 2934 beatus
1113 2870 1235 2934 Paulus
1260 2869 1425 2955 apostolus
1448 2871 1483 2933 in
1506 2870 1644 2957 epistola
1667 2872 1773 2957 prima
1796 2869 1839 2934 ad
1856 2869 2041 2936 Corinthios
2061 2869 2102 2934 ob
2127 2892 2221 2933 scan-

409 3001 513 3050 neers.
523 3002 542 3041 1.
562 2976 673 3042 delum
703 2976 904 3041 infirmorum
935 2977 1072 3041 fratrum
1095 2975 1264 3041 vitandum
1289 2978 1334 3040 ita
1361 2978 1506 3062 scripsit:
1538 2985 1587 3042 De
1609 2985 1652 3042 lis
1674 2994 1776 3056 auten,
1807 3006 1881 3061 quae
1903 2985 1985 3042 idola
2006 2985 2220 3063 sacrificantur,

562 3093 674 3162 snmus,
698 3092 767 3168 qaia
789 3111 885 3149 ornnes
906 3091 1051 3149 edendam
1075 3091 1214 3161 habentus,
1241 3100 1268 3147 ct
1289 3091 1356 3167 qaia
1379 3091 1482 3149 idolum
1506 3092 1578 3148 nihil
1599 3101 1647 3149 est.

672 3189 769 3270 Quod
785 3188 901 3254 beatus
917 3188 1110 3253 Ambrosius
1127 3191 1172 3253 ita
1189 3191 1340 3275 exponit:
1365 3200 1403 3253 Hi
1413 3196 1435 3266 ²,
1459 3191 1575 3276 inquit,
1599 3200 1687 3256 inflati
1712 3209 1794 3256 crant
1816 3219 1870 3271 per
1892 3201 2049 3267 scientiam,
2073 3201 2123 3270 qui
2145 3199 2221 3254 idolo

564 3314 664 3362 contra
685 3306 807 3361 salutem
830 3307 950 3361 fratrum
974 3306 1168 3377 imperitorum
1192 3323 1292 3361 carnes
1315 3305 1535 3361 sacrificatorum
1558 3308 1695 3375 edebant,
1725 3308 1849 3362 scientos
1879 3308 1967 3362 licere
1995 3325 2108 3362 caruem
2132 3307 2221 3361 edere
2240 3322 2271 3361 ao

565 3421 605 3480 et,
630 3415 705 3483 quod
728 3412 798 3468 nibil
822 3419 867 3469 est
891 3413 1006 3479 idolum,
1038 3413 1104 3467 ideo
1134 3431 1191 3468 uon
1221 3414 1405 3467 contaminari
1437 3415 1581 3468 edentem.
1628 3413 1666 3468 Hi
1696 3415 1859 3469 scandalum
1883 3414 2018 3469 iratribus
2042 3420 2124 3468 erant
2147 3415 2220 3468 cari·

564 3528 654 3575 tatem
678 3538 747 3590 prae
770 3520 859 3574 oculis
882 3538 939 3574 non
962 3520 1115 3586 habentes,
1140 3520 1207 3590 qaia
1229 3520 1294 3590 plus
1319 3529 1381 3574 erat
1404 3539 1517 3576 carnem
1533 3529 1718 3576 contemnere
1735 3539 1817 3592 quam
1835 3521 1916 3575 fratri
1932 3520 2094 3574 scandalum
2111 3519 2220 3574 facere.

443 3641 545 3688 snam.
630 3629 636 3648 ⁸
670 3618 714 3682 Et
737 3628 957 3705 postpauca:
983 3622 1126 3698 Proptcr⁸
1149 3628 1225 3697 quod
1240 3626 1266 3682 si
1280 3647 1344 3682 ceca
1367 3627 1547 3684 scandalizat
1562 3627 1692 3698 fratrem
1717 3646 1815 3697 meunt,
1838 3647 1896 3683 tion
1912 3625 2088 3682 rrtanducabo
2104 3644 2221 3682 carnem

563 3733 592 3790 in
616 3741 770 3803 aeternum,
801 3742 910 3791 utnon
927 3733 1058 3804 fratrem
1082 3752 1171 3788 meum
1193 3732 1393 3802 scaitdah'sem,
1425 3734 1453 3788 in
1484 3741 1593 3788 tantum
1624 3734 1736 3789 caritati
1759 3735 1929 3789 studendum
1960 3735 2055 3800 docet,
2086 3741 2118 3787 ut
2139 3732 2221 3787 licita

562 3858 614 3912 pro
637 3840 751 3895 inlicitis
774 3840 946 3908 habeantur,
969 3858 1006 3894 ne
1031 3840 1124 3895 obsint
1147 3839 1245 3906 fratri3
1278 3848 1415 3911 quantum
1446 3841 1520 3896 enim
1548 3841 1612 3896 mali
1638 3848 1682 3896 est
1709 3860 1762 3911 per
1785 3841 1893 3895 inlicita
1915 3859 1971 3895 uon
1995 3840 2163 3910 delinquere
2188 3846 2219 3894 et
2238 3855 2269 3894 so

562 3966 614 4018 per
638 3966 683 4016 ea,
707 3965 791 4030 quae,
806 3965 941 4003 concessa
964 3954 1040 4015 sunt,
1071 3946 1230 4013 offendere,
1262 3954 1294 4001 ut
1324 3947 1369 4001 lex
1393 3955 1524 4002 servetur
1546 3948 1575 4001 iu
1599 3948 1713 4002 inlicitis
1737 3955 1767 4004 et
1790 3949 1818 4001 in
1843 3948 1927 4002 licitis
1951 3964 2007 4001 non
2030 3946 2217 4013 custodiatur,

562 4055 628 4108 dum
651 4055 856 4109 inconsiderate
882 4055 981 4109 edunt.

441 4173 542 4225 ruam.
670 4147 766 4215 Unde
789 4150 905 4215 beatus
930 4151 1094 4237 apostolus
1119 4150 1216 4215 dicit:
1243 4157 1347 4217 Omnia
1369 4160 1438 4216 utili
1458 4160 1549 4229 licent,
1573 4161 1701 4217 sednon
1725 4159 1820 4216 misnia
1843 4159 2004 4234 expediunt.

671 4257 767 4338 Quod
790 4256 906 4323 beatus
931 4258 1132 4344 Augustinus
1156 4260 1201 4323 ita
1232 4259 1382 4345 exponit:
1415 4263 1535 4323 Potest⁴
1567 4287 1634 4339 ergo
1664 4269 1773 4339 aliquid
1804 4267 1891 4322 licere
1924 4274 1953 4322 et
1984 4285 2040 4321 non
2070 4268 2217 4337 expedire.

563 4375 707 4446 Expedite
731 4383 826 4429 autem
851 4377 926 4446 quod
950 4393 1006 4430 non
1028 4375 1097 4430 licet
1121 4393 1176 4429 nou
1200 4383 1313 4447 potest,
1339 4393 1371 4428 ac
1394 4393 1448 4446 per
1470 4375 1523 4429 hoc
1546 4393 1601 4429 non
1618 4376 1712 4430 omnia
1726 4375 1805 4429 licita
1822 4375 1990 4446 expediunt,
2013 4374 2106 4429 omnia
2121 4381 2217 4428 autem
2236 4389 2266 4426 ss

562 4482 671 4536 inlicita
692 4499 748 4536 non
775 4482 941 4553 expediunt.
989 4480 1061 4536 Sunt
1092 4482 1199 4553 quippe
1231 4482 1310 4537 licita
1334 4499 1407 4552 quae
1431 4500 1486 4536 non
1512 4483 1677 4553 expediunt,
1709 4483 1782 4536 sicut
1805 4482 1933 4553 apostolo
1956 4488 2033 4536 teste
2058 4481 2217 4546 didicimus,

562 4589 614 4644 sed
638 4589 713 4644 inter
735 4587 774 4656 id,
799 4589 874 4660 quod
898 4588 1035 4643 inlicitum
1060 4595 1104 4643 est
1128 4595 1158 4644 et
1182 4590 1247 4643 ideo
1270 4606 1326 4642 non
1351 4590 1478 4660 expedit,
1503 4596 1590 4658 atque
1615 4590 1690 4659 quod
1713 4589 1821 4643 licitum
1845 4595 1889 4643 est
1906 4607 1960 4643 nec
1975 4595 2072 4643 tamen
2089 4587 2217 4657 expedit,

563 4695 630 4766 quid
653 4696 774 4762 intersit,
800 4695 896 4766 alique
919 4694 1071 4749 universali
1095 4695 1195 4766 regula
1219 4693 1342 4749 diffinire
1367 4694 1483 4751 difficile
1510 4704 1564 4750 est.

669 4792 713 4856 Et
734 4792 836 4855 infra:
870 4796 1074 4872 Quapropter⁵
1104 4802 1171 4873 quia
1199 4821 1298 4857 verum
1328 4803 1430 4857 dixisse
1461 4803 1618 4873 apostolum
1650 4803 1781 4858 dubitare
1812 4820 1869 4857 non
1897 4819 2045 4872 possumus
2068 4808 2099 4857 et
2122 4802 2218 4871 aliqua

562 4915 682 4991 peccata
706 4927 767 4964 esse
791 4907 871 4963 licita
894 4909 990 4964 dicere
1015 4926 1070 4962 non
1093 4910 1240 4976 audemus,
1264 4917 1366 4976 restat,
1390 4918 1422 4964 ut
1446 4911 1572 4965 dicamus
1594 4909 1657 4966 fieri
1681 4909 1798 4980 aliquid,
1832 4910 1907 4981 quod
1931 4926 1987 4963 non
2011 4908 2156 4979 expediat,
2185 4914 2217 4961 et
2234 4921 2265 4959 so

669 5153 741 5202 LVI.
770 5147 918 5216 lhudivi]
938 5152 1038 5218 Epiph.
1055 5153 1083 5202 in
1101 5170 1180 5218 usurp.
1200 5152 1231 5202 P.
1307 5155 1338 5203 15
1357 5148 1495 5215 dixerunt]
1517 5117 1691 5203 dicerent'P.

668 5243 756 5292 LVII.
784 5245 815 5293 21
837 5236 935 5304 LV11.]
953 5241 1092 5291 humerum
1109 5241 1154 5291 hoc
1172 5242 1223 5291 loco
1241 5259 1253 5291 e
1271 5241 1334 5292 cmii.
1349 5242 1488 5306 posuimus,
1507 5258 1562 5291 eam
1580 5242 1609 5291 in
1628 5241 1653 5291 P
1668 5242 1739 5292 desit.
1798 5243 1830 5292 37
1851 5243 1920 5291 inter
1938 5241 1966 5289 id
1982 5241 2055 5305 quod
2068 5234 2216 5303 inlicitum]

561 5332 590 5382 id
609 5333 682 5396 quod
701 5333 772 5381 iuter
790 5329 925 5380 inlicitum
945 5328 976 5380 P.

673 5538 702 5624 l)
725 5547 926 5620 iheronymus,
952 5546 1082 5622 Epistola
1104 5549 1142 5606 51
1166 5548 1210 5602 cel
1233 5547 1263 5603 S.
1283 5546 1443 5622 quihanii
1464 5548 1506 5604 ad
1526 5547 1681 5603 iohannem
1703 5543 1728 5622 ἕ
1747 5550 1782 5614 9;
1808 5545 1881 5621 Opp.
1905 5545 2016 5614 ,1,251.
2097 5539 2128 5614 2]
2153 5545 2219 5602 Pa.-

562 5652 734 5722 Ambresiue,
760 5651 910 5710 Comvrtent.
928 5652 956 5709 iu
973 5652 1051 5728 epist.
1069 5652 1156 5708 Pauli
1170 5654 1212 5708 ad
1228 5651 1387 5710 Martios
1402 5653 1444 5722 1.;
1470 5652 1544 5729 opp.
1561 5653 1702 5709 Ambrosii
1717 5653 1756 5722 ΙΙ,
1774 5673 1842 5728 app.
1860 5655 1919 5712 138
1930 5674 1971 5728 sq.
2043 5645 2072 5728 3)
2089 5651 2219 5722 Ibidem,-
2239 5679 2270 5720 ω

562 5762 582 5816 l.
598 5762 617 5815 l.
634 5759 674 5830 H,
699 5779 767 5834 app.
785 5762 852 5820 140.
944 5752 975 5838 4)
999 5759 1179 5835 Aupcsstiuus,
1204 5758 1251 5814 Dc
1274 5759 1408 5836 coniugiis
1430 5760 1598 5817 adulterinis
1619 5755 1697 5834 §16
1720 5757 1771 5838 (—
1792 5762 1948 5832 expediunt
1971 5761 1990 5814 l.
2007 5763 2056 5830 36,
2084 5788 2121 5796 -
2140 5761 2219 5815 didi·
2243 5733 2245 5740 ,

562 5869 649 5922 cimus
673 5868 691 5922 l.
710 5861 890 5942 36),'317;
919 5865 992 5941 Opp.
1016 5865 1064 5934 VI,
1081 5869 1149 5926 396.
1243 5859 1273 5943 5)
1298 5865 1405 5923 Ibidem
1428 5861 1517 5943 §175
1542 5870 1560 5923 l.
1578 5869 1595 5922 l.
1620 5867 1753 5936 V1‚396.
