<?xml version="1.0" encoding="UTF-8"?>
<!DOCTYPE html PUBLIC "-//W3C//DTD XHTML 1.0 Transitional//EN"
    "http://www.w3.org/TR/xhtml1/DTD/xhtml1-transitional.dtd">
<html xmlns="http://www.w3.org/1999/xhtml" xml:lang="en" lang="en">
 <head>
  <title>
</title>
<meta http-equiv="Content-Type" content="text/html;charset=utf-8" />
  <meta name='ocr-system' content='tesseract 3.04.00' />
  <meta name='ocr-capabilities' content='ocr_page ocr_carea ocr_par ocr_line ocrx_word'/>
</head>
<body>
  <div class='ocr_page' id='page_1' title='image "./monumentagerman02gescgoog/monumentagerman02gescgoog_0338.png"; bbox 0 0 4884 6717; ppageno 0'>
   <div class='ocr_carea' id='block_1_1' title="bbox 526 521 1762 595">
    <p class='ocr_par' dir='ltr' id='par_1_1' title="bbox 526 521 1762 595">
     <span class='ocr_line' id='line_1_1' title="bbox 526 521 1762 595; baseline 0.003 -13"><span class='ocrx_word' id='word_1_1' title='bbox 526 521 590 582; x_wconf 78' lang='grc'>750</span> <span class='ocrx_word' id='word_1_2' title='bbox 945 529 996 586; x_wconf 82' lang='grc'>56.</span> <span class='ocrx_word' id='word_1_3' title='bbox 1033 528 1251 586; x_wconf 80' lang='lat' dir='ltr'>CONCILIUII</span> <span class='ocrx_word' id='word_1_4' title='bbox 1275 530 1605 595; x_wconf 76' lang='lat' dir='ltr'>AQUISGRANENSE</span> <span class='ocrx_word' id='word_1_5' title='bbox 1628 532 1665 585; x_wconf 82' lang='grc' dir='ltr'>Α.</span> <span class='ocrx_word' id='word_1_6' title='bbox 1687 531 1762 586; x_wconf 86' lang='grc'>836.</span> 
     </span>
    </p>
   </div>
   <div class='ocr_carea' id='block_1_2' title="bbox 520 714 2217 1869">
    <p class='ocr_par' dir='ltr' id='par_1_2' title="bbox 520 714 2217 1869">
     <span class='ocr_line' id='line_1_2' title="bbox 523 714 2176 803; baseline 0.002 -27"><span class='ocrx_word' id='word_1_7' title='bbox 523 725 738 799; x_wconf 87' lang='lat' dir='ltr'>provocantes</span> <span class='ocrx_word' id='word_1_8' title='bbox 763 737 804 777; x_wconf 83' lang='lat' dir='ltr'>ex</span> <span class='ocrx_word' id='word_1_9' title='bbox 829 714 970 801; x_wconf 89' lang='lat' dir='ltr'>quodam</span> <span class='ocrx_word' id='word_1_10' title='bbox 994 738 1079 779; x_wconf 87' lang='lat' dir='ltr'>vano</span> <span class='ocrx_word' id='word_1_11' title='bbox 1104 715 1245 779; x_wconf 91' lang='lat' dir='ltr'>earnalis</span> <span class='ocrx_word' id='word_1_12' title='bbox 1269 717 1405 781; x_wconf 88' lang='lat' dir='ltr'>affectus</span> <span class='ocrx_word' id='word_1_13' title='bbox 1429 739 1538 781; x_wconf 90' lang='lat' dir='ltr'>amore</span> <span class='ocrx_word' id='word_1_14' title='bbox 1563 718 1696 802; x_wconf 83' lang='lat' dir='ltr'>segnior</span> <span class='ocrx_word' id='word_1_15' title='bbox 1718 719 1948 803; x_wconf 91' lang='lat' dir='ltr'>remissiorque</span> <span class='ocrx_word' id='word_1_16' title='bbox 1980 717 2120 781; x_wconf 87' lang='lat' dir='ltr'>efficitur</span> <span class='ocrx_word' id='word_1_17' title='bbox 2143 728 2176 780; x_wconf 90' lang='lat' dir='ltr'>et</span> 
     </span>
     <span class='ocr_line' id='line_1_3' title="bbox 523 820 2174 910; baseline 0.002 -28"><span class='ocrx_word' id='word_1_18' title='bbox 523 820 662 884; x_wconf 89' lang='lat' dir='ltr'>liliorum</span> <span class='ocrx_word' id='word_1_19' title='bbox 686 823 840 884; x_wconf 89' lang='lat' dir='ltr'>ammissa</span> <span class='ocrx_word' id='word_1_20' title='bbox 862 823 895 884; x_wconf 92' lang='lat' dir='ltr'>in</span> <span class='ocrx_word' id='word_1_21' title='bbox 919 824 1110 908; x_wconf 85' lang='lat' dir='ltr'>semetipsos</span> <span class='ocrx_word' id='word_1_22' title='bbox 1134 822 1319 887; x_wconf 88' lang='lat' dir='ltr'>redundare</span> <span class='ocrx_word' id='word_1_23' title='bbox 1344 822 1601 909; x_wconf 86' lang='lat' dir='ltr'>conprobantur;</span> <span class='ocrx_word' id='word_1_24' title='bbox 1626 824 1738 904; x_wconf 86' lang='lat' dir='ltr'>altero,</span> <span class='ocrx_word' id='word_1_25' title='bbox 1764 847 1828 910; x_wconf 90' lang='lat' dir='ltr'>quo</span> <span class='ocrx_word' id='word_1_26' title='bbox 1852 847 1931 909; x_wconf 88' lang='lat' dir='ltr'>erga</span> <span class='ocrx_word' id='word_1_27' title='bbox 1954 825 2174 887; x_wconf 81' lang='lat' dir='ltr'>sanctuarium</span> 
     </span>
     <span class='ocr_line' id='line_1_4' title="bbox 522 926 2175 1017; baseline 0.002 -27"><span class='ocrx_word' id='word_1_28' title='bbox 522 927 587 991; x_wconf 92' lang='lat' dir='ltr'>Dei</span> <span class='ocrx_word' id='word_1_29' title='bbox 610 927 749 1013; x_wconf 90' lang='lat' dir='ltr'>Deoque</span> <span class='ocrx_word' id='word_1_30' title='bbox 782 926 912 991; x_wconf 90' lang='lat' dir='ltr'>diversa</span> <span class='ocrx_word' id='word_1_31' title='bbox 936 942 1129 992; x_wconf 87' lang='lat' dir='ltr'>consecrata</span> <span class='ocrx_word' id='word_1_32' title='bbox 1160 952 1199 994; x_wconf 91' lang='lat' dir='ltr'>ae</span> <span class='ocrx_word' id='word_1_33' title='bbox 1224 931 1425 994; x_wconf 87' lang='lat' dir='ltr'>sanctificata</span> <span class='ocrx_word' id='word_1_34' title='bbox 1455 929 1591 994; x_wconf 89' lang='lat' dir='ltr'>donaria</span> <span class='ocrx_word' id='word_1_35' title='bbox 1617 932 1790 994; x_wconf 90' lang='lat' dir='ltr'>temerario</span> <span class='ocrx_word' id='word_1_36' title='bbox 1814 954 1895 994; x_wconf 89' lang='lat' dir='ltr'>ausu</span> <span class='ocrx_word' id='word_1_37' title='bbox 1919 930 2119 1017; x_wconf 84' lang='lat' dir='ltr'>delinquitur</span> <span class='ocrx_word' id='word_1_38' title='bbox 2142 942 2175 994; x_wconf 87' lang='lat' dir='ltr'>et</span> 
     </span>
     <span class='ocr_line' id='line_1_5' title="bbox 522 1032 2173 1123; baseline 0.002 -27"><span class='ocrx_word' id='word_1_39' title='bbox 522 1032 609 1097; x_wconf 88' lang='lat' dir='ltr'>idem</span> <span class='ocrx_word' id='word_1_40' title='bbox 633 1033 787 1098; x_wconf 90' lang='lat' dir='ltr'>delictum</span> <span class='ocrx_word' id='word_1_41' title='bbox 818 1057 883 1097; x_wconf 92' lang='lat' dir='ltr'>non</span> <span class='ocrx_word' id='word_1_42' title='bbox 914 1034 1017 1098; x_wconf 90' lang='lat' dir='ltr'>solum</span> <span class='ocrx_word' id='word_1_43' title='bbox 1048 1036 1081 1098; x_wconf 93' lang='lat' dir='ltr'>in</span> <span class='ocrx_word' id='word_1_44' title='bbox 1105 1035 1270 1121; x_wconf 89' lang='lat' dir='ltr'>praelatis,</span> <span class='ocrx_word' id='word_1_45' title='bbox 1301 1060 1413 1100; x_wconf 89' lang='lat' dir='ltr'>verum</span> <span class='ocrx_word' id='word_1_46' title='bbox 1445 1038 1543 1101; x_wconf 89' lang='lat' dir='ltr'>etiam</span> <span class='ocrx_word' id='word_1_47' title='bbox 1573 1039 1607 1100; x_wconf 91' lang='lat' dir='ltr'>in</span> <span class='ocrx_word' id='word_1_48' title='bbox 1638 1036 1792 1101; x_wconf 88' lang='lat' dir='ltr'>subiectis</span> <span class='ocrx_word' id='word_1_49' title='bbox 1821 1037 1932 1101; x_wconf 87' lang='lat' dir='ltr'>divina</span> <span class='ocrx_word' id='word_1_50' title='bbox 1955 1036 2076 1100; x_wconf 88' lang='lat' dir='ltr'>ultione</span> <span class='ocrx_word' id='word_1_51' title='bbox 2101 1060 2173 1123; x_wconf 90' lang='lat' dir='ltr'>per·</span> 
     </span>
     <span class='ocr_line' id='line_1_6' title="bbox 521 1140 2210 1230; baseline 0.004 -27"><span class='ocrx_word' id='word_1_52' title='bbox 521 1162 619 1225; x_wconf 84' lang='lat' dir='ltr'>saepe</span> <span class='ocrx_word' id='word_1_53' title='bbox 650 1140 845 1204; x_wconf 88' lang='lat' dir='ltr'>vindicatur.</span> <span class='ocrx_word' id='word_1_54' title='bbox 898 1142 992 1205; x_wconf 86' lang='lat' dir='ltr'>llaec</span> <span class='ocrx_word' id='word_1_55' title='bbox 1025 1142 1064 1205; x_wconf 92' lang='lat' dir='ltr'>de</span> <span class='ocrx_word' id='word_1_56' title='bbox 1097 1142 1172 1206; x_wconf 92' lang='lat' dir='ltr'>Heli</span> <span class='ocrx_word' id='word_1_57' title='bbox 1203 1143 1342 1230; x_wconf 85' lang='lat' dir='ltr'>filiisque</span> <span class='ocrx_word' id='word_1_58' title='bbox 1375 1145 1443 1207; x_wconf 90' lang='lat' dir='ltr'>eius</span> <span class='ocrx_word' id='word_1_59' title='bbox 1475 1143 1788 1228; x_wconf 79' lang='lat' dir='ltr'>transgredientibus</span> <span class='ocrx_word' id='word_1_60' title='bbox 1819 1154 2008 1230; x_wconf 81' lang='lat' dir='ltr'>preceptum</span> <span class='ocrx_word' id='word_1_61' title='bbox 2039 1145 2210 1210; x_wconf 79' lang='lat' dir='ltr'>Dominio</span> 
     </span>
     <span class='ocr_line' id='line_1_7' title="bbox 522 1245 2172 1336; baseline 0.002 -26"><span class='ocrx_word' id='word_1_62' title='bbox 522 1246 610 1310; x_wconf 87' lang='lat' dir='ltr'>dicta</span> <span class='ocrx_word' id='word_1_63' title='bbox 634 1249 707 1310; x_wconf 89' lang='lat' dir='ltr'>sint.</span> <span class='ocrx_word' id='word_1_64' title='bbox 744 1245 896 1312; x_wconf 90' lang='lat' dir='ltr'>Ceterum</span> <span class='ocrx_word' id='word_1_65' title='bbox 914 1247 1153 1313; x_wconf 82' lang='lat' dir='ltr'>observandum</span> <span class='ocrx_word' id='word_1_66' title='bbox 1172 1263 1220 1313; x_wconf 92' lang='lat' dir='ltr'>est</span> <span class='ocrx_word' id='word_1_67' title='bbox 1237 1261 1269 1313; x_wconf 90' lang='lat' dir='ltr'>et</span> <span class='ocrx_word' id='word_1_68' title='bbox 1285 1273 1489 1336; x_wconf 89' lang='lat' dir='ltr'>summopere</span> <span class='ocrx_word' id='word_1_69' title='bbox 1505 1251 1744 1336; x_wconf 81' lang='lat' dir='ltr'>vigilanterque</span> <span class='ocrx_word' id='word_1_70' title='bbox 1769 1251 1961 1330; x_wconf 79' lang='lat' dir='ltr'>cavendum,</span> <span class='ocrx_word' id='word_1_71' title='bbox 1985 1273 2026 1314; x_wconf 91' lang='lat' dir='ltr'>ne</span> <span class='ocrx_word' id='word_1_72' title='bbox 2050 1251 2172 1314; x_wconf 87' lang='lat' dir='ltr'>factum</span> 
     </span>
     <span class='ocr_line' id='line_1_8' title="bbox 520 1353 2171 1443; baseline 0.002 -27"><span class='ocrx_word' id='word_1_73' title='bbox 520 1353 595 1416; x_wconf 91' lang='lat' dir='ltr'>Heli</span> <span class='ocrx_word' id='word_1_74' title='bbox 620 1353 823 1439; x_wconf 89' lang='lat' dir='ltr'>liliorumque</span> <span class='ocrx_word' id='word_1_75' title='bbox 855 1356 923 1418; x_wconf 88' lang='lat' dir='ltr'>eius</span> <span class='ocrx_word' id='word_1_76' title='bbox 954 1354 1009 1418; x_wconf 88' lang='lat' dir='ltr'>filii</span> <span class='ocrx_word' id='word_1_77' title='bbox 1041 1366 1173 1419; x_wconf 87' lang='lat' dir='ltr'>sanctae</span> <span class='ocrx_word' id='word_1_78' title='bbox 1199 1356 1263 1419; x_wconf 90' lang='lat' dir='ltr'>Dei</span> <span class='ocrx_word' id='word_1_79' title='bbox 1294 1355 1451 1420; x_wconf 90' lang='lat' dir='ltr'>ecclesiae</span> <span class='ocrx_word' id='word_1_80' title='bbox 1482 1358 1657 1438; x_wconf 86' lang='lat' dir='ltr'>imitentur,</span> <span class='ocrx_word' id='word_1_81' title='bbox 1689 1380 1730 1421; x_wconf 91' lang='lat' dir='ltr'>ne</span> <span class='ocrx_word' id='word_1_82' title='bbox 1753 1358 1846 1438; x_wconf 85' lang='lat' dir='ltr'>forte,</span> <span class='ocrx_word' id='word_1_83' title='bbox 1878 1356 1964 1442; x_wconf 88' lang='lat' dir='ltr'>quod</span> <span class='ocrx_word' id='word_1_84' title='bbox 1988 1356 2083 1437; x_wconf 90' lang='lat' dir='ltr'>absit,</span> <span class='ocrx_word' id='word_1_85' title='bbox 2112 1380 2171 1443; x_wconf 91' lang='lat' dir='ltr'>per</span> 
     </span>
     <span class='ocr_line' id='line_1_9' title="bbox 521 1462 2172 1550; baseline 0.002 -27"><span class='ocrx_word' id='word_1_86' title='bbox 521 1482 631 1523; x_wconf 90' lang='lat' dir='ltr'>eorum</span> <span class='ocrx_word' id='word_1_87' title='bbox 655 1462 868 1525; x_wconf 89' lang='lat' dir='ltr'>imitationem</span> <span class='ocrx_word' id='word_1_88' title='bbox 897 1473 929 1525; x_wconf 89' lang='lat' dir='ltr'>et</span> <span class='ocrx_word' id='word_1_89' title='bbox 953 1464 1133 1525; x_wconf 89' lang='lat' dir='ltr'>animarum</span> <span class='ocrx_word' id='word_1_90' title='bbox 1165 1486 1296 1527; x_wconf 90' lang='lat' dir='ltr'>suarum</span> <span class='ocrx_word' id='word_1_91' title='bbox 1326 1463 1596 1549; x_wconf 78' lang='lat' dir='ltr'>periclitationem</span> <span class='ocrx_word' id='word_1_92' title='bbox 1628 1475 1660 1528; x_wconf 89' lang='lat' dir='ltr'>et</span> <span class='ocrx_word' id='word_1_93' title='bbox 1690 1466 1787 1528; x_wconf 90' lang='lat' dir='ltr'>totius</span> <span class='ocrx_word' id='word_1_94' title='bbox 1818 1463 1930 1550; x_wconf 92' lang='lat' dir='ltr'>populi</span> <span class='ocrx_word' id='word_1_95' title='bbox 1955 1463 2107 1527; x_wconf 82' lang='lat' dir='ltr'>deveniat</span> <span class='ocrx_word' id='word_1_96' title='bbox 2129 1464 2172 1527; x_wconf 93' lang='lat' dir='ltr'>ad</span> 
     </span>
     <span class='ocr_line' id='line_1_10' title="bbox 520 1567 2172 1656; baseline 0.003 -27"><span class='ocrx_word' id='word_1_97' title='bbox 520 1567 731 1652; x_wconf 86' lang='lat' dir='ltr'>temporalem</span> <span class='ocrx_word' id='word_1_98' title='bbox 763 1579 795 1631; x_wconf 91' lang='lat' dir='ltr'>et</span> <span class='ocrx_word' id='word_1_99' title='bbox 825 1582 991 1632; x_wconf 81' lang='lat' dir='ltr'>aeternam</span> <span class='ocrx_word' id='word_1_100' title='bbox 1022 1569 1297 1655; x_wconf 85' lang='lat' dir='ltr'>dampnationem.</span> <span class='ocrx_word' id='word_1_101' title='bbox 1352 1569 1468 1655; x_wconf 89' lang='lat' dir='ltr'>Captio</span> <span class='ocrx_word' id='word_1_102' title='bbox 1504 1570 1645 1656; x_wconf 90' lang='lat' dir='ltr'>denique</span> <span class='ocrx_word' id='word_1_103' title='bbox 1676 1593 1772 1634; x_wconf 89' lang='lat' dir='ltr'>areae</span> <span class='ocrx_word' id='word_1_104' title='bbox 1804 1571 1878 1652; x_wconf 87' lang='lat' dir='ltr'>Dei,</span> <span class='ocrx_word' id='word_1_105' title='bbox 1914 1571 1947 1633; x_wconf 93' lang='lat' dir='ltr'>in</span> <span class='ocrx_word' id='word_1_106' title='bbox 1983 1593 2048 1656; x_wconf 90' lang='lat' dir='ltr'>qua</span> <span class='ocrx_word' id='word_1_107' title='bbox 2078 1582 2172 1634; x_wconf 89' lang='lat' dir='ltr'>erant</span> 
     </span>
     <span class='ocr_line' id='line_1_11' title="bbox 520 1672 2217 1763; baseline 0.004 -27"><span class='ocrx_word' id='word_1_108' title='bbox 520 1672 651 1736; x_wconf 87' lang='lat' dir='ltr'>tabulae</span> <span class='ocrx_word' id='word_1_109' title='bbox 681 1676 864 1738; x_wconf 83' lang='lat' dir='ltr'>testamenti</span> <span class='ocrx_word' id='word_1_110' title='bbox 890 1686 921 1738; x_wconf 89' lang='lat' dir='ltr'>et</span> <span class='ocrx_word' id='word_1_111' title='bbox 945 1687 1065 1756; x_wconf 86' lang='lat' dir='ltr'>cetera,</span> <span class='ocrx_word' id='word_1_112' title='bbox 1096 1699 1180 1761; x_wconf 87' lang='lat' dir='ltr'>quae</span> <span class='ocrx_word' id='word_1_113' title='bbox 1210 1676 1321 1740; x_wconf 89' lang='lat' dir='ltr'>divino</span> <span class='ocrx_word' id='word_1_114' title='bbox 1353 1688 1507 1763; x_wconf 89' lang='lat' dir='ltr'>precepto</span> <span class='ocrx_word' id='word_1_115' title='bbox 1538 1678 1644 1740; x_wconf 89' lang='lat' dir='ltr'>inesse</span> <span class='ocrx_word' id='word_1_116' title='bbox 1672 1687 1901 1758; x_wconf 88' lang='lat' dir='ltr'>memorantur,</span> <span class='ocrx_word' id='word_1_117' title='bbox 1932 1686 2065 1763; x_wconf 86' lang='lat' dir='ltr'>propter</span> <span class='ocrx_word' id='word_1_118' title='bbox 2094 1699 2169 1761; x_wconf 86' lang='lat' dir='ltr'>pee-</span> <span class='ocrx_word' id='word_1_119' title='bbox 2190 1703 2217 1742; x_wconf 84' lang='lat' dir='ltr'>io</span> 
     </span>
     <span class='ocr_line' id='line_1_12' title="bbox 520 1781 1948 1869; baseline 0.003 -27"><span class='ocrx_word' id='word_1_120' title='bbox 520 1791 594 1843; x_wconf 86' lang='lat' dir='ltr'>cata</span> <span class='ocrx_word' id='word_1_121' title='bbox 617 1783 785 1844; x_wconf 89' lang='lat' dir='ltr'>memorati</span> <span class='ocrx_word' id='word_1_122' title='bbox 810 1781 886 1845; x_wconf 93' lang='lat' dir='ltr'>Heli</span> <span class='ocrx_word' id='word_1_123' title='bbox 910 1782 1088 1846; x_wconf 89' lang='lat' dir='ltr'>sacerdotis</span> <span class='ocrx_word' id='word_1_124' title='bbox 1112 1783 1316 1869; x_wconf 91' lang='lat' dir='ltr'>filiorumque</span> <span class='ocrx_word' id='word_1_125' title='bbox 1341 1785 1410 1846; x_wconf 92' lang='lat' dir='ltr'>eius</span> <span class='ocrx_word' id='word_1_126' title='bbox 1434 1783 1593 1847; x_wconf 82' lang='lat' dir='ltr'>accidisse</span> <span class='ocrx_word' id='word_1_127' title='bbox 1616 1784 1748 1847; x_wconf 90' lang='lat' dir='ltr'>minime</span> <span class='ocrx_word' id='word_1_128' title='bbox 1773 1782 1948 1847; x_wconf 90' lang='lat' dir='ltr'>dubitatur.</span> 
     </span>
    </p>
   </div>
   <div class='ocr_carea' id='block_1_3' title="bbox 516 1906 2213 3060">
    <p class='ocr_par' dir='ltr' id='par_1_3' title="bbox 516 1906 2213 3060">
     <span class='ocr_line' id='line_1_13' title="bbox 627 1906 2168 1993; baseline 0.003 -25"><span class='ocrx_word' id='word_1_129' title='bbox 627 1907 707 1991; x_wconf 75' lang='lat'><strong><em>(46).</em></strong></span> <span class='ocrx_word' id='word_1_130' title='bbox 733 1906 824 1969; x_wconf 91' lang='lat' dir='ltr'>Vlll.</span> <span class='ocrx_word' id='word_1_131' title='bbox 861 1906 977 1992; x_wconf 90' lang='lat' dir='ltr'>Populi</span> <span class='ocrx_word' id='word_1_132' title='bbox 1002 1930 1130 1992; x_wconf 89' lang='lat' dir='ltr'>quoque</span> <span class='ocrx_word' id='word_1_133' title='bbox 1147 1908 1210 1970; x_wconf 88' lang='lat' dir='ltr'>Dei</span> <span class='ocrx_word' id='word_1_134' title='bbox 1235 1919 1302 1971; x_wconf 89' lang='lat' dir='ltr'>tam</span> <span class='ocrx_word' id='word_1_135' title='bbox 1325 1907 1442 1971; x_wconf 87' lang='lat' dir='ltr'>flebilis</span> <span class='ocrx_word' id='word_1_136' title='bbox 1466 1909 1671 1993; x_wconf 88' lang='lat' dir='ltr'>interemptio</span> <span class='ocrx_word' id='word_1_137' title='bbox 1695 1931 1760 1971; x_wconf 90' lang='lat' dir='ltr'>nou</span> <span class='ocrx_word' id='word_1_138' title='bbox 1784 1907 1887 1971; x_wconf 91' lang='lat' dir='ltr'>solum</span> <span class='ocrx_word' id='word_1_139' title='bbox 1910 1920 2043 1993; x_wconf 89' lang='lat' dir='ltr'>propter</span> <span class='ocrx_word' id='word_1_140' title='bbox 2062 1930 2168 1972; x_wconf 89' lang='lat' dir='ltr'>sacer·</span> 
     </span>
     <span class='ocr_line' id='line_1_14' title="bbox 519 2012 2168 2100; baseline 0.002 -26"><span class='ocrx_word' id='word_1_141' title='bbox 519 2012 640 2092; x_wconf 90' lang='lat' dir='ltr'>dotum,</span> <span class='ocrx_word' id='word_1_142' title='bbox 665 2035 777 2076; x_wconf 81' lang='lat' dir='ltr'>vemm</span> <span class='ocrx_word' id='word_1_143' title='bbox 802 2015 899 2076; x_wconf 89' lang='lat' dir='ltr'>etiam</span> <span class='ocrx_word' id='word_1_144' title='bbox 924 2025 1056 2099; x_wconf 89' lang='lat' dir='ltr'>propter</span> <span class='ocrx_word' id='word_1_145' title='bbox 1079 2037 1139 2077; x_wconf 89' lang='lat' dir='ltr'>sua</span> <span class='ocrx_word' id='word_1_146' title='bbox 1162 2015 1332 2078; x_wconf 90' lang='lat' dir='ltr'>innumera</span> <span class='ocrx_word' id='word_1_147' title='bbox 1356 2014 1484 2097; x_wconf 87' lang='lat' dir='ltr'>delicta,</span> <span class='ocrx_word' id='word_1_148' title='bbox 1510 2014 1627 2100; x_wconf 88' lang='lat' dir='ltr'>quibus</span> <span class='ocrx_word' id='word_1_149' title='bbox 1651 2014 1773 2078; x_wconf 86' lang='lat' dir='ltr'>cultum</span> <span class='ocrx_word' id='word_1_150' title='bbox 1792 2015 1857 2078; x_wconf 90' lang='lat' dir='ltr'>Dei</span> <span class='ocrx_word' id='word_1_151' title='bbox 1880 2015 1971 2077; x_wconf 90' lang='lat' dir='ltr'>nihili</span> <span class='ocrx_word' id='word_1_152' title='bbox 1994 2013 2168 2096; x_wconf 87' lang='lat' dir='ltr'>ducebant,</span> 
     </span>
     <span class='ocr_line' id='line_1_15' title="bbox 519 2118 2167 2207; baseline 0.001 -25"><span class='ocrx_word' id='word_1_153' title='bbox 519 2118 678 2182; x_wconf 82' lang='lat' dir='ltr'>accidisse</span> <span class='ocrx_word' id='word_1_154' title='bbox 703 2120 908 2183; x_wconf 80' lang='lat' dir='ltr'>manifestum</span> <span class='ocrx_word' id='word_1_155' title='bbox 933 2132 991 2184; x_wconf 90' lang='lat' dir='ltr'>cst.</span> <span class='ocrx_word' id='word_1_156' title='bbox 1039 2121 1146 2206; x_wconf 84' lang='lat' dir='ltr'>Saepe</span> <span class='ocrx_word' id='word_1_157' title='bbox 1170 2122 1291 2206; x_wconf 91' lang='lat' dir='ltr'>quippe</span> <span class='ocrx_word' id='word_1_158' title='bbox 1316 2120 1475 2184; x_wconf 81' lang='lat' dir='ltr'>accidisse</span> <span class='ocrx_word' id='word_1_159' title='bbox 1498 2121 1636 2206; x_wconf 91' lang='lat' dir='ltr'>legimus</span> <span class='ocrx_word' id='word_1_160' title='bbox 1660 2121 1788 2207; x_wconf 90' lang='lat' dir='ltr'>culpam</span> <span class='ocrx_word' id='word_1_161' title='bbox 1812 2121 2017 2185; x_wconf 90' lang='lat' dir='ltr'>sacerdotum</span> <span class='ocrx_word' id='word_1_162' title='bbox 2040 2123 2167 2184; x_wconf 89' lang='lat' dir='ltr'>ruinam</span> 
     </span>
     <span class='ocr_line' id='line_1_16' title="bbox 519 2225 2212 2314; baseline 0.002 -27"><span class='ocrx_word' id='word_1_163' title='bbox 519 2226 664 2288; x_wconf 83' lang='lat' dir='ltr'>extitisse</span> <span class='ocrx_word' id='word_1_164' title='bbox 689 2225 801 2311; x_wconf 93' lang='lat' dir='ltr'>populi</span> <span class='ocrx_word' id='word_1_165' title='bbox 824 2238 855 2289; x_wconf 93' lang='lat' dir='ltr'>ct</span> <span class='ocrx_word' id='word_1_166' title='bbox 878 2251 989 2290; x_wconf 89' lang='lat' dir='ltr'>rursus</span> <span class='ocrx_word' id='word_1_167' title='bbox 1014 2228 1142 2312; x_wconf 88' lang='lat' dir='ltr'>eulpam</span> <span class='ocrx_word' id='word_1_168' title='bbox 1165 2227 1276 2312; x_wconf 91' lang='lat' dir='ltr'>populi</span> <span class='ocrx_word' id='word_1_169' title='bbox 1293 2229 1420 2291; x_wconf 88' lang='lat' dir='ltr'>ruinam</span> <span class='ocrx_word' id='word_1_170' title='bbox 1437 2229 1583 2292; x_wconf 81' lang='lat' dir='ltr'>extitisse</span> <span class='ocrx_word' id='word_1_171' title='bbox 1600 2228 1815 2309; x_wconf 88' lang='lat' dir='ltr'>sacerdotum,</span> <span class='ocrx_word' id='word_1_172' title='bbox 1840 2230 1924 2292; x_wconf 92' lang='lat' dir='ltr'>sicut</span> <span class='ocrx_word' id='word_1_173' title='bbox 1939 2237 2049 2314; x_wconf 87' lang='lat' dir='ltr'>aperte</span> <span class='ocrx_word' id='word_1_174' title='bbox 2066 2227 2168 2313; x_wconf 87' lang='lat' dir='ltr'>liquet</span> <span class='ocrx_word' id='word_1_175' title='bbox 2188 2251 2212 2290; x_wconf 78' lang='lat' dir='ltr'>is</span> 
     </span>
     <span class='ocr_line' id='line_1_17' title="bbox 519 2331 2166 2420; baseline 0.001 -25"><span class='ocrx_word' id='word_1_176' title='bbox 519 2332 645 2418; x_wconf 88' lang='lat' dir='ltr'>culpam</span> <span class='ocrx_word' id='word_1_177' title='bbox 672 2331 746 2395; x_wconf 94' lang='lat' dir='ltr'>Heli</span> <span class='ocrx_word' id='word_1_178' title='bbox 769 2332 973 2419; x_wconf 89' lang='lat' dir='ltr'>filiorumque</span> <span class='ocrx_word' id='word_1_179' title='bbox 998 2335 1067 2399; x_wconf 90' lang='lat' dir='ltr'>cius</span> <span class='ocrx_word' id='word_1_180' title='bbox 1091 2333 1201 2420; x_wconf 91' lang='lat' dir='ltr'>populi</span> <span class='ocrx_word' id='word_1_181' title='bbox 1227 2335 1371 2397; x_wconf 83' lang='lat' dir='ltr'>extitisse</span> <span class='ocrx_word' id='word_1_182' title='bbox 1397 2335 1522 2398; x_wconf 88' lang='lat' dir='ltr'>ruinam</span> <span class='ocrx_word' id='word_1_183' title='bbox 1545 2345 1578 2398; x_wconf 89' lang='lat' dir='ltr'>et</span> <span class='ocrx_word' id='word_1_184' title='bbox 1600 2357 1711 2398; x_wconf 89' lang='lat' dir='ltr'>rursus</span> <span class='ocrx_word' id='word_1_185' title='bbox 1735 2333 1864 2420; x_wconf 91' lang='lat' dir='ltr'>culpam</span> <span class='ocrx_word' id='word_1_186' title='bbox 1888 2333 1999 2420; x_wconf 91' lang='lat' dir='ltr'>populi</span> <span class='ocrx_word' id='word_1_187' title='bbox 2030 2335 2166 2420; x_wconf 85' lang='lat' dir='ltr'>captivi·</span> 
     </span>
     <span class='ocr_line' id='line_1_18' title="bbox 518 2439 2165 2526; baseline 0.001 -24"><span class='ocrx_word' id='word_1_188' title='bbox 518 2450 617 2503; x_wconf 89' lang='lat' dir='ltr'>tatem</span> <span class='ocrx_word' id='word_1_189' title='bbox 642 2440 786 2502; x_wconf 82' lang='lat' dir='ltr'>extitisse</span> <span class='ocrx_word' id='word_1_190' title='bbox 811 2451 995 2504; x_wconf 87' lang='lat' dir='ltr'>sanctorum</span> <span class='ocrx_word' id='word_1_191' title='bbox 1019 2439 1260 2526; x_wconf 89' lang='lat' dir='ltr'>prophetarum,</span> <span class='ocrx_word' id='word_1_192' title='bbox 1291 2440 1496 2504; x_wconf 81' lang='lat' dir='ltr'>Ezechihelis</span> <span class='ocrx_word' id='word_1_193' title='bbox 1527 2440 1690 2521; x_wconf 89' lang='lat' dir='ltr'>videlicet,</span> <span class='ocrx_word' id='word_1_194' title='bbox 1721 2440 1893 2504; x_wconf 86' lang='lat' dir='ltr'>Danihelis</span> <span class='ocrx_word' id='word_1_195' title='bbox 1925 2453 1957 2505; x_wconf 90' lang='lat' dir='ltr'>et</span> <span class='ocrx_word' id='word_1_196' title='bbox 1979 2441 2165 2504; x_wconf 87' lang='lat' dir='ltr'>Hieremiae</span> 
     </span>
     <span class='ocr_line' id='line_1_19' title="bbox 518 2531 2171 2632; baseline -0.001 -22"><span class='ocrx_word' id='word_1_197' title='bbox 518 2555 551 2610; x_wconf 91' lang='lat' dir='ltr'>et</span> <span class='ocrx_word' id='word_1_198' title='bbox 578 2546 714 2610; x_wconf 89' lang='lat' dir='ltr'>aliorum</span> <span class='ocrx_word' id='word_1_199' title='bbox 744 2545 917 2610; x_wconf 90' lang='lat' dir='ltr'>multorum</span> <span class='ocrx_word' id='word_1_200' title='bbox 949 2570 1114 2610; x_wconf 84' lang='lat' dir='ltr'>servorum</span> <span class='ocrx_word' id='word_1_201' title='bbox 1139 2547 1204 2609; x_wconf 90' lang='lat' dir='ltr'>Dei</span> <span class='ocrx_word' id='word_1_202' title='bbox 1236 2546 1415 2611; x_wconf 89' lang='lat' dir='ltr'>secundum</span> <span class='ocrx_word' id='word_1_203' title='bbox 1438 2546 1519 2631; x_wconf 92' lang='lat' dir='ltr'>legis</span> <span class='ocrx_word' id='word_1_204' title='bbox 1550 2559 1739 2632; x_wconf 84' lang='lat' dir='ltr'>preceptum</span> <span class='ocrx_word' id='word_1_205' title='bbox 1763 2547 1836 2610; x_wconf 91' lang='lat' dir='ltr'>Deo</span> <span class='ocrx_word' id='word_1_206' title='bbox 1868 2549 1993 2610; x_wconf 88' lang='lat' dir='ltr'>sineere</span> <span class='ocrx_word' id='word_1_207' title='bbox 2024 2569 2062 2610; x_wconf 89' lang='lat' dir='ltr'>ae</span> <span class='ocrx_word' id='word_1_208' title='bbox 2093 2531 2171 2610; x_wconf 36' lang='lat' dir='ltr'>reli?</span> 
     </span>
     <span class='ocr_line' id='line_1_20' title="bbox 517 2652 2166 2739; baseline 0.001 -23"><span class='ocrx_word' id='word_1_209' title='bbox 517 2654 607 2739; x_wconf 90' lang='lat' dir='ltr'>giosc</span> <span class='ocrx_word' id='word_1_210' title='bbox 638 2654 760 2716; x_wconf 88' lang='lat' dir='ltr'>servire</span> <span class='ocrx_word' id='word_1_211' title='bbox 791 2652 978 2734; x_wconf 85' lang='lat' dir='ltr'>volentium,</span> <span class='ocrx_word' id='word_1_212' title='bbox 1010 2655 1094 2717; x_wconf 87' lang='lat' dir='ltr'>sicut</span> <span class='ocrx_word' id='word_1_213' title='bbox 1124 2656 1158 2717; x_wconf 92' lang='lat' dir='ltr'>in</span> <span class='ocrx_word' id='word_1_214' title='bbox 1189 2653 1366 2717; x_wconf 89' lang='lat' dir='ltr'>eorundem</span> <span class='ocrx_word' id='word_1_215' title='bbox 1396 2654 1628 2739; x_wconf 88' lang='lat' dir='ltr'>prophetarum</span> <span class='ocrx_word' id='word_1_216' title='bbox 1658 2654 1748 2717; x_wconf 89' lang='lat' dir='ltr'>libris</span> <span class='ocrx_word' id='word_1_217' title='bbox 1773 2653 1925 2718; x_wconf 82' lang='lat' dir='ltr'>facillime</span> <span class='ocrx_word' id='word_1_218' title='bbox 1950 2653 2166 2718; x_wconf 83' lang='lat' dir='ltr'>animadverti</span> 
     </span>
     <span class='ocr_line' id='line_1_21' title="bbox 517 2759 2213 2847; baseline -0.001 -24"><span class='ocrx_word' id='word_1_219' title='bbox 517 2771 632 2846; x_wconf 90' lang='lat' dir='ltr'>potest.</span> <span class='ocrx_word' id='word_1_220' title='bbox 669 2759 847 2846; x_wconf 86' lang='lat' dir='ltr'>Capturam</span> <span class='ocrx_word' id='word_1_221' title='bbox 862 2783 958 2845; x_wconf 91' lang='lat' dir='ltr'>porro</span> <span class='ocrx_word' id='word_1_222' title='bbox 976 2783 1072 2824; x_wconf 87' lang='lat' dir='ltr'>areae</span> <span class='ocrx_word' id='word_1_223' title='bbox 1089 2760 1165 2840; x_wconf 86' lang='lat' dir='ltr'>Dei,</span> <span class='ocrx_word' id='word_1_224' title='bbox 1191 2784 1275 2846; x_wconf 89' lang='lat' dir='ltr'>quae</span> <span class='ocrx_word' id='word_1_225' title='bbox 1291 2772 1404 2847; x_wconf 89' lang='lat' dir='ltr'>typum</span> <span class='ocrx_word' id='word_1_226' title='bbox 1421 2762 1522 2845; x_wconf 89' lang='lat' dir='ltr'>gessit</span> <span class='ocrx_word' id='word_1_227' title='bbox 1546 2762 1661 2846; x_wconf 88' lang='lat' dir='ltr'>eapitis</span> <span class='ocrx_word' id='word_1_228' title='bbox 1685 2762 1787 2824; x_wconf 90' lang='lat' dir='ltr'>nostri</span> <span class='ocrx_word' id='word_1_229' title='bbox 1811 2759 1932 2824; x_wconf 85' lang='lat' dir='ltr'>Christi</span> <span class='ocrx_word' id='word_1_230' title='bbox 1956 2761 2165 2846; x_wconf 83' lang='lat' dir='ltr'>corporisque</span> <span class='ocrx_word' id='word_1_231' title='bbox 2184 2783 2213 2821; x_wconf 80' lang='lat' dir='ltr'>ao</span> 
     </span>
     <span class='ocr_line' id='line_1_22' title="bbox 517 2865 2166 2954; baseline 0.001 -25"><span class='ocrx_word' id='word_1_232' title='bbox 517 2868 596 2948; x_wconf 86' lang='lat' dir='ltr'>eius,</span> <span class='ocrx_word' id='word_1_233' title='bbox 621 2878 754 2930; x_wconf 88' lang='lat' dir='ltr'>sanctae</span> <span class='ocrx_word' id='word_1_234' title='bbox 778 2866 931 2931; x_wconf 90' lang='lat' dir='ltr'>videlicet</span> <span class='ocrx_word' id='word_1_235' title='bbox 955 2867 1123 2948; x_wconf 89' lang='lat' dir='ltr'>ecclcsiae,</span> <span class='ocrx_word' id='word_1_236' title='bbox 1149 2867 1325 2953; x_wconf 90' lang='lat' dir='ltr'>populique</span> <span class='ocrx_word' id='word_1_237' title='bbox 1348 2869 1476 2931; x_wconf 84' lang='lat' dir='ltr'>minam</span> <span class='ocrx_word' id='word_1_238' title='bbox 1491 2878 1624 2954; x_wconf 88' lang='lat' dir='ltr'>propter</span> <span class='ocrx_word' id='word_1_239' title='bbox 1639 2867 1715 2931; x_wconf 92' lang='lat' dir='ltr'>Heli</span> <span class='ocrx_word' id='word_1_240' title='bbox 1732 2866 1909 2931; x_wconf 89' lang='lat' dir='ltr'>sacerdotis</span> <span class='ocrx_word' id='word_1_241' title='bbox 1925 2865 2166 2952; x_wconf 88' lang='lat' dir='ltr'>neglegentiam</span> 
     </span>
     <span class='ocr_line' id='line_1_23' title="bbox 516 2972 2030 3060; baseline 0 -24"><span class='ocrx_word' id='word_1_242' title='bbox 516 2973 719 3059; x_wconf 90' lang='lat' dir='ltr'>filiorumque</span> <span class='ocrx_word' id='word_1_243' title='bbox 744 2975 813 3036; x_wconf 89' lang='lat' dir='ltr'>eius</span> <span class='ocrx_word' id='word_1_244' title='bbox 837 2977 1127 3059; x_wconf 84' lang='lat' dir='ltr'>transgressionem</span> <span class='ocrx_word' id='word_1_245' title='bbox 1151 2976 1340 3059; x_wconf 88' lang='lat' dir='ltr'>provenisse</span> <span class='ocrx_word' id='word_1_246' title='bbox 1364 2973 1453 3055; x_wconf 92' lang='lat' dir='ltr'>nulli,</span> <span class='ocrx_word' id='word_1_247' title='bbox 1478 2974 1533 3060; x_wconf 92' lang='lat' dir='ltr'>qui</span> <span class='ocrx_word' id='word_1_248' title='bbox 1558 2997 1671 3037; x_wconf 90' lang='lat' dir='ltr'>sanum</span> <span class='ocrx_word' id='word_1_249' title='bbox 1695 2975 1789 3059; x_wconf 87' lang='lat' dir='ltr'>sapit,</span> <span class='ocrx_word' id='word_1_250' title='bbox 1814 2972 1949 3037; x_wconf 89' lang='lat' dir='ltr'>dubium</span> <span class='ocrx_word' id='word_1_251' title='bbox 1973 2985 2030 3036; x_wconf 89' lang='lat' dir='ltr'>est.</span> 
     </span>
    </p>
   </div>
   <div class='ocr_carea' id='block_1_4' title="bbox 515 3097 2209 3398">
    <p class='ocr_par' dir='ltr' id='par_1_4' title="bbox 515 3097 2209 3398">
     <span class='ocr_line' id='line_1_24' title="bbox 623 3097 2165 3184; baseline 0.001 -24"><span class='ocrx_word' id='word_1_252' title='bbox 623 3097 705 3184; x_wconf 73' lang='lat'><strong><em>(47).</em></strong></span> <span class='ocrx_word' id='word_1_253' title='bbox 732 3098 840 3160; x_wconf 89' lang='lat' dir='ltr'>VIIII.</span> <span class='ocrx_word' id='word_1_254' title='bbox 876 3099 1109 3161; x_wconf 85' lang='lat' dir='ltr'>Verumtamen</span> <span class='ocrx_word' id='word_1_255' title='bbox 1134 3098 1211 3184; x_wconf 87' lang='lat' dir='ltr'>quid</span> <span class='ocrx_word' id='word_1_256' title='bbox 1236 3098 1381 3162; x_wconf 88' lang='lat' dir='ltr'>eiusdem</span> <span class='ocrx_word' id='word_1_257' title='bbox 1405 3120 1501 3162; x_wconf 88' lang='lat' dir='ltr'>arcae</span> <span class='ocrx_word' id='word_1_258' title='bbox 1517 3097 1583 3161; x_wconf 89' lang='lat' dir='ltr'>Dei</span> <span class='ocrx_word' id='word_1_259' title='bbox 1606 3097 1792 3183; x_wconf 84' lang='lat' dir='ltr'>captoribus</span> <span class='ocrx_word' id='word_1_260' title='bbox 1811 3098 1941 3183; x_wconf 88' lang='lat' dir='ltr'>Deique</span> <span class='ocrx_word' id='word_1_261' title='bbox 1960 3097 2072 3183; x_wconf 91' lang='lat' dir='ltr'>populi</span> <span class='ocrx_word' id='word_1_262' title='bbox 2092 3120 2165 3161; x_wconf 87' lang='lat' dir='ltr'>eae·</span> 
     </span>
     <span class='ocr_line' id='line_1_25' title="bbox 516 3204 2164 3290; baseline -0.001 -22"><span class='ocrx_word' id='word_1_263' title='bbox 516 3204 642 3269; x_wconf 79' lang='lat' dir='ltr'>sonibus</span> <span class='ocrx_word' id='word_1_264' title='bbox 658 3206 854 3290; x_wconf 80' lang='lat' dir='ltr'>provenerit,</span> <span class='ocrx_word' id='word_1_265' title='bbox 870 3205 1077 3268; x_wconf 88' lang='lat' dir='ltr'>manifestum</span> <span class='ocrx_word' id='word_1_266' title='bbox 1094 3216 1152 3268; x_wconf 87' lang='lat' dir='ltr'>est.</span> <span class='ocrx_word' id='word_1_267' title='bbox 1184 3205 1219 3268; x_wconf 81' lang='lat' dir='ltr'>Si</span> <span class='ocrx_word' id='word_1_268' title='bbox 1237 3227 1315 3290; x_wconf 90' lang='lat' dir='ltr'>ergo</span> <span class='ocrx_word' id='word_1_269' title='bbox 1331 3204 1373 3268; x_wconf 94' lang='lat' dir='ltr'>ab</span> <span class='ocrx_word' id='word_1_270' title='bbox 1390 3204 1582 3289; x_wconf 87' lang='lat' dir='ltr'>alienigenis</span> <span class='ocrx_word' id='word_1_271' title='bbox 1598 3215 1731 3289; x_wconf 89' lang='lat' dir='ltr'>propter</span> <span class='ocrx_word' id='word_1_272' title='bbox 1746 3215 1883 3289; x_wconf 86' lang='lat' dir='ltr'>peccata</span> <span class='ocrx_word' id='word_1_273' title='bbox 1898 3204 2076 3268; x_wconf 88' lang='lat' dir='ltr'>sacerdotis</span> <span class='ocrx_word' id='word_1_274' title='bbox 2093 3226 2164 3267; x_wconf 91' lang='lat' dir='ltr'>suo·</span> 
     </span>
     <span class='ocr_line' id='line_1_26' title="bbox 515 3310 2209 3398; baseline 0 -23"><span class='ocrx_word' id='word_1_275' title='bbox 515 3334 650 3397; x_wconf 88' lang='lat' dir='ltr'>rumque</span> <span class='ocrx_word' id='word_1_276' title='bbox 667 3310 804 3375; x_wconf 89' lang='lat' dir='ltr'>filiorum</span> <span class='ocrx_word' id='word_1_277' title='bbox 822 3322 977 3396; x_wconf 90' lang='lat' dir='ltr'>precepta</span> <span class='ocrx_word' id='word_1_278' title='bbox 992 3311 1057 3374; x_wconf 89' lang='lat' dir='ltr'>Dei</span> <span class='ocrx_word' id='word_1_279' title='bbox 1073 3311 1382 3396; x_wconf 88' lang='lat' dir='ltr'>transgredientium</span> <span class='ocrx_word' id='word_1_280' title='bbox 1398 3311 1485 3375; x_wconf 87' lang='lat' dir='ltr'>facta</span> <span class='ocrx_word' id='word_1_281' title='bbox 1502 3322 1551 3374; x_wconf 90' lang='lat' dir='ltr'>est</span> <span class='ocrx_word' id='word_1_282' title='bbox 1567 3333 1663 3374; x_wconf 88' lang='lat' dir='ltr'>areae</span> <span class='ocrx_word' id='word_1_283' title='bbox 1682 3311 1784 3374; x_wconf 89' lang='lat' dir='ltr'>divini</span> <span class='ocrx_word' id='word_1_284' title='bbox 1800 3313 1985 3375; x_wconf 88' lang='lat' dir='ltr'>testamenti</span> <span class='ocrx_word' id='word_1_285' title='bbox 2004 3312 2112 3398; x_wconf 87' lang='lat' dir='ltr'>captio</span> <span class='ocrx_word' id='word_1_286' title='bbox 2132 3323 2165 3374; x_wconf 87' lang='lat' dir='ltr'>et</span> <span class='ocrx_word' id='word_1_287' title='bbox 2182 3335 2209 3375; x_wconf 79' lang='lat' dir='ltr'>aa</span> 
     </span>
    </p>
   </div>
   <div class='ocr_carea' id='block_1_5' title="bbox 514 3416 2209 3929">
    <p class='ocr_par' dir='ltr' id='par_1_5' title="bbox 514 3416 2209 3929">
     <span class='ocr_line' id='line_1_27' title="bbox 515 3416 2163 3505; baseline -0.002 -23"><span class='ocrx_word' id='word_1_288' title='bbox 515 3418 626 3505; x_wconf 93' lang='lat' dir='ltr'>populi</span> <span class='ocrx_word' id='word_1_289' title='bbox 642 3418 706 3481; x_wconf 91' lang='lat' dir='ltr'>Dei</span> <span class='ocrx_word' id='word_1_290' title='bbox 726 3416 844 3480; x_wconf 87' lang='lat' dir='ltr'>flebilis</span> <span class='ocrx_word' id='word_1_291' title='bbox 861 3417 1036 3503; x_wconf 86' lang='lat' dir='ltr'>conlapsi0,</span> <span class='ocrx_word' id='word_1_292' title='bbox 1062 3418 1243 3482; x_wconf 85' lang='lat' dir='ltr'>cavendum</span> <span class='ocrx_word' id='word_1_293' title='bbox 1268 3417 1426 3499; x_wconf 86' lang='lat' dir='ltr'>omnihus,</span> <span class='ocrx_word' id='word_1_294' title='bbox 1453 3419 1507 3503; x_wconf 90' lang='lat' dir='ltr'>qui</span> <span class='ocrx_word' id='word_1_295' title='bbox 1524 3416 1644 3480; x_wconf 83' lang='lat' dir='ltr'>Christi</span> <span class='ocrx_word' id='word_1_296' title='bbox 1669 3418 1797 3480; x_wconf 90' lang='lat' dir='ltr'>nomine</span> <span class='ocrx_word' id='word_1_297' title='bbox 1817 3430 2001 3496; x_wconf 83' lang='lat' dir='ltr'>censentur,</span> <span class='ocrx_word' id='word_1_298' title='bbox 2025 3439 2163 3479; x_wconf 89' lang='lat' dir='ltr'>summo-</span> 
     </span>
     <span class='ocr_line' id='line_1_28' title="bbox 514 3523 2164 3611; baseline -0.001 -23"><span class='ocrx_word' id='word_1_299' title='bbox 514 3547 592 3611; x_wconf 89' lang='lat' dir='ltr'>pere</span> <span class='ocrx_word' id='word_1_300' title='bbox 623 3536 681 3606; x_wconf 86' lang='lat' dir='ltr'>est,</span> <span class='ocrx_word' id='word_1_301' title='bbox 713 3547 754 3586; x_wconf 92' lang='lat' dir='ltr'>nc</span> <span class='ocrx_word' id='word_1_302' title='bbox 785 3535 894 3609; x_wconf 87' lang='lat' dir='ltr'>spreto</span> <span class='ocrx_word' id='word_1_303' title='bbox 926 3524 1132 3587; x_wconf 82' lang='lat' dir='ltr'>sacerdotum</span> <span class='ocrx_word' id='word_1_304' title='bbox 1163 3524 1284 3588; x_wconf 79' lang='lat' dir='ltr'>Christi</span> <span class='ocrx_word' id='word_1_305' title='bbox 1315 3526 1493 3588; x_wconf 88' lang='lat' dir='ltr'>ministerio</span> <span class='ocrx_word' id='word_1_306' title='bbox 1523 3534 1555 3588; x_wconf 88' lang='lat' dir='ltr'>et</span> <span class='ocrx_word' id='word_1_307' title='bbox 1586 3523 1674 3587; x_wconf 91' lang='lat' dir='ltr'>cultu</span> <span class='ocrx_word' id='word_1_308' title='bbox 1705 3526 1774 3587; x_wconf 91' lang='lat' dir='ltr'>eius</span> <span class='ocrx_word' id='word_1_309' title='bbox 1804 3525 2001 3609; x_wconf 83' lang='lat' dir='ltr'>parvipenso</span> <span class='ocrx_word' id='word_1_310' title='bbox 2031 3537 2164 3609; x_wconf 88' lang='lat' dir='ltr'>propter</span> 
     </span>
     <span class='ocr_line' id='line_1_29' title="bbox 515 3629 2162 3717; baseline -0.001 -23"><span class='ocrx_word' id='word_1_311' title='bbox 515 3654 605 3694; x_wconf 88' lang='lat' dir='ltr'>suam</span> <span class='ocrx_word' id='word_1_312' title='bbox 638 3630 849 3716; x_wconf 87' lang='lat' dir='ltr'>cupiditatem</span> <span class='ocrx_word' id='word_1_313' title='bbox 880 3642 912 3693; x_wconf 93' lang='lat' dir='ltr'>et</span> <span class='ocrx_word' id='word_1_314' title='bbox 946 3630 1103 3694; x_wconf 86' lang='lat' dir='ltr'>inlicitam</span> <span class='ocrx_word' id='word_1_315' title='bbox 1135 3631 1410 3717; x_wconf 85' lang='lat' dir='ltr'>presumptionem</span> <span class='ocrx_word' id='word_1_316' title='bbox 1446 3653 1555 3693; x_wconf 88' lang='lat' dir='ltr'>arcam</span> <span class='ocrx_word' id='word_1_317' title='bbox 1585 3629 1661 3709; x_wconf 91' lang='lat' dir='ltr'>Dei,</span> <span class='ocrx_word' id='word_1_318' title='bbox 1693 3652 1777 3715; x_wconf 89' lang='lat' dir='ltr'>qnae</span> <span class='ocrx_word' id='word_1_319' title='bbox 1808 3631 1920 3715; x_wconf 89' lang='lat' dir='ltr'>utique</span> <span class='ocrx_word' id='word_1_320' title='bbox 1951 3654 2024 3693; x_wconf 88' lang='lat' dir='ltr'>eum</span> <span class='ocrx_word' id='word_1_321' title='bbox 2056 3631 2162 3716; x_wconf 88' lang='lat' dir='ltr'>capite</span> 
     </span>
     <span class='ocr_line' id='line_1_30' title="bbox 515 3736 2162 3823; baseline -0.001 -23"><span class='ocrx_word' id='word_1_322' title='bbox 515 3760 572 3800; x_wconf 91' lang='lat' dir='ltr'>suo</span> <span class='ocrx_word' id='word_1_323' title='bbox 598 3737 724 3801; x_wconf 85' lang='lat' dir='ltr'>Christo</span> <span class='ocrx_word' id='word_1_324' title='bbox 749 3760 815 3799; x_wconf 92' lang='lat' dir='ltr'>una</span> <span class='ocrx_word' id='word_1_325' title='bbox 839 3748 965 3801; x_wconf 87' lang='lat' dir='ltr'>constat</span> <span class='ocrx_word' id='word_1_326' title='bbox 990 3761 1060 3800; x_wconf 86' lang='lat' dir='ltr'>csse</span> <span class='ocrx_word' id='word_1_327' title='bbox 1085 3761 1235 3822; x_wconf 88' lang='lat' dir='ltr'>persona,</span> <span class='ocrx_word' id='word_1_328' title='bbox 1267 3737 1404 3800; x_wconf 87' lang='lat' dir='ltr'>eandem</span> <span class='ocrx_word' id='word_1_329' title='bbox 1429 3760 1537 3800; x_wconf 89' lang='lat' dir='ltr'>aream</span> <span class='ocrx_word' id='word_1_330' title='bbox 1561 3738 1594 3799; x_wconf 92' lang='lat' dir='ltr'>in</span> <span class='ocrx_word' id='word_1_331' title='bbox 1618 3736 1758 3800; x_wconf 90' lang='lat' dir='ltr'>hostium</span> <span class='ocrx_word' id='word_1_332' title='bbox 1789 3759 1928 3818; x_wconf 88' lang='lat' dir='ltr'>suorum,</span> <span class='ocrx_word' id='word_1_333' title='bbox 1961 3736 2046 3823; x_wconf 91' lang='lat' dir='ltr'>quod</span> <span class='ocrx_word' id='word_1_334' title='bbox 2070 3736 2162 3800; x_wconf 89' lang='lat' dir='ltr'>Deus</span> 
     </span>
     <span class='ocr_line' id='line_1_31' title="bbox 514 3842 2209 3929; baseline 0.001 -23"><span class='ocrx_word' id='word_1_335' title='bbox 514 3842 609 3929; x_wconf 87' lang='lat' dir='ltr'>longe</span> <span class='ocrx_word' id='word_1_336' title='bbox 634 3844 742 3925; x_wconf 84' lang='lat' dir='ltr'>saciat,</span> <span class='ocrx_word' id='word_1_337' title='bbox 767 3866 918 3906; x_wconf 88' lang='lat' dir='ltr'>corruere</span> <span class='ocrx_word' id='word_1_338' title='bbox 942 3844 1064 3907; x_wconf 87' lang='lat' dir='ltr'>faciant</span> <span class='ocrx_word' id='word_1_339' title='bbox 1087 3844 1364 3929; x_wconf 88' lang='lat' dir='ltr'>depredationem.</span> <span class='ocrx_word' id='word_1_340' title='bbox 2181 3867 2209 3907; x_wconf 77' lang='lat' dir='ltr'>ao</span> 
     </span>
    </p>
   </div>
   <div class='ocr_carea' id='block_1_6' title="bbox 474 3966 2206 4695">
    <p class='ocr_par' dir='ltr' id='par_1_6' title="bbox 474 3966 2206 4695">
     <span class='ocr_line' id='line_1_32' title="bbox 622 3966 2161 4054; baseline 0 -23"><span class='ocrx_word' id='word_1_341' title='bbox 622 3969 703 4054; x_wconf 77' lang='lat'><strong><em>(48).</em></strong></span> <span class='ocrx_word' id='word_1_342' title='bbox 728 3969 771 4031; x_wconf 90' lang='lat' dir='ltr'>X.</span> <span class='ocrx_word' id='word_1_343' title='bbox 808 3967 955 4047; x_wconf 77' lang='lat' dir='ltr'>Qualiter</span> <span class='ocrx_word' id='word_1_344' title='bbox 978 3968 1118 4054; x_wconf 79' lang='lat' dir='ltr'>&lt;lenique</span> <span class='ocrx_word' id='word_1_345' title='bbox 1139 3969 1204 4032; x_wconf 89' lang='lat' dir='ltr'>Dei</span> <span class='ocrx_word' id='word_1_346' title='bbox 1228 3969 1349 4032; x_wconf 89' lang='lat' dir='ltr'>electus</span> <span class='ocrx_word' id='word_1_347' title='bbox 1373 3967 1531 4053; x_wconf 88' lang='lat' dir='ltr'>propheta</span> <span class='ocrx_word' id='word_1_348' title='bbox 1551 3967 1704 4032; x_wconf 88' lang='lat' dir='ltr'>Samuhel</span> <span class='ocrx_word' id='word_1_349' title='bbox 1727 3969 1761 4030; x_wconf 91' lang='lat' dir='ltr'>in</span> <span class='ocrx_word' id='word_1_350' title='bbox 1785 3966 1923 4031; x_wconf 87' lang='lat' dir='ltr'>cultibus</span> <span class='ocrx_word' id='word_1_351' title='bbox 1948 3969 2049 4031; x_wconf 90' lang='lat' dir='ltr'>sacris</span> <span class='ocrx_word' id='word_1_352' title='bbox 2074 3978 2105 4030; x_wconf 90' lang='lat' dir='ltr'>et</span> <span class='ocrx_word' id='word_1_353' title='bbox 2128 3968 2161 4031; x_wconf 92' lang='lat' dir='ltr'>in</span> 
     </span>
     <span class='ocr_line' id='line_1_33' title="bbox 513 4073 2160 4160; baseline -0.001 -22"><span class='ocrx_word' id='word_1_354' title='bbox 513 4073 669 4138; x_wconf 89' lang='lat' dir='ltr'>altaribus</span> <span class='ocrx_word' id='word_1_355' title='bbox 694 4075 858 4159; x_wconf 86' lang='lat' dir='ltr'>erigendis</span> <span class='ocrx_word' id='word_1_356' title='bbox 882 4076 970 4137; x_wconf 87' lang='lat' dir='ltr'>etin</span> <span class='ocrx_word' id='word_1_357' title='bbox 994 4074 1188 4139; x_wconf 89' lang='lat' dir='ltr'>holocaustis</span> <span class='ocrx_word' id='word_1_358' title='bbox 1212 4075 1385 4139; x_wconf 79' lang='lat' dir='ltr'>offerendis</span> <span class='ocrx_word' id='word_1_359' title='bbox 1413 4088 1445 4136; x_wconf 91' lang='lat' dir='ltr'>et</span> <span class='ocrx_word' id='word_1_360' title='bbox 1474 4076 1508 4136; x_wconf 91' lang='lat' dir='ltr'>in</span> <span class='ocrx_word' id='word_1_361' title='bbox 1542 4075 1670 4160; x_wconf 92' lang='lat' dir='ltr'>populis</span> <span class='ocrx_word' id='word_1_362' title='bbox 1700 4073 1741 4137; x_wconf 91' lang='lat' dir='ltr'>ab</span> <span class='ocrx_word' id='word_1_363' title='bbox 1772 4073 1931 4136; x_wconf 89' lang='lat' dir='ltr'>idolorum</span> <span class='ocrx_word' id='word_1_364' title='bbox 1960 4073 2085 4138; x_wconf 87' lang='lat' dir='ltr'>cultura</span> <span class='ocrx_word' id='word_1_365' title='bbox 2119 4074 2160 4137; x_wconf 90' lang='lat' dir='ltr'>ad</span> 
     </span>
     <span class='ocr_line' id='line_1_34' title="bbox 513 4179 2160 4267; baseline -0.001 -22"><span class='ocrx_word' id='word_1_366' title='bbox 513 4181 659 4245; x_wconf 85' lang='lat' dir='ltr'>diuinum</span> <span class='ocrx_word' id='word_1_367' title='bbox 684 4181 803 4245; x_wconf 92' lang='lat' dir='ltr'>cultum</span> <span class='ocrx_word' id='word_1_368' title='bbox 829 4180 1021 4244; x_wconf 81' lang='lat' dir='ltr'>revocandis</span> <span class='ocrx_word' id='word_1_369' title='bbox 1046 4181 1119 4244; x_wconf 86' lang='lat' dir='ltr'>Deo</span> <span class='ocrx_word' id='word_1_370' title='bbox 1150 4181 1319 4267; x_wconf 88' lang='lat' dir='ltr'>placuerit,</span> <span class='ocrx_word' id='word_1_371' title='bbox 1355 4182 1456 4267; x_wconf 87' lang='lat' dir='ltr'>ipsius</span> <span class='ocrx_word' id='word_1_372' title='bbox 1487 4179 1561 4244; x_wconf 92' lang='lat' dir='ltr'>libri</span> <span class='ocrx_word' id='word_1_373' title='bbox 1594 4180 1728 4244; x_wconf 90' lang='lat' dir='ltr'>historia</span> <span class='ocrx_word' id='word_1_374' title='bbox 1760 4179 1942 4264; x_wconf 88' lang='lat' dir='ltr'>legentibus</span> <span class='ocrx_word' id='word_1_375' title='bbox 1970 4193 2081 4265; x_wconf 90' lang='lat' dir='ltr'>aperte</span> <span class='ocrx_word' id='word_1_376' title='bbox 2106 4180 2160 4244; x_wconf 87' lang='lat' dir='ltr'>de·</span> 
     </span>
     <span class='ocr_line' id='line_1_35' title="bbox 474 4274 2160 4373; baseline -0.001 -22"><span class='ocrx_word' id='word_1_377' title='bbox 474 4274 481 4288; x_wconf 55' lang='lat'><em>⁶</em></span> <span class='ocrx_word' id='word_1_378' title='bbox 512 4298 677 4352; x_wconf 89' lang='lat' dir='ltr'>monstrat.</span> <span class='ocrx_word' id='word_1_379' title='bbox 725 4287 826 4351; x_wconf 88' lang='lat' dir='ltr'>Cuius</span> <span class='ocrx_word' id='word_1_380' title='bbox 850 4286 959 4350; x_wconf 79' lang='lat' dir='ltr'>verbis</span> <span class='ocrx_word' id='word_1_381' title='bbox 985 4297 1017 4350; x_wconf 91' lang='lat' dir='ltr'>et</span> <span class='ocrx_word' id='word_1_382' title='bbox 1040 4286 1167 4351; x_wconf 90' lang='lat' dir='ltr'>actibus</span> <span class='ocrx_word' id='word_1_383' title='bbox 1192 4288 1361 4351; x_wconf 89' lang='lat' dir='ltr'>evidenter</span> <span class='ocrx_word' id='word_1_384' title='bbox 1391 4290 1537 4373; x_wconf 88' lang='lat' dir='ltr'>patescit,</span> <span class='ocrx_word' id='word_1_385' title='bbox 1574 4287 1671 4373; x_wconf 91' lang='lat' dir='ltr'>quod,</span> <span class='ocrx_word' id='word_1_386' title='bbox 1706 4288 1782 4351; x_wconf 91' lang='lat' dir='ltr'>licet</span> <span class='ocrx_word' id='word_1_387' title='bbox 1813 4287 1917 4350; x_wconf 88' lang='lat' dir='ltr'>cultus</span> <span class='ocrx_word' id='word_1_388' title='bbox 1941 4287 2070 4350; x_wconf 89' lang='lat' dir='ltr'>divinus</span> <span class='ocrx_word' id='word_1_389' title='bbox 2099 4309 2160 4372; x_wconf 89' lang='lat' dir='ltr'>per</span> 
     </span>
     <span class='ocr_line' id='line_1_36' title="bbox 512 4394 2206 4480; baseline -0.002 -21"><span class='ocrx_word' id='word_1_390' title='bbox 512 4396 731 4459; x_wconf 88' lang='lat' dir='ltr'>ministrorum</span> <span class='ocrx_word' id='word_1_391' title='bbox 754 4394 959 4457; x_wconf 88' lang='lat' dir='ltr'>insolentiam</span> <span class='ocrx_word' id='word_1_392' title='bbox 984 4407 1016 4457; x_wconf 87' lang='lat' dir='ltr'>et</span> <span class='ocrx_word' id='word_1_393' title='bbox 1039 4396 1192 4458; x_wconf 75' lang='lat' dir='ltr'>vitiorum</span> <span class='ocrx_word' id='word_1_394' title='bbox 1217 4396 1441 4458; x_wconf 89' lang='lat' dir='ltr'>enormitatem</span> <span class='ocrx_word' id='word_1_395' title='bbox 1465 4394 1704 4480; x_wconf 87' lang='lat' dir='ltr'>quodammodo</span> <span class='ocrx_word' id='word_1_396' title='bbox 1729 4417 1826 4480; x_wconf 89' lang='lat' dir='ltr'>saepe</span> <span class='ocrx_word' id='word_1_397' title='bbox 1850 4395 2054 4479; x_wconf 83' lang='lat' dir='ltr'>provenisset</span> <span class='ocrx_word' id='word_1_398' title='bbox 2084 4416 2159 4456; x_wconf 91' lang='lat' dir='ltr'>eon·</span> <span class='ocrx_word' id='word_1_399' title='bbox 2178 4423 2206 4463; x_wconf 67' lang='grc' dir='ltr'>ω</span> 
     </span>
     <span class='ocr_line' id='line_1_37' title="bbox 511 4499 2159 4587; baseline -0.002 -22"><span class='ocrx_word' id='word_1_400' title='bbox 511 4502 631 4587; x_wconf 89' lang='lat' dir='ltr'>lapsus,</span> <span class='ocrx_word' id='word_1_401' title='bbox 656 4513 765 4564; x_wconf 90' lang='lat' dir='ltr'>tamon</span> <span class='ocrx_word' id='word_1_402' title='bbox 788 4523 847 4586; x_wconf 90' lang='lat' dir='ltr'>per</span> <span class='ocrx_word' id='word_1_403' title='bbox 871 4500 1076 4564; x_wconf 90' lang='lat' dir='ltr'>clementiam</span> <span class='ocrx_word' id='word_1_404' title='bbox 1101 4500 1246 4564; x_wconf 84' lang='lat' dir='ltr'>divinam</span> <span class='ocrx_word' id='word_1_405' title='bbox 1270 4511 1302 4564; x_wconf 90' lang='lat' dir='ltr'>ct</span> <span class='ocrx_word' id='word_1_406' title='bbox 1325 4499 1521 4564; x_wconf 87' lang='lat' dir='ltr'>ineffabilem</span> <span class='ocrx_word' id='word_1_407' title='bbox 1546 4501 1809 4581; x_wconf 87' lang='lat' dir='ltr'>misericordiam,</span> <span class='ocrx_word' id='word_1_408' title='bbox 1834 4523 2002 4564; x_wconf 87' lang='lat' dir='ltr'>servorum</span> <span class='ocrx_word' id='word_1_409' title='bbox 2018 4522 2159 4580; x_wconf 88' lang='lat' dir='ltr'>suorum,</span> 
     </span>
     <span class='ocr_line' id='line_1_38' title="bbox 511 4606 2159 4695; baseline -0.001 -24"><span class='ocrx_word' id='word_1_410' title='bbox 511 4609 753 4695; x_wconf 88' lang='lat' dir='ltr'>prophetarum,</span> <span class='ocrx_word' id='word_1_411' title='bbox 778 4609 939 4671; x_wconf 83' lang='lat' dir='ltr'>vaticiniis</span> <span class='ocrx_word' id='word_1_412' title='bbox 964 4619 1137 4688; x_wconf 88' lang='lat' dir='ltr'>ostensam,</span> <span class='ocrx_word' id='word_1_413' title='bbox 1162 4607 1259 4671; x_wconf 85' lang='lat' dir='ltr'>fuerit</span> <span class='ocrx_word' id='word_1_414' title='bbox 1283 4617 1420 4671; x_wconf 81' lang='lat' dir='ltr'>erectus</span> <span class='ocrx_word' id='word_1_415' title='bbox 1459 4607 1555 4672; x_wconf 87' lang='lat' dir='ltr'>Unde</span> <span class='ocrx_word' id='word_1_416' title='bbox 1580 4607 1689 4692; x_wconf 88' lang='lat' dir='ltr'>colligi</span> <span class='ocrx_word' id='word_1_417' title='bbox 1712 4608 1816 4687; x_wconf 88' lang='lat' dir='ltr'>datur,</span> <span class='ocrx_word' id='word_1_418' title='bbox 1841 4606 1938 4693; x_wconf 85' lang='lat' dir='ltr'>quod,</span> <span class='ocrx_word' id='word_1_419' title='bbox 1964 4629 2159 4692; x_wconf 89' lang='lat' dir='ltr'>quamquam</span> 
     </span>
    </p>
   </div>
   <div class='ocr_carea' id='block_1_7' title="bbox 511 4766 2207 5090">
    <p class='ocr_par' dir='ltr' id='par_1_7' title="bbox 511 4766 2207 5090">
     <span class='ocr_line' id='line_1_39' title="bbox 617 4766 2159 4836; baseline 0 -16"><span class='ocrx_word' id='word_1_420' title='bbox 617 4774 681 4823; x_wconf 88' lang='lat' dir='ltr'>Vll.</span> <span class='ocrx_word' id='word_1_421' title='bbox 712 4768 787 4836; x_wconf 85' lang='lat' dir='ltr'>lex]</span> <span class='ocrx_word' id='word_1_422' title='bbox 805 4773 843 4822; x_wconf 81' lang='lat' dir='ltr'>ita</span> <span class='ocrx_word' id='word_1_423' title='bbox 861 4773 920 4833; x_wconf 85' lang='lat' dir='ltr'>BI,</span> <span class='ocrx_word' id='word_1_424' title='bbox 941 4779 968 4822; x_wconf 88' lang='lat' dir='ltr'>et</span> <span class='ocrx_word' id='word_1_425' title='bbox 985 4781 1038 4822; x_wconf 85' lang='lat' dir='ltr'>cett.</span> <span class='ocrx_word' id='word_1_426' title='bbox 1094 4773 1230 4822; x_wconf 82' lang='lat' dir='ltr'>2amissa</span> <span class='ocrx_word' id='word_1_427' title='bbox 1248 4771 1319 4821; x_wconf 83' lang='lat' dir='ltr'><strong><em>L.B</em></strong></span> <span class='ocrx_word' id='word_1_428' title='bbox 1329 4775 1353 4821; x_wconf 87' lang='lat'><strong><em>3.</em></strong></span> <span class='ocrx_word' id='word_1_429' title='bbox 1368 4772 1404 4821; x_wconf 85' lang='lat' dir='ltr'><strong><em>M.</em></strong></span> <span class='ocrx_word' id='word_1_430' title='bbox 1460 4766 1495 4836; x_wconf 91' lang='lat' dir='ltr'>in]</span> <span class='ocrx_word' id='word_1_431' title='bbox 1515 4773 1586 4822; x_wconf 87' lang='lat' dir='ltr'>inter</span> <span class='ocrx_word' id='word_1_432' title='bbox 1605 4771 1636 4823; x_wconf 87' lang='lat' dir='ltr'>L.</span> <span class='ocrx_word' id='word_1_433' title='bbox 1696 4771 1877 4836; x_wconf 71' lang='lat' dir='ltr'>Ideliquium</span> <span class='ocrx_word' id='word_1_434' title='bbox 1897 4790 1960 4821; x_wconf 82' lang='lat' dir='ltr'>corr.</span> <span class='ocrx_word' id='word_1_435' title='bbox 1980 4771 2110 4821; x_wconf 87' lang='lat' dir='ltr'>delictum</span> <span class='ocrx_word' id='word_1_436' title='bbox 2131 4771 2159 4826; x_wconf 74' lang='lat' dir='ltr'>G,</span> 
     </span>
     <span class='ocr_line' id='line_1_40' title="bbox 511 4858 2159 4927; baseline 0.001 -18"><span class='ocrx_word' id='word_1_437' title='bbox 511 4862 661 4926; x_wconf 85' lang='lat' dir='ltr'>deliquium</span> <span class='ocrx_word' id='word_1_438' title='bbox 680 4863 777 4921; x_wconf 81' lang='lat' dir='ltr'><strong><em>B1.3,</em></strong></span> <span class='ocrx_word' id='word_1_439' title='bbox 798 4861 942 4927; x_wconf 88' lang='lat' dir='ltr'>deliquium</span> <span class='ocrx_word' id='word_1_440' title='bbox 961 4862 1164 4911; x_wconf 66' lang='lat' dir='ltr'>cornetanae.</span> <span class='ocrx_word' id='word_1_441' title='bbox 1184 4858 1313 4910; x_wconf 88' lang='lat' dir='ltr'>delictum</span> <span class='ocrx_word' id='word_1_442' title='bbox 1333 4860 1368 4909; x_wconf 88' lang='lat' dir='ltr'><strong><em>M.</em></strong></span> <span class='ocrx_word' id='word_1_443' title='bbox 1443 4861 1637 4910; x_wconf 74' lang='lat' dir='ltr'>brendieatur</span> <span class='ocrx_word' id='word_1_444' title='bbox 1655 4860 1692 4910; x_wconf 91' lang='lat' dir='ltr'><strong><em>M</em></strong></span> <span class='ocrx_word' id='word_1_445' title='bbox 1766 4859 1828 4909; x_wconf 82' lang='lat' dir='ltr'>Aeli</span> <span class='ocrx_word' id='word_1_446' title='bbox 1847 4860 1906 4910; x_wconf 83' lang='lat' dir='ltr'><strong><em>B2.</em></strong></span> <span class='ocrx_word' id='word_1_447' title='bbox 1980 4862 2159 4924; x_wconf 76' lang='lat' dir='ltr'>haumopere</span> 
     </span>
     <span class='ocr_line' id='line_1_41' title="bbox 512 4948 2207 5015; baseline -0.001 -15"><span class='ocrx_word' id='word_1_448' title='bbox 512 4951 690 5004; x_wconf 75' lang='lat' dir='ltr'><strong><em>L.BI.·.’.3,</em></strong></span> <span class='ocrx_word' id='word_1_449' title='bbox 709 4951 738 4999; x_wconf 87' lang='lat' dir='ltr'><strong><em>M</em></strong></span> <span class='ocrx_word' id='word_1_450' title='bbox 753 4949 880 5015; x_wconf 72' lang='lat' dir='ltr'>(saepire).</span> <span class='ocrx_word' id='word_1_451' title='bbox 947 4948 1093 5014; x_wconf 83' lang='lat' dir='ltr'>vigilanter</span> <span class='ocrx_word' id='word_1_452' title='bbox 1111 4950 1142 5010; x_wconf 88' lang='lat' dir='ltr'>L,</span> <span class='ocrx_word' id='word_1_453' title='bbox 1163 4957 1191 5000; x_wconf 87' lang='lat' dir='ltr'>et</span> <span class='ocrx_word' id='word_1_454' title='bbox 1203 4949 1420 5014; x_wconf 66' lang='lat' dir='ltr'>vigilanterB‘I.</span> <span class='ocrx_word' id='word_1_455' title='bbox 1431 4953 1456 4999; x_wconf 85' lang='lat'><strong><em>3.</em></strong></span> <span class='ocrx_word' id='word_1_456' title='bbox 1470 4949 1507 4998; x_wconf 90' lang='lat' dir='ltr'><strong><em>M.</em></strong></span> <span class='ocrx_word' id='word_1_457' title='bbox 1574 4948 1691 5000; x_wconf 74' lang='lat' dir='ltr'>”IHaeli</span> <span class='ocrx_word' id='word_1_458' title='bbox 1710 4949 1736 4998; x_wconf 91' lang='lat' dir='ltr'><em>B</em></span> <span class='ocrx_word' id='word_1_459' title='bbox 1746 4953 1770 4998; x_wconf 76' lang='lat'><strong><em>2.</em></strong></span> <span class='ocrx_word' id='word_1_460' title='bbox 1837 4948 2108 5015; x_wconf 74' lang='lat' dir='ltr'>Spereclitatiouem</span> <span class='ocrx_word' id='word_1_461' title='bbox 2126 4948 2158 4998; x_wconf 88' lang='lat' dir='ltr'>L.</span> <span class='ocrx_word' id='word_1_462' title='bbox 2177 4963 2207 5003; x_wconf 74' lang='lat' dir='ltr'>ao</span> 
     </span>
     <span class='ocr_line' id='line_1_42' title="bbox 511 5039 1013 5090; baseline -0.004 -1"><span class='ocrx_word' id='word_1_463' title='bbox 511 5047 537 5090; x_wconf 88' lang='lat' dir='ltr'>et</span> <span class='ocrx_word' id='word_1_464' title='bbox 554 5041 620 5090; x_wconf 80' lang='lat' dir='ltr'>deest</span> <span class='ocrx_word' id='word_1_465' title='bbox 637 5040 669 5089; x_wconf 90' lang='lat' dir='ltr'><strong><em>L.</em></strong></span> <span class='ocrx_word' id='word_1_466' title='bbox 742 5040 876 5089; x_wconf 85' lang='lat' dir='ltr'>9archae</span> <span class='ocrx_word' id='word_1_467' title='bbox 896 5039 955 5088; x_wconf 82' lang='lat' dir='ltr'><strong><em>B3.</em></strong></span> <span class='ocrx_word' id='word_1_468' title='bbox 977 5039 1013 5087; x_wconf 87' lang='lat' dir='ltr'><strong><em>M.</em></strong></span> 
     </span>
    </p>
   </div>
   <div class='ocr_carea' id='block_1_8' title="bbox 509 5139 2205 5479">
    <p class='ocr_par' dir='ltr' id='par_1_8' title="bbox 509 5139 2205 5479">
     <span class='ocr_line' id='line_1_43' title="bbox 617 5139 2160 5209; baseline -0.002 -13"><span class='ocrx_word' id='word_1_469' title='bbox 617 5148 696 5196; x_wconf 87' lang='lat' dir='ltr'>VIII.</span> <span class='ocrx_word' id='word_1_470' title='bbox 728 5149 759 5196; x_wconf 83' lang='lat'>12</span> <span class='ocrx_word' id='word_1_471' title='bbox 779 5141 868 5209; x_wconf 89' lang='lat' dir='ltr'>VIII.]</span> <span class='ocrx_word' id='word_1_472' title='bbox 887 5146 925 5195; x_wconf 77' lang='lat' dir='ltr'>ita</span> <span class='ocrx_word' id='word_1_473' title='bbox 946 5146 972 5195; x_wconf 80' lang='lat'><strong><em>0.</em></strong></span> <span class='ocrx_word' id='word_1_474' title='bbox 1060 5149 1091 5195; x_wconf 88' lang='grc'>13</span> <span class='ocrx_word' id='word_1_475' title='bbox 1110 5162 1160 5195; x_wconf 90' lang='lat' dir='ltr'>sua</span> <span class='ocrx_word' id='word_1_476' title='bbox 1180 5141 1331 5207; x_wconf 80' lang='lat' dir='ltr'>innumera]</span> <span class='ocrx_word' id='word_1_477' title='bbox 1352 5146 1495 5195; x_wconf 84' lang='lat' dir='ltr'>innumera</span> <span class='ocrx_word' id='word_1_478' title='bbox 1513 5161 1564 5194; x_wconf 88' lang='lat' dir='ltr'>sua</span> <span class='ocrx_word' id='word_1_479' title='bbox 1582 5144 1615 5194; x_wconf 87' lang='lat' dir='ltr'>L.</span> <span class='ocrx_word' id='word_1_480' title='bbox 1696 5143 1790 5194; x_wconf 85' lang='lat' dir='ltr'>nichili</span> <span class='ocrx_word' id='word_1_481' title='bbox 1810 5143 1846 5193; x_wconf 87' lang='lat' dir='ltr'><strong><em>M.</em></strong></span> <span class='ocrx_word' id='word_1_482' title='bbox 1933 5147 1965 5193; x_wconf 81' lang='lat'>14</span> <span class='ocrx_word' id='word_1_483' title='bbox 1985 5139 2082 5208; x_wconf 88' lang='lat' dir='ltr'>Saepe]</span> <span class='ocrx_word' id='word_1_484' title='bbox 2102 5144 2160 5193; x_wconf 82' lang='lat' dir='ltr'>huic</span> 
     </span>
     <span class='ocr_line' id='line_1_44' title="bbox 509 5231 2157 5300; baseline -0.002 -14"><span class='ocrx_word' id='word_1_485' title='bbox 509 5237 579 5286; x_wconf 66' lang='lat' dir='ltr'>ambo</span> <span class='ocrx_word' id='word_1_486' title='bbox 594 5236 761 5300; x_wconf 63' lang='lat' dir='ltr'>poenineat</span> <span class='ocrx_word' id='word_1_487' title='bbox 779 5236 856 5284; x_wconf 88' lang='lat' dir='ltr'>VIII.</span> <span class='ocrx_word' id='word_1_488' title='bbox 876 5235 934 5285; x_wconf 88' lang='lat' dir='ltr'><strong><em>B1.</em></strong></span> <span class='ocrx_word' id='word_1_489' title='bbox 954 5235 985 5285; x_wconf 89' lang='lat' dir='ltr'><strong><em>L.</em></strong></span> <span class='ocrx_word' id='word_1_490' title='bbox 1006 5235 1065 5285; x_wconf 65' lang='lat' dir='ltr'>Bt).</span> <span class='ocrx_word' id='word_1_491' title='bbox 1078 5241 1103 5284; x_wconf 82' lang='lat'><strong><em>3.</em></strong></span> <span class='ocrx_word' id='word_1_492' title='bbox 1124 5235 1161 5283; x_wconf 69' lang='lat' dir='ltr'>A.</span> <span class='ocrx_word' id='word_1_493' title='bbox 1254 5237 1284 5284; x_wconf 85' lang='lat'>15</span> <span class='ocrx_word' id='word_1_494' title='bbox 1311 5239 1337 5283; x_wconf 89' lang='lat' dir='ltr'>et</span> <span class='ocrx_word' id='word_1_495' title='bbox 1355 5259 1390 5266; x_wconf 89' lang='grc'>-</span> <span class='ocrx_word' id='word_1_496' title='bbox 1408 5232 1502 5298; x_wconf 89' lang='lat' dir='ltr'>populi</span> <span class='ocrx_word' id='word_1_497' title='bbox 1520 5233 1611 5283; x_wconf 79' lang='lat' dir='ltr'>desunt</span> <span class='ocrx_word' id='word_1_498' title='bbox 1629 5234 1665 5283; x_wconf 88' lang='lat' dir='ltr'><strong><em>M.</em></strong></span> <span class='ocrx_word' id='word_1_499' title='bbox 1758 5236 1790 5284; x_wconf 79' lang='lat'>16</span> <span class='ocrx_word' id='word_1_500' title='bbox 1809 5231 1869 5284; x_wconf 79' lang='lat' dir='ltr'>neti</span> <span class='ocrx_word' id='word_1_501' title='bbox 1888 5232 1948 5283; x_wconf 76' lang='lat' dir='ltr'>Ba.</span> <span class='ocrx_word' id='word_1_502' title='bbox 2039 5236 2069 5284; x_wconf 85' lang='lat' dir='ltr'>l&#39;l</span> <span class='ocrx_word' id='word_1_503' title='bbox 2090 5234 2157 5283; x_wconf 84' lang='lat' dir='ltr'>Eze-</span> 
     </span>
     <span class='ocr_line' id='line_1_45' title="bbox 510 5320 2157 5387; baseline -0.002 -12"><span class='ocrx_word' id='word_1_504' title='bbox 510 5320 635 5387; x_wconf 87' lang='lat' dir='ltr'>ehihelis]</span> <span class='ocrx_word' id='word_1_505' title='bbox 663 5325 698 5374; x_wconf 83' lang='lat' dir='ltr'>itu</span> <span class='ocrx_word' id='word_1_506' title='bbox 719 5326 750 5385; x_wconf 71' lang='grc' dir='ltr'>(ζ’,</span> <span class='ocrx_word' id='word_1_507' title='bbox 778 5323 928 5374; x_wconf 85' lang='lat' dir='ltr'>Ezechielis</span> <span class='ocrx_word' id='word_1_508' title='bbox 951 5333 1004 5374; x_wconf 84' lang='lat' dir='ltr'>cett.</span> <span class='ocrx_word' id='word_1_509' title='bbox 1096 5323 1226 5374; x_wconf 87' lang='lat' dir='ltr'>videlieet</span> <span class='ocrx_word' id='word_1_510' title='bbox 1250 5323 1315 5372; x_wconf 81' lang='lat' dir='ltr'>deest</span> <span class='ocrx_word' id='word_1_511' title='bbox 1338 5322 1375 5371; x_wconf 86' lang='lat' dir='ltr'><strong><em>M.</em></strong></span> <span class='ocrx_word' id='word_1_512' title='bbox 1466 5321 1590 5372; x_wconf 86' lang='lat' dir='ltr'>Danielis</span> <span class='ocrx_word' id='word_1_513' title='bbox 1609 5322 1669 5371; x_wconf 65' lang='lat' dir='ltr'><strong><em>B³.).</em></strong></span> <span class='ocrx_word' id='word_1_514' title='bbox 1688 5322 1726 5371; x_wconf 91' lang='lat' dir='ltr'><strong><em>M.</em></strong></span> <span class='ocrx_word' id='word_1_515' title='bbox 1817 5322 1951 5372; x_wconf 86' lang='lat' dir='ltr'>Ieremiue</span> <span class='ocrx_word' id='word_1_516' title='bbox 1976 5339 1989 5371; x_wconf 86' lang='lat' dir='ltr'>e</span> <span class='ocrx_word' id='word_1_517' title='bbox 2010 5340 2074 5372; x_wconf 84' lang='lat' dir='ltr'>corr.</span> <span class='ocrx_word' id='word_1_518' title='bbox 2098 5321 2157 5371; x_wconf 80' lang='lat' dir='ltr'>Ba</span> 
     </span>
     <span class='ocr_line' id='line_1_46' title="bbox 511 5406 2205 5479; baseline -0.003 -16"><span class='ocrx_word' id='word_1_519' title='bbox 511 5413 544 5463; x_wconf 88' lang='grc'>18</span> <span class='ocrx_word' id='word_1_520' title='bbox 563 5421 736 5479; x_wconf 87' lang='lat' dir='ltr'>praeceptum</span> <span class='ocrx_word' id='word_1_521' title='bbox 755 5439 790 5447; x_wconf 90' lang='lat'>-</span> <span class='ocrx_word' id='word_1_522' title='bbox 809 5431 841 5463; x_wconf 86' lang='lat' dir='ltr'>ae</span> <span class='ocrx_word' id='word_1_523' title='bbox 860 5413 949 5462; x_wconf 67' lang='grc' dir='ltr'>ἀωιιηι</span> <span class='ocrx_word' id='word_1_524' title='bbox 968 5413 1005 5462; x_wconf 88' lang='lat' dir='ltr'><strong><em>M.</em></strong></span> <span class='ocrx_word' id='word_1_525' title='bbox 1078 5406 1214 5476; x_wconf 86' lang='lat' dir='ltr'>religiose]</span> <span class='ocrx_word' id='word_1_526' title='bbox 1234 5429 1264 5461; x_wconf 89' lang='lat' dir='ltr'>se</span> <span class='ocrx_word' id='word_1_527' title='bbox 1283 5412 1319 5460; x_wconf 88' lang='lat' dir='ltr'><strong><em>M.</em></strong></span> <span class='ocrx_word' id='word_1_528' title='bbox 1395 5414 1426 5461; x_wconf 83' lang='lat'>19</span> <span class='ocrx_word' id='word_1_529' title='bbox 1447 5409 1508 5460; x_wconf 89' lang='lat' dir='ltr'>libri</span> <span class='ocrx_word' id='word_1_530' title='bbox 1527 5410 1559 5460; x_wconf 92' lang='lat' dir='ltr'>L.</span> <span class='ocrx_word' id='word_1_531' title='bbox 2176 5437 2205 5477; x_wconf 56' lang='grc' dir='ltr'><strong>ὥ</strong></span> 
     </span>
    </p>
   </div>
   <div class='ocr_carea' id='block_1_9' title="bbox 510 5512 2157 5671">
    <p class='ocr_par' dir='ltr' id='par_1_9' title="bbox 510 5512 2157 5671">
     <span class='ocr_line' id='line_1_47' title="bbox 615 5512 2157 5584; baseline -0.003 -14"><span class='ocrx_word' id='word_1_532' title='bbox 615 5515 1211 5584; x_wconf 63' lang='lat' dir='ltr'>vim.23V1111.]ra00.u.pmeer1.</span> <span class='ocrx_word' id='word_1_533' title='bbox 1284 5515 1357 5582; x_wconf 75' lang='lat' dir='ltr'>quie}</span> <span class='ocrx_word' id='word_1_534' title='bbox 1377 5518 1450 5582; x_wconf 80' lang='lat' dir='ltr'>quoe</span> <span class='ocrx_word' id='word_1_535' title='bbox 1472 5518 1499 5567; x_wconf 85' lang='lat' dir='ltr'>o.</span> <span class='ocrx_word' id='word_1_536' title='bbox 1579 5512 1888 5579; x_wconf 74' lang='lat' dir='ltr'>atsiIV1111.SiL.</span> <span class='ocrx_word' id='word_1_537' title='bbox 1960 5518 1994 5567; x_wconf 79' lang='lat' dir='ltr'>as</span> <span class='ocrx_word' id='word_1_538' title='bbox 2013 5517 2157 5568; x_wconf 63' lang='lat' dir='ltr'>awini.</span> 
     </span>
     <span class='ocr_line' id='line_1_48' title="bbox 510 5600 2156 5671; baseline -0.002 -13"><span class='ocrx_word' id='word_1_539' title='bbox 510 5609 540 5659; x_wconf 90' lang='lat' dir='ltr'>L.</span> <span class='ocrx_word' id='word_1_540' title='bbox 560 5609 657 5659; x_wconf 62' lang='lat' dir='ltr'><strong><em>Bw.</em></strong></span> <span class='ocrx_word' id='word_1_541' title='bbox 678 5610 714 5659; x_wconf 85' lang='lat' dir='ltr'><strong><em>M.</em></strong></span> <span class='ocrx_word' id='word_1_542' title='bbox 770 5625 881 5658; x_wconf 89' lang='lat' dir='ltr'>suorum</span> <span class='ocrx_word' id='word_1_543' title='bbox 901 5609 938 5658; x_wconf 88' lang='lat' dir='ltr'>M.</span> <span class='ocrx_word' id='word_1_544' title='bbox 1010 5611 1043 5659; x_wconf 76' lang='lat'>25</span> <span class='ocrx_word' id='word_1_545' title='bbox 1064 5609 1172 5658; x_wconf 81' lang='lat' dir='ltr'>divinae</span> <span class='ocrx_word' id='word_1_546' title='bbox 1195 5609 1221 5658; x_wconf 79' lang='lat'><strong><em>0.</em></strong></span> <span class='ocrx_word' id='word_1_547' title='bbox 1291 5609 1325 5657; x_wconf 78' lang='lat'>26</span> <span class='ocrx_word' id='word_1_548' title='bbox 1344 5604 1482 5671; x_wconf 89' lang='lat' dir='ltr'>conlaptio</span> <span class='ocrx_word' id='word_1_549' title='bbox 1501 5606 1540 5655; x_wconf 89' lang='lat' dir='ltr'>M.</span> <span class='ocrx_word' id='word_1_550' title='bbox 1611 5609 1644 5656; x_wconf 78' lang='lat'>29</span> <span class='ocrx_word' id='word_1_551' title='bbox 1663 5623 1808 5670; x_wconf 85' lang='lat' dir='ltr'>personam</span> <span class='ocrx_word' id='word_1_552' title='bbox 1826 5605 1864 5656; x_wconf 88' lang='lat' dir='ltr'><strong><em>M.</em></strong></span> <span class='ocrx_word' id='word_1_553' title='bbox 1937 5608 1971 5656; x_wconf 89' lang='grc'>30</span> <span class='ocrx_word' id='word_1_554' title='bbox 1989 5600 2102 5669; x_wconf 81' lang='lat' dir='ltr'>faciant]</span> <span class='ocrx_word' id='word_1_555' title='bbox 2123 5606 2156 5656; x_wconf 86' lang='lat' dir='ltr'>ad</span> 
     </span>
    </p>
   </div>
   <div class='ocr_carea' id='block_1_10' title="bbox 507 5693 1200 5764">
    <p class='ocr_par' dir='ltr' id='par_1_10' title="bbox 507 5693 1200 5764">
     <span class='ocr_line' id='line_1_49' title="bbox 507 5693 1200 5764; baseline -0.003 -17"><span class='ocrx_word' id='word_1_556' title='bbox 507 5697 568 5747; x_wconf 81' lang='lat' dir='ltr'>add.</span> <span class='ocrx_word' id='word_1_557' title='bbox 588 5698 624 5747; x_wconf 85' lang='lat' dir='ltr'><strong><em>M.</em></strong></span> <span class='ocrx_word' id='word_1_558' title='bbox 688 5693 920 5764; x_wconf 87' lang='lat' dir='ltr'>depredationem]</span> <span class='ocrx_word' id='word_1_559' title='bbox 939 5698 1144 5763; x_wconf 86' lang='lat' dir='ltr'>praedationem</span> <span class='ocrx_word' id='word_1_560' title='bbox 1164 5697 1200 5745; x_wconf 86' lang='lat' dir='ltr'><strong><em>M.</em></strong></span> 
     </span>
    </p>
   </div>
   <div class='ocr_carea' id='block_1_11' title="bbox 507 5795 2205 5959">
    <p class='ocr_par' dir='ltr' id='par_1_11' title="bbox 507 5795 2205 5959">
     <span class='ocr_line' id='line_1_50' title="bbox 616 5795 2158 5862; baseline -0.003 -8"><span class='ocrx_word' id='word_1_561' title='bbox 616 5806 648 5855; x_wconf 80' lang='lat' dir='ltr'><strong><em>X.</em></strong></span> <span class='ocrx_word' id='word_1_562' title='bbox 676 5809 709 5855; x_wconf 77' lang='lat'>3‘3</span> <span class='ocrx_word' id='word_1_563' title='bbox 729 5803 880 5856; x_wconf 84' lang='lat' dir='ltr'>aulocustis</span> <span class='ocrx_word' id='word_1_564' title='bbox 900 5805 937 5854; x_wconf 84' lang='lat' dir='ltr'><strong><em>M.</em></strong></span> <span class='ocrx_word' id='word_1_565' title='bbox 1000 5805 1145 5855; x_wconf 83' lang='lat' dir='ltr'>efferendis</span> <span class='ocrx_word' id='word_1_566' title='bbox 1164 5802 1195 5852; x_wconf 90' lang='lat' dir='ltr'><strong><em>L.</em></strong></span> <span class='ocrx_word' id='word_1_567' title='bbox 1264 5803 1299 5852; x_wconf 87' lang='lat' dir='ltr'>im</span> <span class='ocrx_word' id='word_1_568' title='bbox 1319 5802 1355 5852; x_wconf 89' lang='lat' dir='ltr'><strong><em>M.</em></strong></span> <span class='ocrx_word' id='word_1_569' title='bbox 1420 5802 1454 5851; x_wconf 89' lang='lat' dir='ltr'>ad</span> <span class='ocrx_word' id='word_1_570' title='bbox 1473 5802 1539 5852; x_wconf 80' lang='lat' dir='ltr'>deest</span> <span class='ocrx_word' id='word_1_571' title='bbox 1557 5802 1582 5851; x_wconf 91' lang='lat' dir='ltr'><strong><em>B</em></strong></span> <span class='ocrx_word' id='word_1_572' title='bbox 1592 5807 1616 5851; x_wconf 90' lang='lat'><strong><em>3.</em></strong></span> <span class='ocrx_word' id='word_1_573' title='bbox 1635 5801 1672 5851; x_wconf 85' lang='lat' dir='ltr'><strong><em>M.</em></strong></span> <span class='ocrx_word' id='word_1_574' title='bbox 1738 5804 1772 5852; x_wconf 79' lang='lat'>34</span> <span class='ocrx_word' id='word_1_575' title='bbox 1792 5795 2092 5862; x_wconf 63' lang='lat' dir='ltr'>Cuius-ereatura.</span> <span class='ocrx_word' id='word_1_576' title='bbox 2111 5797 2158 5860; x_wconf 78' lang='lat'>37)</span> 
     </span>
     <span class='ocr_line' id='line_1_51' title="bbox 507 5893 2205 5959; baseline -0.008 -15"><span class='ocrx_word' id='word_1_577' title='bbox 507 5895 597 5945; x_wconf 69' lang='grc' dir='ltr'>ιὶεειιηι</span> <span class='ocrx_word' id='word_1_578' title='bbox 617 5895 644 5944; x_wconf 81' lang='lat' dir='ltr'><strong><em>C.</em></strong></span> <span class='ocrx_word' id='word_1_579' title='bbox 717 5896 751 5944; x_wconf 87' lang='grc'>35</span> <span class='ocrx_word' id='word_1_580' title='bbox 770 5894 937 5959; x_wconf 83' lang='lat' dir='ltr'>provenierit</span> <span class='ocrx_word' id='word_1_581' title='bbox 955 5893 1015 5943; x_wconf 80' lang='lat' dir='ltr'>Ba</span> <span class='ocrx_word' id='word_1_582' title='bbox 2175 5909 2205 5949; x_wconf 58' lang='grc' dir='ltr'>ω</span> 
     </span>
    </p>
   </div>
   <div class='ocr_carea' id='block_1_12' title="bbox 0 0 2446 6715">
    <p class='ocr_par' dir='ltr' id='par_1_12' title="bbox 0 0 2446 6715">
     <span class='ocr_line' id='line_1_52' title="bbox 0 0 2446 6715; baseline 0 0"><span class='ocrx_word' id='word_1_583' title='bbox 0 0 2446 6715; x_wconf 95' lang='lat' dir='ltr'> </span> 
     </span>
    </p>
   </div>
  </div>
 </body>
</html>
