4884 6717
698 525 749 579 56.
786 524 1007 580 CONCILIUM
1030 523 1360 589 AQUISGRANENSE
1386 523 1422 578 A.
1445 522 1519 579 836.
1875 518 1938 581 717

279 719 443 790 intellegere
472 728 597 789 possunt,
621 721 720 791 quibus
751 721 834 775 beato
857 721 952 790 Petro,
981 721 1057 775 euius
1087 723 1175 775 ricem
1205 720 1308 790 indigni
1340 721 1469 790 gerimus,
1499 721 1554 773 ait:
1588 719 1781 794 Qrtotcumqne
1810 720 1946 796 liqavcris
1963 741 2123 790 attitulata

277 844 364 899 snper
387 833 493 880 terram
518 835 601 881 errem
623 825 712 902 ligata
736 835 762 882 ct
784 827 813 883 in
839 829 925 894 cneio,
958 836 984 882 ct
1009 835 1192 902 quotcumque
1222 826 1339 882 solareris
1368 845 1454 900 srtpcr
1484 834 1592 882 terram
1624 834 1708 881 errent
1736 827 1828 882 saisita
1859 835 1885 882 et
1915 827 1943 882 in

279 933 366 987 caelo.
413 933 448 986 Et
472 933 540 986 alibi
563 934 704 1004 discipulis
726 935 895 1004 generaliter
917 935 997 988 dicit:
1022 932 1147 1007 Accipite
1164 933 1300 1008 Spiritum
1324 941 1469 1000 sarchan,-
1493 952 1611 1007 quornm
1628 931 1791 988 remiseritis
1809 941 1941 1008 peccate,
1964 937 2055 1029 Iii‘ii'

277 1037 453 1093 cernittcutnr
476 1038 524 1108 eis,
549 1047 576 1094 et
596 1037 714 1113 qaorum
742 1039 912 1096 retinueritis
943 1047 1051 1095 retente
1075 1046 1149 1097 sunt.
1202 1041 1276 1093 Illud
1306 1040 1389 1092 etiam
1419 1040 1454 1092 ad
1487 1040 1642 1109 exemplum
1673 1040 1859 1094 reducendum
1893 1049 1944 1106 est,
1972 1019 2004 1032 .,
2042 1019 2048 1030 ⁸

244 1145 354 1215 equod
378 1145 405 1198 in
429 1146 615 1199 ecelesiastica
644 1147 757 1200 historia
781 1147 975 1201 Constantinus
1005 1148 1154 1217 imperator
1184 1146 1319 1217 episcopis
1354 1148 1407 1199 ait:
1442 1141 1553 1210 Deus¹,
1587 1146 1685 1217 inquit,
1720 1147 1862 1200 constituit
1892 1165 1943 1202 ros

278 1252 437 1306 sacerdotes
460 1258 488 1305 et
510 1259 677 1322 potestatem
700 1253 778 1306 robis
800 1254 878 1307 dedit
900 1255 935 1307 de
959 1254 1039 1307 nabis
1062 1272 1173 1325 quoque
1199 1252 1346 1312 iudicandi.
1377 1261 1405 1306 et
1435 1253 1497 1306 ideo
1527 1271 1578 1307 nos
1609 1271 1626 1306 a
1658 1253 1737 1306 vehis
1767 1263 1842 1308 recte
1874 1254 1943 1308 iudi·

277 1376 381 1426 camur,
404 1376 453 1412 ros
475 1366 567 1412 autem
589 1377 644 1412 non
667 1361 783 1429 potestis
806 1359 842 1413 ab
866 1360 1018 1414 hominibus
1041 1360 1163 1414 iudicari.
1203 1360 1321 1429 Propter
1344 1361 1419 1430 quod
1443 1360 1497 1412 Dei
1520 1360 1604 1413 solius
1624 1361 1694 1414 inter
1711 1378 1759 1414 vrrs
1776 1368 1940 1431 exspectate

277 1465 412 1533 iuditium,
434 1473 465 1518 ut
486 1473 578 1518 vestra
601 1466 699 1536 iurgia,
726 1483 919 1536 quaecumque
950 1476 1022 1530 suut,
1052 1467 1088 1519 ad
1118 1467 1187 1520 illud
1217 1467 1339 1520 divinum
1369 1475 1545 1520 reserventur
1575 1485 1698 1520 examen.
1746 1467 1805 1520 Vos
1839 1468 1941 1521 etenim

276 1572 356 1625 nobis
378 1589 396 1625 a
419 1572 482 1626 Deo
504 1573 561 1626 dati
585 1573 650 1626 estis
673 1574 727 1640 dei,
751 1585 777 1626 et
801 1573 967 1626 conveniens
990 1591 1044 1626 non
1068 1585 1118 1642 est,
1142 1581 1171 1628 ut
1195 1574 1277 1626 horno
1301 1573 1403 1626 iudicet
1432 1574 1509 1634 deos,
1539 1574 1588 1626 sed
1619 1574 1667 1626 ille
1699 1574 1783 1638 solus,
1814 1574 1849 1627 de
1880 1591 1936 1644 quo

236 1699 262 1737 ιο
279 1680 409 1749 scripturn
432 1686 487 1732 est:
515 1678 591 1734 Dens
613 1677 685 1734 stetit
708 1679 737 1733 in
760 1679 899 1754 sintrpspa
923 1679 1047 1746 cleonem,
1072 1679 1100 1733 in
1125 1679 1215 1734 mettio
1238 1686 1330 1734 erstem
1355 1679 1420 1733 ticos
1444 1677 1587 1734 discernit.
1627 1679 1682 1733 Sed
1707 1689 1734 1733 et
1757 1681 1809 1734 hoc
1833 1681 1888 1734 illis
1905 1682 1941 1734 ad
1962 1697 2040 1743 eser,
2050 1697 2068 1735 1.

277 1786 437 1840 memoriam
460 1787 645 1840 reducendum
668 1795 719 1854 est,
742 1786 863 1856 qrraiiter
886 1786 984 1840 beatus
1001 1787 1119 1855 Prosper
1142 1787 1169 1840 in
1194 1786 1273 1850 libro,
1296 1804 1380 1856 quern
1403 1787 1437 1838 de
1461 1787 1679 1856 contemplativa
1703 1797 1730 1840 ct
1754 1788 1857 1841 actuali
1882 1788 1938 1841 vita

279 1893 396 1963 scripsit,
420 1893 530 1946 laudern
552 1894 726 1946 sacerdotum
749 1893 1004 1962 conpraehenderit.
1051 1889 1142 1963 Ipsis²
1165 1894 1247 1956 enirn,
1270 1892 1368 1962 iuquit,
1400 1893 1426 1944 id
1450 1901 1491 1946 est
1515 1892 1712 1958 sacerdotibus,
1743 1894 1853 1963 proprie
1884 1895 1940 1947 ani·

279 2017 386 2052 marum
409 2000 589 2053 mirandarum
613 2000 769 2053 sollicitudo
792 2000 936 2052 commissa
963 2009 1013 2064 est,
1045 2001 1093 2069 qui
1122 2001 1229 2069 pondus
1258 2000 1354 2068 populi
1386 1999 1438 2052 sibi
1467 1999 1602 2052 commissi
1634 2000 1749 2053 viriliter
1778 2001 1943 2054 sustinentes

280 2123 330 2176 pro
354 2105 476 2175 peccatis
499 2105 617 2159 omnium
641 2107 716 2160 reiut
739 2123 788 2175 pro
812 2106 867 2159 suis
891 2105 1101 2177 infatigabiliter
1123 2106 1281 2176 subplicant
1307 2106 1368 2160 Deo
1392 2124 1424 2158 ae
1447 2105 1524 2160 volnt
1548 2107 1662 2176 quidam
1683 2107 1778 2160 Aaron
1801 2107 1942 2161 incensum
1962 2121 2123 2174 cremetur.

237 2231 264 2271 rs
281 2213 389 2267 contriti
412 2213 501 2266 cordis
525 2222 553 2266 et
578 2213 713 2266 humiliati
744 2213 853 2282 spiritns
884 2213 1041 2279 offerentes,
1072 2232 1127 2283 spuo
1158 2214 1285 2283 placatur
1309 2214 1394 2282 Deus,
1424 2221 1551 2265 avertunt
1581 2213 1649 2266 iram
1679 2213 1787 2266 futurae
1819 2214 1940 2267 animad-

280 2320 413 2374 versionis
436 2337 453 2372 a
475 2321 587 2389 populo.
634 2320 687 2384 Qui
710 2337 760 2389 per
784 2320 838 2372 bei
859 2321 977 2390 gratiam
1000 2319 1068 2372 fiunt
1091 2320 1200 2373 divinae
1231 2320 1379 2372 voluntatis
1403 2319 1514 2382 iudices,
1544 2320 1721 2373 ecclesiarum
1745 2318 1847 2374 Christi
1880 2331 1942 2390 post

279 2428 421 2497 apostolos
443 2426 612 2496 fundatores,
634 2425 724 2480 fidelis
748 2426 843 2496 populi
866 2427 960 2493 discos,
984 2427 1107 2480 veritatis
1130 2427 1295 2492 adsertores,
1321 2443 1407 2495 prave
1432 2425 1554 2478 tloetriue
1579 2426 1680 2488 hostes,
1705 2425 1829 2479 omnibus
1859 2425 1940 2480 bouis

282 2533 416 2586 amabiles
439 2542 468 2586 et
491 2534 563 2587 male
594 2533 647 2587 sibi
677 2533 793 2586 consciis
823 2534 906 2586 etiam
941 2533 1001 2603 ipso
1031 2534 1091 2587 risu
1125 2533 1272 2600 terribiles,
1303 2532 1425 2585 vindices
1459 2549 1661 2601 oppressorum,
1695 2543 1788 2602 patres
1823 2532 1851 2586 iu
1885 2533 1940 2586 title

281 2640 417 2694 catholica
441 2646 672 2710 regeneratorum,
695 2640 902 2709 praedicatores
925 2640 1084 2694 caelestiruu
1108 2640 1301 2709 praemiorum.
1326 2639 1452 2708 exempla
1471 2638 1613 2706 bonorum,
1629 2640 1793 2692 documenta
1809 2640 1939 2692 virtutum

238 2764 265 2804 ιο
283 2753 311 2801 et
334 2747 424 2800 forma
446 2745 577 2800 fidelium.
616 2746 672 2816 lpsi
689 2747 774 2799 decus
797 2747 942 2812 ecclcsiae,
965 2747 993 2799 in
1009 2746 1108 2816 quibus
1124 2746 1241 2816 amplius
1257 2746 1345 2812 fulget
1362 2745 1488 2798 ecclesia.
1529 2745 1584 2814 Ipsi
1599 2745 1744 2799 cohmmae
1761 2744 1942 2804 firmissimae.

281 2853 381 2924 quibus
404 2854 430 2906 in
454 2852 562 2905 Christo
585 2852 707 2905 fundatis
731 2853 853 2906 innititur
876 2853 963 2905 omnis
987 2852 1131 2906 multitudo
1154 2853 1333 2906 credentium.
1381 2852 1435 2921 Ipsi
1460 2852 1558 2905 ianuae
1582 2852 1701 2905 civitatis
1725 2861 1866 2912 aeternae.
1890 2871 1942 2922 per

282 2978 353 3030 quos
376 2977 479 3024 ornnes,
503 2959 550 3029 qui
573 2960 697 3026 creduut,
720 2959 908 3028 ingrediuntur
932 2959 967 3011 ad
992 2957 1135 3011 Christum.
1184 2959 1238 3027 ipsi
1262 2959 1404 3026 ianitores,
1427 2958 1524 3027 quibus
1547 2958 1641 3012 clares
1664 2959 1747 3011 datae
1772 2967 1833 3012 sunt
1865 2959 1942 3030 regni
1961 2969 2077 3062 crippph.

283 3068 432 3121 caelorum.
480 3066 534 3135 Ipsi
557 3065 641 3119 etiam
665 3065 867 3134 dispensatores
890 3065 966 3136 regie
990 3066 1094 3124 domus,
1118 3083 1235 3134 ‹puonun
1258 3065 1370 3118 arbitrio
1396 3065 1423 3117 in
1454 3064 1519 3118 aula
1549 3065 1622 3136 regis
1652 3065 1810 3119 dividuntur
1838 3067 1943 3119 aeterni
2007 3050 2013 3071 '
2050 3050 2055 3061 ⁸

282 3175 385 3244 gradus
408 3181 434 3226 et
458 3172 551 3226 officia
575 3173 753 3244 singulorum.
800 3173 880 3226 Licet
903 3174 975 3226 enim
999 3182 1152 3225 sanctorum
1176 3172 1397 3241 praecedentium
1422 3172 1594 3225 sacerdotum
1616 3171 1672 3225 rita
1695 3181 1722 3226 et
1739 3172 1843 3226 rneritis
1859 3173 1942 3244 longe

238 3297 266 3336 re
284 3281 426 3334 inferiores
450 3281 541 3348 siuurs,
564 3279 636 3333 idem
659 3287 751 3333 tamen
776 3297 882 3332 sacrum
906 3279 1092 3346 ministerium,
1115 3280 1189 3348 (ruod
1212 3278 1316 3348 indigni
1339 3278 1516 3347 suscepimus,
1545 3296 1600 3332 non
1632 3279 1743 3332 minoris
1773 3279 1942 3333 auctoritatis

284 3394 312 3440 et
335 3387 476 3456 dignitatis
500 3386 590 3440 existit
620 3395 657 3454 ct,
688 3404 857 3456 quamquam
880 3386 1029 3440 ministerio
1053 3393 1129 3439 tanto
1153 3385 1256 3454 indigni
1280 3385 1372 3444 simus,
1395 3393 1508 3455 propter
1531 3385 1608 3439 illum
1632 3393 1734 3450 tamen,
1763 3385 1839 3440 cuius
1866 3386 1941 3440 mini·

283 3494 394 3547 sterium
417 3494 546 3564 gerimus,
569 3494 597 3547 in
620 3493 699 3546 nobis
722 3512 777 3546 nou
800 3494 1048 3562 contempnendum
1073 3501 1122 3546 est.

392 3610 475 3694 (46).
501 3606 594 3694 (lap.
612 3608 668 3671 Vl.
715 3613 811 3672 ΙΙΙιιιΙ3
835 3618 917 3671 etiam
941 3618 1099 3687 specialiter
1121 3617 1305 3670 necessarium
1328 3625 1437 3670 vestrae
1462 3634 1610 3686 suggerere
1634 3617 1729 3686 pietati
1754 3617 1889 3684 duximus,
1912 3627 1942 3670 ut

284 3724 381 3779 fideles
404 3725 486 3778 vestri
509 3743 559 3795 per
582 3743 630 3777 vos
653 3726 853 3778 admoneantur
877 3733 903 3777 et
926 3725 1102 3792 instruantur,
1125 3733 1271 3794 quatenus,
1301 3725 1413 3793 quando
1445 3724 1550 3793 aliquid
1580 3723 1661 3776 nobis
1684 3731 1776 3776 restra
1806 3723 1941 3777 celsitudo

239 3849 267 3889 so
284 3832 319 3885 dc
342 3841 436 3884 nostra
459 3834 626 3885 correctione
650 3833 695 3884 vel
719 3841 811 3885 vestra
834 3849 940 3886 necnon
964 3838 991 3886 et
1014 3832 1123 3885 illorum
1146 3831 1235 3884 salute
1258 3830 1430 3883 tractandum
1454 3830 1606 3896 committit,
1630 3839 1659 3883 ut
1682 3849 1736 3883 non
1760 3848 1810 3900 por
1832 3831 1941 3884 inanem

285 3945 313 3993 et
335 3939 433 3992 falsam
457 3939 638 4008 suspicionem
661 3946 757 3992 contra
780 3957 829 3992 uos
852 3939 1012 3992 scandalum
1035 3945 1142 3991 sumant
1166 3946 1193 3990 et
1216 3936 1275 3990 sine
1290 3953 1374 3990 eausa
1394 3936 1420 3989 in
1436 3955 1486 3989 nos
1501 3936 1672 3990 detrahendo
1691 3937 1782 3990 ltenrn
1797 3937 1940 3991 offendant

285 4052 312 4099 et
331 4047 403 4100 unde
426 4045 478 4098 sihi
502 4063 612 4114 sperare
634 4046 750 4098 salutem
767 4055 794 4098 et
812 4045 1128 4115 adquireredebuerant
1147 4044 1257 4112 cuipam
1273 4043 1421 4104 incurrant,
1437 4043 1568 4112 quianon
1584 4043 1649 4096 nihil
1667 4043 1743 4096 aliud
1760 4061 1876 4113 querere
1893 4053 1941 4098 aut

283 4161 403 4205 tractare
426 4153 667 4206 desideramus-
688 4170 738 4206 nce
760 4152 843 4204 nostri
860 4151 944 4206 officii
960 4158 1046 4205 estut
1063 4151 1196 4204 faciamus
1216 4178 1265 4216 -,
1280 4149 1331 4202 nisi
1348 4150 1420 4219 quod
1438 4150 1474 4202 ad
1489 4157 1611 4203 nostrum
1626 4149 1748 4202 debitum
1764 4150 1941 4204 ministerium

284 4268 312 4315 ct
335 4259 370 4312 ntl
394 4259 502 4312 illorum
526 4260 642 4313 salutem
666 4258 794 4329 pertinet.
841 4259 874 4311 Et
899 4259 961 4311 itleo
985 4277 1039 4310 uon
1062 4257 1194 4310 debemus
1217 4265 1281 4309 aute
1312 4264 1418 4324 ternpus
1448 4274 1499 4325 per
1527 4257 1708 4324 suspicionem
1739 4256 1863 4318 iudicari,
1893 4258 1941 4310 sed

238 4383 264 4422 tc
283 4367 425 4436 pacienter
449 4367 611 4436 exspectari,
637 4367 725 4419 donec
757 4366 816 4436 ipsa
840 4365 941 4418 veritas
971 4364 1144 4417 manifestum
1175 4363 1269 4424 faeiat,
1304 4371 1393 4416 utrnrn
1425 4363 1511 4428 marris
1542 4363 1670 4416 audiendi
1705 4381 1741 4416 sn
1776 4363 1941 4432 inprobandi

282 4474 373 4527 simus.
420 4474 477 4526 Nos
501 4473 582 4540 eninr,
604 4473 626 4526 si
649 4473 720 4526 forte
744 4473 876 4540 creuerit,
898 4481 929 4525 ut
952 4471 1058 4542 aliquid
1081 4471 1186 4523 sinistre
1210 4470 1345 4539 opinionis
1369 4471 1403 4523 de
1427 4469 1507 4522 nobis
1529 4469 1604 4522 fatna
1628 4470 1768 4539 sparserit,
1785 4470 1846 4522 Deo
1863 4470 1942 4524 nohis

283 4597 364 4648 opem
387 4579 494 4632 ferente
517 4580 717 4649 aequanimiter
739 4580 869 4633 tollerare
894 4587 922 4632 et
944 4596 1086 4647 possumus
1109 4582 1137 4630 ct
1159 4576 1299 4630 debemus.
1347 4576 1401 4645 Ipsi
1427 4595 1491 4630 vero
1515 4595 1532 4628 a
1556 4577 1639 4645 culpa
1662 4576 1786 4630 irnnnnes
1810 4593 1869 4630 esse
1886 4594 1940 4630 non

284 4695 405 4754 possunt,
428 4687 492 4739 duur
517 4692 621 4755 patrum
646 4693 673 4740 et
697 4686 811 4739 fratrum
835 4685 1013 4738 intentionem
1037 4685 1094 4738 sine
1118 4701 1201 4736 causa
1231 4683 1452 4753 repraeheudcre
1481 4701 1536 4736 non
1567 4691 1700 4742 metuant,
1729 4683 1858 4752 quoniam
1889 4683 1941 4736 hoc

283 4810 456 4861 summopere
481 4793 678 4845 elaborandum
702 4802 743 4844 est
767 4792 847 4844 nobis
871 4798 899 4844 et
924 4791 1010 4858 robis,
1033 4800 1063 4844 ut
1086 4809 1194 4860 semper
1217 4790 1288 4844 inter
1310 4798 1435 4860 pastores
1459 4789 1637 4842 eeclesiarum
1661 4797 1688 4842 et
1711 4807 1825 4858 gregem
1842 4787 1940 4842 Christi

238 4915 267 4953 to
284 4916 338 4970 pax
363 4907 391 4952 ct
414 4898 560 4952 concordia
583 4897 747 4950 ruranimiter
771 4906 902 4951 serretur.
955 4898 1013 4951 Nisi
1045 4897 1116 4950 cuim
1146 4899 1289 4952 caritatem
1321 4905 1348 4951 ct
1378 4896 1552 4949 concordiam
1584 4897 1611 4949 iu
1641 4896 1757 4949 invicem
1788 4895 1942 4964 habuerint,

284 5005 376 5059 Demn
399 5005 469 5058 sieut
492 5011 600 5074 oportet
622 5004 768 5073 propitium
792 5003 895 5056 habere
918 5023 973 5057 non
996 5012 1142 5058 merentur.
1188 5005 1373 5074 Quapropter,
1405 5003 1474 5056 sicut
1503 5003 1682 5072 praemissum
1713 5012 1764 5064 est,
1794 5021 1854 5056 curn
1879 5003 1941 5056 Deo

393 5193 458 5258 (ti).
479 5196 512 5244 V.
544 5197 575 5244 16
595 5196 684 5259 gratia
706 5197 736 5244 (ι’.

393 5283 458 5346 (tc).
479 5285 527 5334 l'I.
558 5288 592 5334 te
612 5284 763 5334 habuerant
786 5285 817 5331 (ι’.

398 5467 426 5526 ll
457 5464 548 5521 Verba
579 5467 658 5519 Deus
688 5467 835 5520 constituit
862 5496 899 5505 -
926 5467 1060 5520 discernit
1094 5459 1126 5532 (l.
1154 5459 1203 5540 10)
1236 5465 1402 5539 deprompta
1432 5471 1499 5519 sant
1527 5483 1563 5520 esc
1593 5464 1708 5543 Rufino,
1741 5464 1942 5521 Ecclesiastica

240 5589 268 5628 so
287 5571 404 5628 historia
429 5592 451 5627 c.
469 5577 507 5638 2,·
535 5572 578 5626 etl.
604 5570 738 5626 Basilcae
762 5573 853 5640 1523,
873 5593 905 5646 p.
923 5575 993 5629 218.
1098 5571 1128 5636 2)
1154 5570 1245 5627 Verba
1267 5571 1339 5642 Ipsis
1364 5572 1438 5624 enim
1461 5571 1489 5624 id
1514 5578 1558 5626 est
1578 5601 1614 5608 —
1634 5573 1806 5643 singulorum
1830 5565 1866 5636 (l.
1883 5575 1939 5648 24)

286 5679 417 5754 lepuntrrr
446 5678 526 5751 spinet
555 5676 694 5731 lulianam
729 5676 897 5746 Pomerimn,
934 5677 980 5732 lie
1009 5677 1066 5732 cite
1098 5676 1313 5751 corrtemplatira
1337 5677 1373 5732 II
1399 5697 1423 5732 c.
1448 5683 1485 5744 25
1522 5677 1596 5752 Opp.
1628 5677 1766 5752 Prosperi
1795 5697 1864 5753 app.
1889 5682 1940 5736 25.

288 5787 319 5848 3)
354 5784 403 5839 Er
432 5783 568 5839 relatione
598 5782 789 5857 episcspmrnm
822 5804 844 5838 c.
868 5789 909 5841 23
940 5781 976 5842 (l.
1002 5785 1019 5839 l.
1047 5784 1085 5850 II,
1112 5785 1234 5858 ittisp),
1265 5803 1337 5858 cirtae
1367 5783 1465 5839 nititur
1495 5784 1523 5838 iu
1555 5785 1670 5840 cnrtcilio
1695 5783 1854 5841 l’arisiensi
1880 5787 1942 5842 829

287 5892 332 5948 db.
351 5891 405 5946 III
422 5911 444 5946 c.
465 5893 518 5958 lt),-
541 5910 631 5964 snprn
651 5910 683 5964 p.
703 5894 772 5948 etl.
