4884 6717
604 452 669 515 522
1075 461 1128 516 44.
1164 458 1383 515 CONCILIUM
1406 458 1631 514 PARISIENSE
1655 460 1692 513 A.
1714 458 1788 514 825.

605 657 718 711 sancta
741 645 835 733 plebe
859 669 924 710 non
949 646 1052 711 solum
1076 646 1209 724 habere,
1242 645 1300 710 scd
1328 647 1427 710 etiam
1451 645 1587 709 adorare
1611 645 1734 709 volunt.
1783 645 1929 726 Quorum
1953 647 2175 712 altercationis
2199 647 2265 712 dis-

606 752 736 817 cordiae
770 775 895 817 summa
911 753 1002 817 *talis
1035 764 1094 834 est,
1124 765 1161 817 ut
1192 752 1339 817 nolentes
1372 752 1443 816 illas
1476 750 1598 816 habere
1631 753 1777 817 volentes
1808 776 1869 817 nec
1900 754 2021 819 babere
2046 756 2262 836 consentiant,

604 858 750 922 volentes
773 881 852 922 vero
875 859 1023 924 nolentes
1047 861 1145 924 etiam
1169 859 1307 925 adorare
1332 858 1544 944 compellant,
1569 860 1624 945 qui
1648 859 1724 923 hinc
1749 869 1781 922 et
1799 859 1876 923 inde
1893 862 1926 925 in
1943 861 2075 925 diversa
2089 860 2263 925 tendentes

604 965 762 1029 adversus
793 965 994 1048 alterutrum,
1025 967 1093 1031 sive
1124 967 1268 1031 humana
1298 967 1580 1051 argumentatione
1610 965 1664 1029 vel
1694 967 1819 1030 ratione
1851 967 1920 1030 sive
1953 969 2050 1032 etiam
2084 990 2126 1031 ex
2150 968 2263 1031 divina

603 1073 797 1136 auctoritate
831 1072 885 1136 vel
920 1085 1114 1137 sanctorum>
1140 1085 1269 1159 patrum
1307 1074 1447 1158 scriptis,
1482 1072 1642 1137 voluntati
1677 1095 1755 1136 suae
1791 1085 1948 1160 excerpta
1978 1074 2031 1138 vel
2067 1087 2298 1138 coacervatas

605 1178 737 1260 habent,
767 1191 804 1243 ut
833 1181 981 1266 utrisque
1011 1180 1152 1260 videtur,
1184 1201 1330 1265 congrua
1360 1180 1499 1266 plurima
1522 1181 1717 1258 testimonia,
1749 1178 1867 1265 quibus
1892 1194 1923 1244 et
1951 1182 2005 1245 isti
2036 1204 2129 1245 suam
2160 1193 2191 1244 et
2214 1180 2259 1244 illi

606 1297 739 1350 econtra
761 1286 932 1351 vindicare
958 1299 990 1351 et
1013 1286 1160 1352 obtinere
1185 1310 1277 1351 suam
1301 1296 1417 1373 putant
1440 1308 1535 1372 posse
1560 1288 1764 1350 senteutiam.

711 1392 819 1473 Unde,
843 1394 928 1457 sicut
951 1392 1086 1478 dignum
1110 1404 1142 1456 et
1164 1416 1243 1456 vere
1268 1392 1459 1480 dignumst
1482 1394 1602 1457 iustum
1627 1405 1684 1475 est,
1715 1406 1751 1456 ut
1781 1407 1958 1479 praeeunte
1983 1394 2124 1480 Spiritus
2156 1396 2262 1458 sancti

603 1501 722 1564 virtute
746 1499 800 1563 ille
825 1501 910 1562 inter
934 1521 990 1563 eos
1020 1501 1055 1563 in
1084 1501 1215 1564 nomine
1240 1500 1374 1563 Domini
1404 1498 1483 1563 talia
1508 1511 1712 1564 correcturus
1743 1512 1776 1564 et
1805 1500 1958 1564 adriam
1990 1502 2137 1564 veritatis
2169 1524 2262 1565 sane·

603 1607 727 1670 tissimo
759 1605 981 1669 moderamine
1011 1606 1204 1670 reducturus
1240 1607 1363 1692 primus
1398 1608 1432 1669 in
1468 1605 1653 1670 homiuibus
1688 1605 1811 1671 arbiter
1845 1618 2004 1686 occurrat,
2041 1629 2139 1693 quem
2168 1607 2262 1671 Deus
2284 1633 2311 1670 m

604 1714 809 1798 omnipotens
833 1714 867 1776 in
891 1712 969 1776 sede
994 1712 1173 1799 apostolica
1196 1712 1356 1777 collocare
1382 1735 1558 1798 eorumque
1582 1714 1742 1776 vicarium
1767 1712 1874 1777 eidem
1898 1724 2031 1777 sanctae
2055 1736 2133 1777 suae
2157 1714 2262 1778 eccle·

605 1820 674 1882 siae
706 1818 784 1882 dare
816 1819 968 1904 diguatus
999 1832 1049 1883 est
1071 1858 1114 1867 —
1145 1831 1178 1883 et
1208 1818 1250 1884 ob
1281 1819 1343 1883 hoc
1374 1820 1404 1883 ei
1435 1842 1554 1882 nomen
1585 1818 1726 1905 speciale
1758 1819 1790 1881 in
1822 1832 1888 1883 toto
1920 1818 1998 1882 orbe
2031 1832 2189 1884 terrarum
2219 1819 2262 1883 ab

607 1926 724 1989 cadem
748 1937 862 1990 sancta
885 1926 950 1990 Dei
976 1926 1116 1991 ecclesia
1144 1949 1224 2013 prae
1256 1925 1404 1991 omuibus
1428 1924 1636 2012 pontificibus
1661 1926 1828 1990 decretum
1853 1937 1912 2006 est,
1944 1939 1979 1989 ut
2003 1925 2088 1990 solus
2111 1949 2178 1991 non
2201 1949 2263 1990 sua

605 2031 773 2114 abusione,
798 2032 856 2096 sed
878 2044 1041 2097 tantorum
1065 2033 1284 2118 apostolorum
1308 2034 1500 2097 auctoritate
1517 2032 1711 2097 universalis
1727 2054 1814 2118 papa
1831 2032 1969 2112 dicatur,
1994 2031 2156 2097 scribatur
2171 2045 2204 2097 et
2219 2033 2261 2097 ab

438 2161 585 2211 aronam.
607 2138 757 2203 omnibus
781 2138 940 2203 habeatur
956 2179 999 2186 —
1016 2151 1048 2203 et
1071 2141 1156 2225 quia,
1181 2142 1267 2204 sicut
1290 2139 1440 2203 omnibus
1463 2151 1574 2202 notum
1592 2150 1650 2218 est,
1671 2138 1799 2202 dicente
1816 2138 1961 2202 Iohanne
1978 2139 2142 2225 apostolo:
2167 2140 2259 2204 Hora
2283 2164 2310 2202 is

426 2250 778 2318 1.cor.ro,11.nor.÷isai2›aa
802 2262 846 2310 est
868 2258 900 2310 ct
915 2244 1034 2309 Paulo:
1059 2247 1138 2327 Nos,
1162 2251 1194 2311 in
1219 2272 1297 2333 quoa
1312 2250 1397 2334 fines
1419 2247 1614 2311 saecolorum
1640 2247 1836 2325 devenerunt,
1861 2256 1893 2308 et
1908 2245 1982 2309 ideo
1999 2257 2127 2331 tempus
2150 2247 2259 2324 instat,

606 2353 676 2416 dies
700 2352 813 2417 iudicii
838 2351 962 2438 absque
986 2352 1052 2416 ulla
1076 2352 1228 2417 diuturna
1251 2352 1405 2417 dilatione
1429 2355 1680 2439 appropinquat,
1712 2351 1792 2415 nulli
1823 2351 1968 2434 dubium,
2001 2354 2079 2437 quin
2110 2351 2260 2417 diabolus

605 2460 690 2522 inter
712 2459 838 2544 reliqua
861 2458 1052 2545 perditionis
1077 2482 1155 2522 suae
1179 2472 1371 2544 argumenta
1394 2459 1474 2523 illud
1497 2460 1674 2545 praecipue
1699 2458 1875 2540 contendit,
1900 2470 1936 2523 ut
1959 2460 1993 2522 in
2013 2460 2188 2522 novissimo
2206 2459 2260 2523 die

607 2577 739 2629 sanctae
763 2566 829 2628 Dei
860 2565 1019 2629 ecclesiae
1052 2567 1221 2630 caritatem
1252 2579 1397 2630 mutuam
1429 2565 1566 2646 scindat,
1597 2566 1843 2631 unanimitatem
1873 2550 1933 2651 per
1964 2564 2143 2651 quamlibet
2167 2588 2260 2630 occa·

607 2674 731 2736 sionem
747 2672 859 2753 findat,
883 2674 1013 2736 viscera
1036 2672 1217 2736 dilectionis
1242 2684 1438 2758 corrumpat,
1463 2683 1499 2736 ut
1514 2696 1586 2736 eam
1603 2696 1667 2736 non
1683 2675 1716 2736 in
1733 2695 1814 2758 paee
1832 2673 1980 2758 superius
1998 2682 2260 2752 commemorata,
2282 2697 2311 2734 aa

606 2778 665 2842 scd
681 2778 851 2842 discissam
869 2788 902 2842 et
919 2778 1097 2842 laceratam
1121 2779 1190 2843 dies
1215 2778 1268 2841 ille
1293 2778 1472 2843 horrendus
1496 2781 1651 2843 inveniat.
1688 2779 1754 2844 Sed
1778 2802 1838 2843 nec
1862 2779 1943 2842 illud
1966 2779 2053 2860 latet,
2079 2778 2167 2864 quod
2189 2781 2261 2865 ipse

606 2885 720 2950 infelix
751 2885 931 2949 infelicium
961 2886 1227 2971 miserrimusque
1259 2886 1402 2949 omnium
1432 2887 1622 2949 miserorum
1654 2908 1719 2949 non
1743 2897 1844 2964 curat,
1877 2909 1936 2972 per
1965 2884 2145 2972 quamlibet
2167 2908 2261 2950 occa-

607 2994 732 3057 sionem
756 2991 970 3079 corporalem,
995 2991 1182 3078 spiritalem,
1207 2991 1415 3073 mundanam,
1440 2991 1697 3055 eeclesiasticam
1720 2991 1753 3055 id
1771 2992 1900 3056 efficere
1917 2994 2029 3078 possit,
2054 2992 2130 3056 dum
2152 3004 2261 3055 tamen

607 3098 752 3185 quolibet
776 3111 966 3184 argumento
991 3100 1061 3162 eius
1077 3099 1150 3162 Deo
1171 3098 1337 3184 placitam,
1361 3112 1505 3164 mutuam
1523 3100 1557 3161 in
1574 3098 1740 3183 diligendo
1757 3098 1952 3163 soliditatem
1969 3099 2119 3163 scindere
2135 3099 2260 3181 valeat3

607 3217 737 3270 etcum
761 3208 934 3270 universus
959 3207 990 3270 ei
1014 3205 1255 3270 ecclesiasticus
1279 3205 1358 3269 ordo
1383 3208 1497 3270 merito
1522 3204 1657 3269 obviare
1682 3204 1809 3284 debeat,
1841 3204 1948 3268 nullus
1977 3216 2087 3269 tamen
2116 3205 2176 3269 sub
2199 3206 2262 3269 hac
2280 3229 2310 3266 ss

608 3313 794 3377 conditione
817 3314 933 3377 maiori
957 3314 1188 3398 constringitur
1212 3311 1323 3376 debito
1347 3335 1445 3398 quam
1469 3312 1533 3392 ille,
1566 3314 1621 3398 qui
1651 3325 1741 3375 tanto
1771 3313 1805 3375 in
1829 3311 1907 3376 sede
1932 3312 2112 3398 apostolica
2134 3311 2262 3376 illorum

608 3421 799 3484 auctoritate
823 3442 882 3506 pro
907 3442 1019 3484 eorum
1042 3420 1227 3483 reverentia
1249 3420 1283 3482 in
1307 3419 1484 3483 universali
1500 3419 1620 3484 mundo
1636 3442 1675 3483 ac
1690 3419 1748 3482 tali
1765 3418 1916 3483 honorari
1936 3420 2055 3482 meruit
2070 3418 2261 3504 privilegio,

609 3528 665 3613 qui
694 3537 805 3590 tamen
835 3526 1029 3590 universalis
1057 3527 1172 3590 merito
1204 3549 1268 3589 non
1299 3525 1427 3607 dicitur,
1463 3528 1490 3589 si
1520 3549 1578 3612 pro
1610 3525 1787 3590 universali
1819 3525 1979 3589 ecclesiae
2011 3536 2095 3589 statu
2125 3524 2261 3606 viribus,

608 3632 725 3719 quibus
748 3633 846 3715 valet,
871 3655 936 3697 non
960 3634 1160 3719 agonizatur.

714 3741 818 3821 Haec,
844 3741 962 3804 domne
985 3753 1079 3827 pater
1102 3762 1141 3804 ac
1165 3751 1231 3804 toto
1255 3738 1376 3804 mundo
1400 3739 1587 3802 venerande
1611 3751 1709 3825 atque
1738 3738 1918 3803 reverende
1949 3741 2152 3802 sanctissime
2183 3761 2261 3824 pon·
2281 3764 2311 3802 ao

607 3846 700 3928 tifex,
730 3847 772 3911 ad
796 3847 1026 3911 insinuandam
1049 3849 1083 3910 in
1106 3858 1198 3910 tanta
1227 3869 1263 3910 rc
1288 3847 1405 3909 mentis
1428 3859 1559 3909 nostrae
1591 3846 1797 3910 devotionem
1828 3847 2036 3931 praemittere
2068 3845 2261 3909 studuimus.

714 3953 845 4018 Abhinc
868 3977 957 4035 vero,
989 3955 1016 4017 si
1040 3977 1060 4018 a
1082 3954 1156 4017 Deo
1181 3952 1407 4017 conservanda
1437 3952 1564 4016 almitas
1593 3965 1704 4017 vestra
1727 3955 1772 4016 ita
1796 3952 1940 4038 elegerit,
1965 3975 2030 4015 non
2053 3952 2260 4034 insinuanda,

608 4061 666 4125 sed
702 4060 918 4142 admonendo,
954 4060 1094 4147 qualiter
1124 4061 1304 4125 communis
1334 4059 1454 4144 legatio
1489 4071 1600 4123 nostra
1631 4059 1672 4123 ad
1702 4058 1789 4123 illam
1822 4071 1967 4124 sanctam
1992 4059 2056 4122 Dei
2088 4057 2261 4123 ecclesiam

608 4168 834 4253 corrigendam
870 4167 967 4252 dirigi
1001 4168 1114 4253 possit,
1150 4165 1342 4231 subnectere
1378 4165 1575 4249 curabimus
1610 4189 1675 4229 non
1710 4178 1745 4229 ut
1779 4176 1911 4230 sanctae
1947 4177 1979 4229 et
2009 4189 2029 4228 a
2059 4165 2132 4229 Deo
2165 4165 2261 4229 datae

608 4275 788 4360 sapientiae
812 4285 951 4356 vestrae,
976 4272 1064 4360 quod
1087 4272 1181 4354 absit,
1206 4273 1301 4337 altius
1325 4272 1559 4359 sublimiusque
1584 4272 1814 4359 progrediendi
1838 4274 2009 4336 terminum
2029 4294 2151 4358 ponere
2167 4294 2260 4358 prac—
2280 4294 2311 4333 aa

607 4382 850 4467 sumpserimus,
875 4380 933 4445 sed
956 4404 997 4444 ne
1019 4380 1063 4462 id,
1088 4379 1176 4467 quod
1192 4380 1312 4443 exinde
1329 4379 1423 4443 nobis
1440 4381 1669 4465 omnipotentis
1686 4379 1750 4442 Dei
1767 4378 1993 4442 misericordia
2008 4378 2051 4442 ad
2067 4376 2260 4464 obsequium

606 4499 750 4552 vestrum
775 4501 807 4551 et
830 4487 966 4551 salutem
989 4498 1133 4551 nostram
1155 4487 1302 4550 conferre
1327 4485 1461 4570 dignata
1481 4499 1539 4566 est,
1565 4486 1692 4550 silentio
1709 4498 1903 4571 tegeremus
1941 4485 2032 4549 Sicut
2047 4484 2147 4549 lilium
2166 4485 2262 4549 decet

606 4596 718 4682 patris,
749 4596 783 4659 in
813 4596 937 4680 gremio
968 4594 1129 4658 examinis
1159 4595 1260 4657 vestri
1291 4592 1531 4674 collocavimus,
1563 4592 1676 4657 confisi
1707 4593 1740 4655 in
1768 4594 1922 4674 Domino,
1954 4592 2042 4679 quod
2072 4593 2142 4678 ipse
2166 4590 2261 4656 vobis

606 4702 726 4766 exinde
751 4702 838 4788 quod
862 4700 924 4764 sibi
948 4700 1103 4787 placitum
1128 4710 1161 4763 et
1183 4698 1387 4785 acceptabile
1411 4711 1460 4762 est
1483 4699 1641 4784 inspirare
1666 4697 1863 4784 dignabitur.

713 4809 782 4873 Nos
805 4821 913 4872 tamen
938 4830 1003 4871 uon
1027 4806 1188 4893 synodum
1213 4804 1454 4891 congreganda,
1479 4805 1547 4888 sed,
1573 4804 1848 4892 quemadmodum
1872 4803 2001 4869 avobis
2025 4804 2260 4890 postulavimus
2280 4829 2313 4868 so

606 4915 835 5001 licentiamque
861 4914 981 4999 agendi
1005 4915 1211 5000 percepimus
1222 4918 1244 4994 ¹,
1267 4935 1334 4976 una
1357 4935 1431 4976 cum
1454 4911 1667 4976 familiaribus
1683 4913 1812 4994 nostris,
1836 4911 1911 4975 filiis
1928 4914 2045 4975 vestris
2056 4917 2077 4993 ²,
2103 4923 2262 4998 quantum

605 5045 664 5107 pro
688 5020 921 5108 multiplicibus
946 5017 1217 5086 sollicitudinibus
1242 5019 1334 5104 regni
1359 5018 1496 5082 diversis
1520 5020 1671 5104 occupati
1695 5041 1754 5105 per
1776 5018 1948 5082 intervalla
1978 5019 2153 5105 potuimuS,
2185 5041 2261 5083 con·

607 5129 752 5193 siderare
777 5129 967 5210 studuimus,
993 5127 1072 5213 quid
1095 5125 1231 5189 almitati
1256 5137 1384 5189 vestrae
1415 5125 1455 5189 de
1486 5137 1577 5189 tanta
1600 5126 1795 5189 necessitate
1820 5125 2004 5211 significare
2029 5126 2260 5211 potuissemus,

713 5387 747 5435 ‘26
767 5379 885 5446 illorum]
905 5384 957 5433 scil.
978 5382 1176 5447 apostolorum.
1245 5383 1278 5430 33
1297 5379 1369 5430 illam
1383 5406 1418 5414 —
1432 5375 1587 5444 ecclesiam]
1606 5381 1659 5431 scil.
1679 5381 1785 5446 imperii
1799 5380 1989 5430 Orientalium.
2057 5382 2090 5432 37
2111 5387 2137 5430 et
2149 5381 2216 5432 deest
2229 5378 2262 5433 P.

715 5593 744 5678 1)
771 5599 819 5672 Cf.
840 5600 959 5664 Sinrsoa,
981 5601 999 5655 l.
1017 5601 1037 5654 l.
1058 5599 1080 5665 I,
1098 5602 1162 5657 2l8
1185 5617 1254 5654 aran.
1273 5601 1300 5655 3.
1376 5588 1405 5674 2)
1431 5597 1546 5672 Synodo
1569 5598 1764 5669 interfuerunt
1785 5598 1947 5655 Hieremias
1971 5597 2142 5655 Senonensis
2165 5598 2262 5656 archi·
2279 5619 2311 5657 ss

605 5709 759 5783 episeopus,
777 5707 864 5764 loreas
879 5707 1101 5774 ⁴*larrelicnmaaia
1120 5706 1276 5776 Fr·eculsua
1294 5704 1485 5773 Lexooieusia
1502 5703 1683 5780 Ilalitparius
1698 5702 1920 5774 Cbrrreraeeusis,
1934 5703 2099 5760 Anrularius
2113 5704 2263 5764 Mettensis

605 5814 736 5890 qriscopi,
754 5814 914 5889 ildegarius
929 5813 1061 5888 quidnam
1078 5814 1117 5883 rs.
1137 5811 1257 5881 Simon,
1278 5813 1295 5866 l.
1313 5812 1331 5867 l.
1352 5810 1376 5879 l,
1394 5814 1457 5869 247
1472 5830 1541 5867 aran.
1560 5814 1607 5870 10.
1625 5814 1704 5880 24}st
1721 5831 1745 5868 v.
1765 5811 1847 5867 etiam
1862 5830 1953 5885 supra
1967 5831 2001 5886 p.
2018 5813 2081 5870 473
2103 5813 2121 5867 l.
2141 5815 2181 5871 35
2197 5833 2260 5889 sqq.
