4884 6717
545 472 610 535 820
814 480 1026 535 APPENDIX.
1074 478 1104 534 3.
1135 478 1355 537 CONCILIUM
1379 480 1577 538 ROMANUM
1602 479 1773 539 SPURlUM
1799 482 1836 536 A.
1858 479 1931 536 753.

651 672 827 748 Adrianus
859 708 972 748 servus
1003 707 1171 749 sorvorum
1202 685 1266 749 Dei
1298 683 1447 749 omnibus
1475 683 1718 749 venerabilibus
1748 683 1903 749 fratribus
1933 696 1966 749 et
1993 686 2196 772 coepiscopis

545 791 735 876 cunctisque
759 790 919 876 religiosis
937 789 1131 855 Christianis
1147 791 1220 855 Deo
1246 790 1505 855 deservientibus
1528 814 1630 877 reguo
1646 791 1761 857 Italico
1778 804 1810 856 ct
1826 791 2023 888 patriarchio
2042 792 2196 856 Romano.

651 897 880 961 Residcutibus
911 896 1004 961 nobis
1036 920 1109 961 cum
1139 897 1288 984 plurimis
1319 900 1481 984 episcopis
1512 898 1555 962 ad
1584 896 1752 963 beatorum
1776 899 1866 963 Petri
1897 909 1930 963 et
1952 898 2046 963 Pauli
2070 909 2196 986 aposto·

544 1003 648 1069 lorum
673 1005 854 1091 principum
887 1003 1009 1085 limiua,
1040 1003 1198 1090 synodale
1231 1017 1455 1069 commonente
1486 1005 1635 1088 concilio,
1666 1006 1756 1069 venit
1778 1004 1913 1069 Flauius
1936 1005 2116 1092 Aystullus
2147 1006 2198 1068 vir

545 1110 847 1186 excellentissimus,
873 1134 930 1173 rex
954 1109 1060 1175 Italici
1085 1113 1187 1196 regni,
1213 1111 1256 1175 ad
1279 1111 1499 1197 predictorum
1523 1111 1742 1198 apostolorum
1766 1113 1914 1197 vestigia.
1961 1111 2051 1175 Inter
2078 1123 2230 1192 ceteras

545 1240 628 1305 quae
660 1217 805 1288 contulit,
837 1218 924 1281 dona
955 1216 1042 1281 beati
1067 1218 1156 1281 Petri
1186 1218 1324 1305 apostoli
1355 1218 1535 1283 aecclesiae
1566 1218 1681 1306 optulit
1711 1231 1900 1306 preceptum
1929 1242 2040 1301 uuum,
2071 1220 2105 1282 in
2132 1239 2196 1304 quo

545 1323 781 1406 continebatur,
814 1324 901 1410 quod
932 1322 973 1388 ob
1006 1325 1222 1389 reverentiam
1252 1325 1386 1390 Domini
1419 1324 1589 1390 salvatoris
1621 1336 1718 1413 atque
1752 1325 1869 1390 beatae
1903 1347 2032 1412 semper
2061 1325 2197 1411 virginis

544 1431 669 1496 Mariae
693 1432 902 1517 omniumque
927 1443 1111 1495 sanctorum
1136 1430 1356 1518 apostolorum
1380 1435 1616 1497 construxisset
1639 1433 1870 1514 monasterium
1894 1432 1927 1495 in
1951 1432 2112 1496 territorio
2128 1431 2197 1496 Mo·

544 1539 702 1620 tinense1‚
726 1538 798 1603 loco
822 1549 1031 1624 nuncupante
1055 1537 1252 1619 Nonantula,
1276 1540 1447 1625 ipsumque
1471 1554 1660 1626 preceptum
1685 1540 1900 1603 concessisset
1923 1539 1993 1603 viro
2018 1536 2197 1602 venerabili

542 1646 673 1710 nomine
705 1644 861 1710 Auselmo
892 1644 1020 1727 abbati3
1057 1656 1090 1709 et
1120 1645 1259 1709 eundem
1291 1647 1396 1709 virum
1426 1645 1616 1710 Anselmum
1654 1668 1727 1710 cum
1758 1668 1866 1709 secum
1903 1643 2047 1725 haberet,
2083 1644 2199 1731 optulit
2218 1667 2243 1706 ro

544 1751 632 1817 illum
663 1753 786 1838 pariter
816 1763 848 1815 et
878 1757 1090 1838 preceptum²
1120 1775 1219 1837 supra
1250 1754 1504 1817 sacratissimum
1536 1776 1653 1838 corpus
1684 1751 1773 1816 beati
1797 1752 1885 1815 Petri
1916 1752 2053 1838 apostoli
2085 1754 2197 1838 sicque

544 1858 669 1923 dotavit
693 1860 818 1944 prefato
843 1860 1039 1924 monasterio
1064 1869 1196 1922 sanctae
1221 1858 1309 1922 sedis
1326 1859 1502 1940 Romanae,
1527 1882 1622 1945 quam
1640 1860 1713 1922 Deo
1730 1873 1861 1923 auctore
1886 1881 1999 1944 regere
2024 1859 2197 1923 cernimur.

543 1966 643 2030 Petiit
665 1965 809 2052 prefatus
834 1989 893 2030 rex
916 1975 1059 2029 nostram
1084 1964 1349 2046 munificentiam,
1380 1977 1417 2030 ut
1448 1988 1565 2052 corpus
1596 1964 1776 2030 beatissimi
1800 1988 1905 2052 papae
1929 1965 2102 2031 silvestris·
2124 1989 2197 2030 cum

544 2073 617 2136 aliis
641 2085 826 2137 sanctorum
851 2071 1041 2159 pignoribus
1066 2071 1171 2136 eidem
1197 2071 1352 2135 Anseluro
1376 2071 1488 2136 abbati
1505 2072 1547 2136 ad
1563 2072 1746 2158 predictum
1762 2071 1950 2136 venerabile
1967 2073 2197 2137 monasterium

544 2179 673 2243 deferre
704 2178 957 2243 concederemus
987 2190 1020 2243 et
1049 2201 1108 2264 per
1138 2177 1399 2243 benedictionem
1430 2180 1577 2265 protinus
1608 2181 1725 2243 uostris
1757 2177 1908 2243 manibus
1933 2200 2197 2244 consecraremus
2217 2199 2243 2238 rs

545 2288 651 2373 ipsum
686 2285 838 2350 abbatem
874 2298 908 2350 et
941 2284 1091 2350 cuculla⁴
1126 2284 1335 2349 indueremus
1371 2286 1550 2349 secundum
1586 2285 1730 2371 regulam
1766 2286 1870 2349 sancti
1906 2285 2091 2364 Benedicti,
2128 2286 2198 2349 eius

544 2391 694 2457 manibus
725 2392 926 2457 traderemus
956 2391 1051 2456 simul
1082 2403 1114 2457 et
1144 2390 1320 2456 baculum⁵
1349 2392 1543 2478 pastoralem
1575 2404 1607 2456 et
1637 2392 1795 2479 pedules⁶
1825 2391 2003 2457 secundum
2039 2392 2197 2456 ordinem.

546 2498 646 2564 Cuius
670 2500 907 2564 sanctissimam
931 2500 1119 2586 petitionem
1143 2498 1227 2584 ylari
1244 2497 1346 2580 vultu,
1371 2499 1533 2586 quomodo
1556 2499 1696 2586 petebat,
1722 2500 1951 2564 concessimus.
1986 2499 2029 2563 Et
2045 2500 2198 2585 quoniam

544 2605 714 2671 nobiscum
738 2606 853 2670 aderat
885 2607 1107 2670 sanctissimus
1141 2606 1306 2670 confrater
1328 2618 1439 2671 noster
1462 2606 1607 2693 Sergius,
1639 2619 1771 2671 sanetae
1795 2607 1995 2671 Ravennatis
2019 2605 2198 2670 aecclesiae

545 2713 820 2800 archiepiscopus,
853 2711 1151 2777 commendavimus
1179 2714 1286 2798 ipsum
1311 2713 1533 2778 uenerabilem
1557 2712 1709 2777 abbatem
1733 2725 1765 2777 et
1789 2714 1858 2778 eius
1882 2713 2114 2777 monasterium
2138 2709 2198 2775 sub
2217 2732 2244 2770 ιο

546 2817 604 2885 suo
635 2822 793 2905 regimine
824 2829 935 2884 nostra
965 2830 1212 2906 nostrorumque
1241 2821 1313 2884 vice
1348 2818 1598 2905 gubernandum
1632 2821 1718 2884 omni
1753 2831 1909 2905 tempore,
1945 2830 2068 2884 tantum
2100 2820 2128 2882 si
2157 2817 2199 2882 ab

546 2927 667 2992 abbate
692 2927 879 2992 monasterii
903 2926 1001 2990 fuerit
1024 2927 1196 3008 invitatum
1221 2938 1254 2990 et
1278 2928 1305 2989 si
1329 2927 1359 2989 ci
1376 2926 1428 2991 vel
1445 2928 1512 2991 suis
1536 2925 1779 2992 successoribus
1803 2925 1913 3012 aliqua
1935 2925 2075 2989 adversa
2098 2927 2199 2989 conti·

545 3037 669 3121 gisseut
696 3057 716 3098 a
747 3055 952 3120 quocumque
982 3031 1129 3119 presule,
1161 3034 1303 3097 maxime
1334 3032 1375 3096 ab
1407 3034 1561 3120 episcopo
1591 3033 1783 3098 blotinensis
1814 3032 2012 3115 aecclesiae,
2043 3034 2077 3096 in
2107 3034 2199 3096 cuius

545 3140 721 3228 paroechia
745 3152 871 3204 constat
895 3162 966 3204 csse
991 3149 1221 3220 constructum,
1247 3138 1307 3203 sub
1331 3150 1445 3204 sancta
1460 3141 1669 3204 Ravennensi
1686 3140 1847 3204 aecclesia
1868 3138 2004 3204 haberet
2027 3139 2199 3225 refugium,

545 3260 678 3336 propter
709 3260 867 3312 terrarum
897 3245 1144 3331 longitudinem,
1176 3268 1240 3332 que
1271 3244 1370 3310 distat
1399 3257 1562 3310 anostra
1581 3246 1668 3310 sede.
1722 3246 1933 3333 Precepimus
1964 3247 1995 3310 ei
2025 3248 2133 3327 etiam,
2165 3256 2198 3309 ut
2215 3265 2243 3305 ss

545 3355 727 3443 predictum
752 3364 900 3418 sanctum
924 3375 1041 3438 corpus
1065 3350 1152 3416 beati
1170 3350 1318 3416 Silvestri
1342 3364 1374 3417 et
1398 3351 1478 3416 alias
1502 3365 1688 3417 sanctorum
1712 3353 1866 3440 reliquias
1890 3375 1950 3439 per
1972 3375 2007 3416 se
2031 3353 2137 3439 ipsum
2157 3351 2198 3416 ad

544 3465 608 3527 iam
640 3461 763 3526 dictum
794 3458 987 3524 coenobium
1012 3458 1154 3522 deferret
1180 3469 1212 3522 et
1236 3458 1429 3524 reconderet
1458 3458 1639 3545 altariaque
1671 3459 1766 3524 simul
1797 3471 1829 3524 ct
1859 3459 2053 3524 aecclesiam
2088 3469 2199 3523 nostra

546 3568 725 3656 apostolica
748 3568 941 3632 auctoritate
972 3577 1189 3631 consecraret.
1238 3565 1349 3630 Robur
1378 3567 1475 3630 etiam
1507 3576 1636 3631 nostrae
1668 3579 1799 3631 sanctae
1823 3567 1989 3631 Romanae
2018 3564 2198 3630 aecclesiae

545 3676 651 3740 eidem
683 3686 795 3739 sancto
824 3675 896 3739 loco
927 3696 985 3760 per
1015 3672 1228 3760 apostolicum
1259 3673 1466 3760 privilegium
1497 3673 1700 3756 contulimus,
1736 3672 1837 3738 veluti
1872 3672 2077 3737 beatissimus
2112 3694 2199 3758 papa

546 3783 749 3868 Gregorius²
772 3781 919 3868 plurimis
944 3779 1112 3845 aecclesiis
1136 3779 1279 3866 protulit.
2216 3797 2243 3837 so

653 3988 664 4033 l
687 3977 833 4047 Adrianus]
853 3981 1059 4048 Stephanus
1079 3982 1106 4030 Γ.
1163 3974 1372 4047 2patriarcbio]
1384 3983 1569 4047 patriarchatu
1587 3983 1616 4032 lt.
1671 3980 1866 4046 taystutphus
1886 3982 1913 4030 Γ.
1969 3981 2149 4031 Sbiutineusi
2169 3980 2197 4030 Γ.

544 4077 738 4138 burrncupato
759 4069 917 4122 Nonantula
943 4071 970 4120 U.
1059 4074 1088 4119 ll
1110 4064 1193 4133 beati]
1213 4066 1330 4135 Slancti)
1357 4071 1384 4120 Γ.
1476 4073 1507 4121 12
1528 4070 1632 4137 prelato
1652 4065 1828 4134 monasterio]
1845 4071 1978 4135 praedict.
1998 4076 2142 4120 monaster,
2169 4069 2197 4119 Γ.

546 4165 578 4212 13
598 4155 758 4224 beatissimi]
778 4161 943 4211 sanctissimi
970 4160 998 4209 Γ.
1062 4159 1195 4225 Sylvcstri
1215 4159 1255 4209 lu'c
1272 4169 1295 4210 et
1312 4159 1386 4226 infra
1412 4160 1439 4210 Γ.
1507 4162 1537 4210 l'l
1558 4158 1667 4226 pedales
1693 4160 1721 4209 [ζ
1785 4162 1817 4209 18
1835 4153 1915 4224 ylari]
1933 4158 2013 4209 hilari
2039 4159 2067 4208 Γ.
2131 4174 2197 4225 quo·

543 4246 634 4315 modo]
653 4266 734 4315 quam
759 4250 787 4299 Γ.
863 4252 894 4299 19
915 4251 1130 4300 Ravennatensis
1149 4249 1177 4298 Γ.
1252 4250 1281 4298 21
1305 4243 1521 4313 nostrorumque]
1540 4249 1628 4314 supple
1647 4264 1852 4310 autecessorum
1870 4248 1937 4298 deest
1955 4248 1983 4298 U.
2056 4249 2091 4298 22
2110 4249 2196 4298 couti·

543 4343 629 4404 gisset
649 4341 681 4389 A.
754 4340 788 4389 23
808 4339 971 4389 Mutinensis
998 4338 1027 4387 Γ.
1094 4339 1128 4387 24
1147 4343 1258 4387 sanctae
1277 4338 1464 4388 Rarennensis
1485 4336 1639 4388 aecclesiae
1659 4338 1692 4387 A.
1757 4339 1959 4388 Ravennatensi
1986 4337 2014 4386 o'.
2081 4339 2115 4387 25
2134 4332 2196 4401 que]
2215 4347 2243 4388 ts

543 4431 579 4480 ita
599 4431 632 4488 A,
652 4445 722 4493 quae
748 4428 776 4488 Γ,
796 4444 849 4493 qua
868 4427 1003 4477 Muratori.
1065 4429 1099 4477 26
1119 4421 1203 4490 luenti]
1224 4421 1340 4489 S(arrcti)
1365 4427 1393 4475 Γ.
1454 4428 1486 4476 27
1507 4426 1612 4477 deserat
1636 4427 1664 4476 l'.
1720 4426 1849 4477 recondat
1874 4426 1903 4477 Γ.
1958 4428 1992 4477 29
2012 4421 2196 4489 beatissimus]

543 4520 729 4568 sanctissimus
756 4517 784 4565 lt.
858 4519 892 4566 30
911 4511 1035 4582 protulit]
1057 4523 1083 4566 ct
1102 4517 1230 4565 iussimus
1250 4516 1313 4565 huic
1334 4513 1469 4581 opusculo
1488 4515 1664 4565 subterscribi
1682 4515 1743 4566 add.
1769 4515 1798 4565 Γ.

654 4699 681 4768 l)
709 4697 843 4755 Medeae.
932 4697 962 4765 2)
988 4698 1019 4753 V.
1039 4705 1224 4773 praeceptum
1251 4695 1362 4774 Aistalfi
1383 4695 1459 4773 repis
1481 4696 1607 4771 sprrrr‘um
1632 4696 1659 4752 d.
1686 4697 1714 4753 d.
1739 4699 1801 4756 753
1827 4696 1924 4766 Pede,
1955 4696 2058 4770 Troya,
2083 4693 2197 4753 ‘Codice

544 4806 722 4881 diplorrratr'co
747 4803 950 4882 Loayobardo’
975 4804 995 4860 1
1000 4805 1026 4860 V
1045 4798 1163 4878 (1854),
1183 4823 1216 4878 p.
1235 4806 1298 4861 450
1321 4823 1348 4858 n.
1367 4805 1425 4860 671
1451 4797 1522 4878 (rep.
1548 4802 1582 4858 A.
1609 4801 1738 4872 Corona,
1770 4803 2034 4880 ‘l'atersuclumycn
2062 4801 2130 4859 iiber
2152 4801 2197 4858 die

543 4912 797 4990 loncobardrbclren
824 4911 946 4987 Kiinips·
970 4912 1031 4968 uad
1052 4909 1342 4986 Herzopsurlmuleu,
1369 4907 1464 4966 (ἔναι’
1489 4912 1582 4978 1888,
1602 4929 1634 4984 p.
1653 4913 1715 4968 188
1726 4931 1767 4985 sq.
1792 4930 1819 4966 a.
1835 4905 1898 4984 20)
1997 4911 2028 4978 3)
2054 4910 2082 4966 V.
2105 4928 2197 4981 supra
2215 4925 2244 4964 ec

541 5040 571 5095 p.
590 5024 630 5079 67
654 5021 672 5076 l.
690 5023 782 5095 dsqq.
807 5018 877 5095 quid
905 5039 938 5075 re
966 5038 1035 5075 vera
1067 5018 1101 5074 de
1130 5036 1250 5091 corpore
1279 5037 1302 5072 s.
1329 5015 1458 5073 Silvestri
1479 5035 1557 5072 atreo
1581 5018 1650 5075 761.
1669 5017 1784 5087 secutur
1807 5017 1851 5073 sit.
1966 5016 1997 5085 4)
2023 5015 2072 5088 Cf.
2097 5017 2197 5093 reputa

543 5125 691 5182 Benedicti
713 5145 735 5181 c.
752 5129 794 5184 55
817 5127 859 5183 ed.
886 5124 1030 5200 ll'oelfflin
1050 5143 1082 5198 p.
1100 5128 1139 5182 54
1151 5143 1194 5199 sq.
1299 5123 1329 5191 5)
1356 5119 1405 5193 Cf.
1427 5121 1626 5197 poeaitentiam
1657 5122 1795 5179 Theodori
1816 5121 2022 5198 archiepiscopi
2045 5121 2196 5181 Corrum-

541 5232 646 5308 picuais
669 5251 692 5289 c.
714 5234 733 5290 3
757 5228 878 5308 (ilsrpnc,
913 5230 1024 5288 Patrol.
1049 5232 1098 5286 lut.
1124 5229 1234 5299 XCIX,
1260 5224 1407 5305 aassqj:
1437 5229 1470 5283 lu
1501 5230 1612 5284 abbatis
1638 5273 1643 5282 .
1670 5273 1675 5282 .
1701 5273 1706 5283 .
1730 5230 1906 5284 ordinatione
1935 5230 2084 5302 episcopus
2107 5230 2196 5284 debet

541 5341 652 5395 missam
676 5358 763 5412 agere
789 5347 818 5395 et
842 5358 906 5394 cum
930 5338 1102 5394 benedicere
1126 5336 1262 5391 inclinato
1289 5337 1383 5407 capite
1414 5354 1477 5390 cum
1507 5336 1617 5391 duobus
1648 5337 1692 5390 rel
1724 5337 1813 5391 tribus
1843 5337 1965 5391 testibus
1996 5338 2031 5391 dc
2062 5336 2197 5390 fratribus

541 5448 597 5503 orris
622 5453 652 5503 ct
677 5447 765 5502 donet
789 5447 815 5501 ei
839 5447 969 5501 baculum
1001 5453 1031 5500 ct
1055 5444 1185 5516 pedules.
1268 5442 1298 5510 6)
1323 5442 1372 5514 bJ'.
1397 5443 1496 5518 reputa
1520 5441 1668 5498 Benedicti
1689 5443 1708 5498 l.
1732 5443 1761 5512 l,
1784 5451 1937 5517 praeterea
1962 5441 2099 5518 Ducanqe
2120 5462 2144 5498 a.
2169 5461 2196 5499 v.
2217 5459 2246 5499 ee

543 5554 573 5624 t)
600 5554 736 5610 Fortasse
760 5552 783 5608 1.
808 5546 1026 5628 (590—604).
