4884 6717
670 527 722 583 61.
759 525 976 584 CONCILIUM
1000 524 1321 582 INGELHEIMENSE
1345 526 1382 581 A.
1403 523 1478 580 840.
1834 518 1898 580 813

248 723 357 779 mento
385 713 547 778 firmatum
571 725 620 777 est
642 711 815 777 Ebbonem
837 713 903 776 iam
927 712 1057 778 saeculo
1089 711 1280 792 decessisse,
1312 734 1386 777 cum
1416 711 1534 794 adbuc,
1564 711 1641 776 licet
1671 720 1837 777 senectute
1867 721 1901 776 et

248 822 348 885 variis
371 817 612 884 infirmitatibus
636 830 801 905 gravmus,
826 829 990 905 superstes
1014 829 1133 898 tamen,
1158 818 1269 883 sedem
1292 817 1524 883 Hiltinesheim
1548 818 1684 905 pacifice
1707 831 1837 905 regeret
1860 841 1899 884 ao

249 925 457 1012 gubernaret.
493 925 558 992 Sed
575 928 732 991 tamenin
749 926 827 1012 ipsis
851 924 1048 1011 apostolicae
1073 927 1275 990 auctoritatis
1298 924 1424 1007 litteris,
1449 924 1567 1011 quibus
1591 925 1696 989 eidem
1720 925 1899 990 Hincrnaro

249 1057 326 1098 usus
349 1033 438 1121 pallii
462 1055 636 1097 concessus
660 1043 718 1114 est,
750 1043 855 1114 caute,
886 1042 922 1096 ut
950 1032 984 1095 in
1015 1033 1143 1096 scriniis
1173 1041 1306 1096 sanetae
1336 1033 1448 1096 matris
1471 1031 1637 1095 Romanae
1668 1032 1828 1096 eeclesiae
1852 1033 1899 1095 in·

217 1142 354 1213 sveniri
376 1150 492 1227 potest,
523 1141 680 1204 insertum
694 1139 828 1225 legitur:
855 1137 1093 1203 Concedimus¹
1117 1137 1177 1203 tibi
1200 1161 1295 1202 usum
1318 1137 1418 1224 pallii,
1443 1136 1535 1202 salva
1553 1149 1662 1202 tamen
1679 1139 1897 1220 contentione,

250 1270 334 1334 quae
363 1249 449 1311 inter
478 1257 509 1310 te
539 1257 571 1310 et
594 1244 765 1310 Ebboncm
795 1243 933 1310 habetur
955 1249 986 1324 †.
1032 1244 1087 1309 Ad
1110 1267 1208 1332 quam
1239 1246 1454 1309 contentionis
1486 1244 1574 1308 litem
1604 1244 1781 1309 finiendam
1810 1245 1898 1310 nullo

249 1355 396 1440 imperio,
426 1352 516 1416 nulla
538 1375 692 1437 umquam
721 1352 922 1416 auctoritatis
949 1353 1180 1438 praeceptione
1210 1350 1315 1415 isdem
1339 1349 1435 1415 Ebbo
1459 1352 1631 1437 pervenire
1655 1353 1784 1417 meruit.
1830 1352 1899 1416 lllis

250 1473 359 1525 autem
382 1462 429 1524 ita
452 1458 731 1534 contendentibus,
762 1482 821 1522 nos
846 1481 974 1544 semper
1004 1458 1168 1523 humiliter
1195 1469 1228 1522 et
1250 1458 1387 1544 pacifice
1412 1469 1555 1522 nostram
1579 1457 1768 1523 sustinendo
1792 1471 1898 1546 porta·

250 1569 354 1631 vimus
378 1567 627 1652 ignominiosam
651 1565 876 1630 deiectionem.
931 1653 932 1656 Ἴ

207 1706 233 1746 10
356 1673 521 1738 Defuncto
553 1683 661 1736 autem
691 1672 844 1736 iamdicto
876 1671 1060 1736 ordinatore
1091 1684 1201 1737 nostro
1228 1694 1339 1737 mense
1363 1671 1480 1735 Martio
1491 1677 1513 1752 ²,
1544 1672 1651 1735 statim
1682 1670 1821 1737 obtinuit
1844 1672 1899 1737 do-

251 1783 356 1845 minus
380 1792 490 1844 noster
505 1779 702 1843 Hinomarus
726 1779 812 1865 apud
829 1779 988 1843 Karolurn
1013 1802 1134 1864 regem,
1159 1791 1194 1842 ut
1217 1788 1414 1843 convocaret
1436 1778 1596 1864 synodum
1613 1778 1796 1843 Suessionis
1812 1779 1900 1865 apud

251 1887 481 1951 monasterium
504 1887 608 1950 saneti
624 1885 773 1949 Medardi
785 1892 806 1966 ³,
832 1896 864 1949 et
886 1886 980 1949 iussit
995 1907 1053 1949 nos
1070 1885 1138 1949 fere
1155 1896 1232 1949 tune
1248 1886 1402 1971 temporis
1419 1885 1521 1948 XHH
1536 1907 1670 1949 numero
1692 1884 1900 1973 presbyteros

252 2007 284 2058 et
308 1993 461 2058 diaconos
485 1992 561 2057 illuc
584 1994 642 2072 ire,
666 1993 856 2078 promittens
881 2014 915 2056 se
940 1990 980 2055 de
1004 1989 1098 2056 nobis
1114 1990 1368 2055 misericorditer
1383 2003 1604 2056 tractaturum.
1641 1991 1707 2072 Qui
1728 2005 1900 2057 renuentes

252 2115 284 2167 et
306 2101 471 2165 humiliter
494 2098 718 2186 deprecantes,
742 2122 783 2163 ne
806 2121 865 2163 nos
889 2098 964 2163 illue
989 2097 1031 2162 ad
1055 2100 1210 2162 maiorem
1235 2109 1377 2162 nostram
1402 2099 1625 2162 confusionem
1649 2100 1696 2162 ire
1720 2099 1844 2164 iaceret
1868 2111 1900 2164 et

209 2240 233 2277 n
252 2208 477 2288 deiectionem,
501 2229 566 2270 non
590 2205 724 2286 audivit,
749 2205 807 2287 sed
825 2207 932 2292 potius
948 2206 1112 2290 magistris
1128 2206 1246 2268 nostris
1270 2206 1447 2291 praecepit,
1471 2215 1506 2268 ut
1530 2206 1722 2270 omnimodis
1739 2229 1797 2270 nos
1820 2206 1897 2271 illuc

252 2317 298 2378 ire
322 2315 482 2395 iacerent3
514 2312 601 2399 quod
624 2325 657 2376 et
679 2312 836 2376 iecerunt.
883 2312 1061 2376 Venientes
1091 2323 1199 2376 autem
1228 2310 1304 2375 illue
1334 2313 1504 2398 praecepit
1533 2311 1627 2376 nobis
1651 2312 1729 2376 dare
1754 2311 1898 2376 libellum

252 2421 531 2509 proclamationis3
563 2419 649 2506 quod
673 2420 804 2483 minime
829 2417 1029 2500 volebamus,
1053 2420 1193 2483 scientes
1217 2419 1349 2482 iamcx
1372 2428 1475 2504 parte,
1500 2419 1585 2482 siout
1607 2430 1640 2483 et
1661 2429 1776 2504 postea
1798 2420 1899 2483 mani·

252 2529 364 2593 festius
388 2529 610 2612 cognorimus,
642 2526 721 2612 quid
752 2526 792 2590 de
823 2524 917 2589 nobis
948 2524 1158 2590 tractabatur.
1206 2525 1342 2606 Tamen,
1367 2524 1443 2589 licet
1466 2526 1582 2594 coacti,
1613 2525 1762 2590 dedimus
1786 2528 1897 2607 ceteri,

252 2646 390 2721 excepto
415 2639 511 2714 uno⁴,
537 2634 603 2719 qui,
626 2634 815 2719 priusquam
832 2631 926 2696 Ebbo
951 2644 1181 2712 removeretur,
1206 2631 1320 2695 litteris
1345 2633 1511 2696 canonicis
1527 2632 1664 2697 traditus
1688 2645 1738 2697 est
1759 2633 1899 2697 Liutndo

206 2773 233 2811 20
252 2741 502 2806 Vincensiensi⁵
526 2741 679 2825 episcopo
704 2749 737 2802 et
765 2751 881 2824 postca
910 2736 1043 2802 licentia
1067 2749 1099 2800 ot
1128 2738 1358 2823 deprecatione
1389 2739 1490 2824 ipsius
1519 2737 1691 2803 nobiscnm
1721 2739 1899 2803 ordinatus.

251 2849 326 2935 Ipse
351 2849 437 2911 enim
461 2857 531 2911 erat
561 2869 634 2910 cum
658 2845 779 2909 Karolo
810 2868 887 2930 rege
912 2856 945 2908 ct
966 2844 1149 2908 nullatenus
1173 2843 1215 2908 ad
1240 2844 1398 2930 synodum
1423 2846 1522 2926 venit,
1554 2846 1675 2932 quippe
1706 2848 1798 2910 cuius
1827 2869 1899 2933 pro·

252 2957 340 3042 prius
364 2955 536 3040 episcopus
560 2951 606 3017 ibi
630 2975 695 3016 non
718 2963 798 3016 erat.
846 2951 912 3016 Sed
936 2974 997 3015 nec
1020 2952 1101 3038 ipse,
1133 2952 1228 3015 sicuti
1253 2961 1376 3032 etuas,
1404 2951 1446 3016 ad
1470 2952 1630 3038 synodum
1660 2955 1817 3017 canonice
1841 2976 1896 3018 vo·

252 3072 342 3126 catus
366 3060 555 3124 advenerat.
601 3059 745 3145 Ideoque
777 3082 871 3122 sunm
900 3080 1018 3122 nornen
1047 3057 1122 3121 illuc
1147 3059 1303 3143 scriptum
1326 3082 1391 3122 non
1415 3060 1510 3138 misit,
1539 3059 1615 3123 licet
1646 3058 1773 3124 dicatur
1797 3061 1896 3146 scrip·

252 3170 331 3232 sisse
356 3169 389 3231 in
412 3166 521 3230 libello
543 3164 672 3230 anobis
694 3165 829 3230 violenti
853 3167 1083 3251 praeceptione
1108 3163 1290 3251 subscripto
1315 3177 1347 3228 et
1370 3187 1428 3250 per
1445 3164 1650 3250 Sigloardum
1673 3177 1705 3230 et
1719 3165 1900 3231 Lentonem

206 3287 349 3361 statque
373 3274 466 3338 Isaac
491 3273 566 3337 illue
591 3274 820 3354 transmisisse,
845 3271 932 3358 quod
955 3273 1086 3335 minime
1110 3271 1197 3336 fecit.
1232 3272 1319 3335 Dato
1344 3283 1450 3335 autem
1471 3270 1580 3335 libello
1597 3295 1732 3358 surgens
1749 3271 1898 3336 dominus

252 3392 361 3446 noster
376 3381 572 3445 Hinemarus
588 3380 852 3466 archiepiscopus
869 3379 967 3464 clegit
983 3377 1045 3441 sibi
1061 3378 1195 3458 iudices,
1221 3378 1451 3442 Wenilonem⁶
1474 3379 1765 3467 archiepiscopum,
1790 3379 1900 3444 Amal-

252 3491 376 3554 ricum¹
400 3488 690 3574 arehiepiscopum,
714 3485 914 3550 Pardulum⁸
931 3507 1058 3572 quoque
1076 3486 1266 3571 episcopum
1282 3509 1375 3550 suum
1391 3485 1642 3570 suffraganeum,
1668 3486 1900 3550 commendans

251 3597 281 3659 ei
305 3597 404 3660 etiam
428 3595 536 3659 locum
561 3618 664 3659 suum.
700 3593 799 3657 Iussit
821 3603 929 3656 autem
954 3615 1013 3655 nos
1037 3591 1169 3677 eligere,
1194 3593 1249 3678 qui
1272 3593 1337 3655 iarn
1354 3590 1395 3655 ab
1412 3593 1483 3678 ipso
1500 3593 1578 3674 solo,
1604 3594 1631 3656 si
1647 3592 1696 3656 fas
1714 3604 1763 3657 est
1780 3592 1899 3674 dicere,

251 3725 314 3767 non
346 3703 502 3765 canonice
534 3701 806 3765 excommunicati
838 3721 977 3764 eramus.
1025 3699 1195 3763 Manantes
1226 3709 1333 3763 autem
1364 3700 1398 3761 in
1428 3699 1489 3764 hac
1514 3700 1658 3764 maxima
1680 3699 1898 3778 tribulatione,

206 3841 232 3878 so
250 3810 410 3888 timentes,
437 3806 534 3892 quod,
559 3808 584 3870 si
605 3830 669 3870 non
686 3805 891 3892 eligeremus,
915 3804 1089 3891 superbiae
1106 3816 1139 3868 et
1154 3807 1359 3890 arrogantiae
1376 3805 1596 3892 deputaretur,
1621 3808 1648 3870 si
1672 3817 1779 3871 autem
1803 3806 1900 3891 elige-

250 3939 367 3995 remus,
398 3913 581 3978 nullatenus
611 3912 705 3977 nobis
732 3913 935 3998 profuturum
960 3910 1154 3992 sciebamus
1186 3935 1260 3976 cum
1292 3913 1401 3977 omnia
1423 3913 1582 3977 violenter
1611 3911 1705 3977 nobis
1730 3925 1900 3998 extorque-

252 4022 378 4102 bantur,
403 4022 481 4107 quia
504 4021 629 4085 scilicet
652 4043 710 4084 nos
733 4019 880 4106 proloqui
899 4041 1108 4105 nequaquam
1124 4018 1273 4100 cedebat,
1297 4019 1350 4082 vel
1370 4019 1648 4085 condemnationis
1664 4019 1901 4106 praeiudicium

251 4128 304 4192 vel
336 4129 484 4192 evocatio
516 4150 580 4191 non
615 4126 729 4212 legalis
757 4125 800 4190 ad
830 4126 1000 4212 synodum.
1054 4124 1184 4189 Iudices
1215 4129 1323 4208 etiam,
1359 4128 1414 4213 qui
1450 4137 1543 4191 erant
1572 4150 1593 4191 a
1621 4126 1716 4192 nobis
1747 4126 1899 4213 eligendi,

251 4237 404 4322 quoniam
420 4259 485 4299 non
505 4235 694 4320 interposita
717 4234 871 4319 temporis
895 4231 1061 4312 dilatione,
1085 4255 1199 4296 verum
1224 4232 1350 4299 subitae
1374 4232 1624 4298 necessitudinis
1640 4234 1900 4320 interpellatione

207 4514 232 4553 aa
357 4508 553 4558 3Hincmarto
573 4506 603 4556 P.
677 4507 833 4556 liuvenire
854 4506 883 4555 P.
949 4500 1021 4570 fita]
1041 4523 1070 4556 so
1092 4506 1121 4555 P.
1187 4504 1287 4555 illlaa
1307 4505 1337 4555 Ρ.
1406 4509 1438 4554 13
1459 4506 1683 4556 misserieonlitcr
1701 4515 1847 4556 tracturum
1869 4507 1898 4558 P.

254 4601 285 4646 19
305 4592 360 4662 quil
379 4597 444 4660 quid
465 4596 496 4645 P.
568 4598 601 4645 20
620 4596 813 4645 Vinceneiensi
833 4594 863 4643 P.
930 4597 960 4644 21
983 4597 1066 4660 quipe
1083 4595 1110 4644 P.
1185 4597 1218 4644 22
1239 4596 1373 4644 canoniea
1392 4593 1423 4643 P.
1490 4596 1524 4644 23
1543 4589 1695 4661 scripsisse]
1717 4598 1847 4661 serpsisse
1868 4597 1899 4646 P.

251 4689 284 4735 24
305 4685 407 4735 volenti
429 4687 460 4734 Α.
481 4685 511 4734 P.
585 4687 617 4733 25
637 4684 819 4733 tranmississe
839 4682 868 4732 P.
943 4685 976 4732 26
996 4683 1175 4734 Wemilonem
1196 4683 1226 4733 P.
1298 4685 1330 4734 27
1351 4683 1514 4744 sutirngeum
1535 4682 1564 4731 P.
1632 4687 1665 4733 ‘28
1685 4680 1773 4748 surim]
1792 4701 1849 4736 eum
1870 4685 1900 4735 P.

252 4777 285 4826 29
305 4775 473 4824 canonocice
493 4773 524 4826 P.
579 4772 722 4822 Manantes
736 4799 769 4804 —
783 4773 928 4822 iudicaturi
949 4771 986 4836 (p.
1001 4778 1052 4820 ⁸1⁴
1073 4774 1088 4822 l.
1103 4767 1141 4835 2)]
1158 4790 1244 4822 sensus
1261 4773 1419 4838 aliquatenus
1441 4771 1511 4821 hiare
1530 4773 1635 4828 artetur,
1654 4773 1704 4822 arisi
1721 4774 1842 4838 padam
1860 4793 1899 4824 er·

250 4862 644 4914 dduseoutteaetnmmntilnm
662 4879 711 4910 esse
726 4862 863 4926 putareris.
918 4863 949 4910 31
971 4856 1114 4923 violenter]
1135 4860 1298 4912 colebantur
1318 4861 1347 4911 P.
1403 4863 1436 4911 32
1456 4862 1520 4925 qrria
1533 4857 1649 4922 seilicet}
1670 4861 1777 4912 scilicet
1790 4865 1855 4928 quia
1870 4863 1900 4913 P.

206 5137 233 5175 eo
361 5117 390 5184 1)
415 5116 460 5172 Ile
484 5115 537 5171 lac
561 5134 592 5170 re
615 5114 686 5170 nillil
711 5114 825 5170 alirnrde
853 5123 971 5170 constat.
1082 5114 1112 5182 2)
1144 5114 1217 5170 Otia
1246 5135 1324 5170 anno
1347 5119 1417 5174 851.
1442 5115 1486 5170 die
1508 5119 1559 5172 20.
1584 5115 1685 5171 mensis
1709 5115 1827 5186 diarria·
1858 5118 1899 5187 es.

253 5224 408 5290 Ildnrruler,
442 5224 460 5276 l.
485 5223 503 5276 l.
535 5220 559 5289 I,
584 5225 647 5279 262
678 5241 746 5278 ann.
771 5225 799 5280 1.
915 5220 945 5288 3)
977 5221 1007 5276 V.
1032 5229 1098 5278 acta
1129 5221 1231 5294 synodi
1260 5220 1444 5278 Suessonicae
1474 5241 1552 5279 anno
1582 5225 1654 5280 853.
1685 5241 1777 5279 rrrerrsc
1807 5223 1902 5298 Aprili

252 5329 380 5396 labium
405 5329 505 5385 diensi
523 5328 605 5397 XIV,
625 5333 758 5403 982sqq.
795 5328 829 5384 In
852 5326 1001 5384 acdonel.
1026 5347 1045 5383 a
1062 5327 1214 5403 Siploardo
1237 5327 1440 5384 credidissem
1463 5327 1609 5385 Remcnsis
1632 5328 1763 5385 eeclesiae
1786 5330 1901 5386 nornine

251 5435 407 5492 recitantur
437 5435 609 5502 elericorum,
641 5434 764 5490 Rodoldi
793 5434 925 5502 videlicet,
959 5433 1091 5502 Gislaldr',
1124 5433 1263 5505 ll'ulsudr',
1294 5433 1460 5491 Fredrberti
1489 5454 1525 5491 er
1548 5435 1700 5506 canonicis,
1728 5435 1902 5512 Sipisrnnndr'

252 5563 288 5600 ex
317 5541 486 5599 anonasterio
519 5540 612 5598 sanct'
648 5540 828 5609 Theoderici,
863 5560 898 5596 ea
933 5540 1077 5596 nronnclu's
1107 5549 1197 5596 antem
1233 5541 1267 5597 de
1301 5541 1469 5598 monasterio
1502 5541 1596 5598 saneti
1623 5541 1746 5618 Rrrrn'pr'i
1778 5543 1902 5599 aderant

207 5672 233 5709 ⁴5
253 5649 418 5718 rl'ortuinas,
454 5647 629 5715 Heinrndns,
667 5645 847 5723 linarinyns,
878 5647 993 5714 Anteres,
1037 5647 1215 5714 Tentlandra,
1251 5647 1435 5716 Beroaldus,
1471 5647 1642 5722 liudulphus
1676 5657 1702 5705 et
1735 5649 1899 5723 ll'icpertns.

254 5757 284 5822 4)
316 5756 383 5810 scil.
416 5754 561 5824 ll'alsado,
592 5753 648 5829 qai,
683 5762 714 5809 ut
737 5761 820 5829 potet
848 5773 883 5809 ea
910 5763 965 5810 acl.
990 5753 1014 5809 Ι.
1044 5753 1146 5826 synodi
1174 5755 1318 5822 laudatae,
1353 5761 1409 5809 tuor
1440 5754 1469 5810 in
1503 5754 1673 5810 rnonusterio
1708 5753 1902 5812 suessionensi

252 5861 360 5918 iaccbat
383 5861 519 5937 infirmus.
598 5862 627 5926 ὃ)
653 5860 746 5914 Hodie
769 5861 865 5916 Verre.
942 5855 971 5932 6)
998 5861 1194 5916 Senonensrm.
1277 5851 1307 5934 7)
1338 5860 1535 5916 Turonensern.
1617 5853 1647 5936 8)
1673 5860 1899 5916 Laudanensem.
