4884 6717
691 537 743 594 56.
780 536 1000 594 cosummat
1022 534 1353 602 AQUISGRANENSB
1377 536 1414 591 Α.
1432 534 1508 594 836.
1862 527 1925 591 739

272 737 303 790 et
326 724 521 811 inquirendo
545 726 699 806 inveniet,
732 724 817 811 quod
842 746 891 804 ea,
923 746 1007 810 quae
1030 723 1104 787 Deo
1135 723 1315 788 offerimtur
1344 733 1376 786 et
1399 721 1653 800 sanctificantur,
1684 723 1791 786 iuius
1816 743 1922 785 sacer·

271 832 382 897 dotum
406 831 523 895 cedere
548 830 721 896 iubeantur
744 844 776 895 et
798 853 863 895 uon
888 832 929 894 sit
952 843 1159 894 externorum
1184 829 1283 894 officii
1307 828 1349 893 ad
1373 851 1413 892 ea
1435 828 1594 892 accedere
1610 841 1666 892 aut
1682 829 1859 915 quicquam
1881 849 1924 891 ex

271 938 320 1003 his
344 938 466 1024 aliquid
491 939 681 1024 contingere
704 951 760 1002 aut
783 938 929 1019 auferre3
960 949 992 1001 et
1019 938 1074 1023 qui
1099 936 1160 1002 hoc
1184 937 1294 1001 faeere
1317 935 1534 1022 temptaverit,
1566 957 1652 999 mors
1683 937 1713 999 ei
1737 958 1757 999 a
1779 935 1923 998 Domino

271 1046 495 1126 comminetur,
520 1045 603 1108 sieut
620 1043 721 1109 habes
737 1046 770 1108 in
787 1042 869 1108 libro
885 1044 1044 1108 Levitici:
1070 1043 1112 1109 Si
1132 1047 1204 1130 qaia
1227 1058 1424 1108 enter-aorem
1439 1046 1615 1122 accesserit,
1638 1057 1734 1107 morte
1756 1044 1921 1106 moriatur.
1942 1068 2008 1110 una.
2018 1069 2038 1119 ι,
2046 1067 2081 1108 u.

240 1151 407 1216 sPlenum
431 1173 509 1215 sane
533 1163 582 1215 est
606 1152 811 1230 sacramenti,
836 1150 924 1236 quod
948 1173 1012 1214 non
1036 1149 1115 1214 alibi
1138 1151 1202 1214 nisi
1225 1150 1258 1213 iu
1281 1159 1391 1214 monte
1416 1159 1448 1213 et
1470 1148 1524 1212 lex
1544 1152 1639 1212 datur
1655 1159 1687 1213 et
1703 1147 1923 1212 sanctuarium

271 1259 404 1323 Domini
434 1258 505 1322 lieri
534 1259 721 1345 precipitur.
776 1256 864 1338 Quid
897 1273 1005 1322 autem
1039 1268 1072 1320 et
1104 1257 1158 1322 lex
1193 1267 1226 1321 et
1256 1257 1474 1320 sanctuarium
1506 1267 1539 1319 et
1573 1277 1650 1319 arca
1684 1267 1716 1319 et
1748 1251 1860 1318 tabula
1891 1263 1924 1318 et

272 1375 390 1445 cetera,
416 1386 498 1450 quae
523 1363 568 1427 ibi
591 1364 661 1428 fieri
685 1362 848 1442 iubentur,
873 1363 1067 1449 significent,
1093 1375 1279 1428 sanctorum
1303 1373 1430 1449 patrum
1454 1360 1739 1448 explanationibus
1756 1360 1866 1446 legere
1891 1371 1923 1425 et

271 1493 366 1535 nosse
389 1470 574 1535 volentibus
598 1471 820 1557 copiosissime
843 1470 1007 1557 panditur.

379 1595 539 1659 XXVIII.
580 1594 734 1681 Sequitur
764 1597 797 1658 in
827 1593 912 1678 libro
940 1594 1106 1658 Levitico:
1138 1593 1179 1658 Si
1203 1597 1383 1680 peccaverit
1405 1595 1559 1680 princeps
1589 1606 1618 1656 et
1639 1594 1761 1679 fecerit
1789 1617 1883 1656 renum
1908 1616 2103 1667 emessam.

228 1724 254 1762 ro
266 1704 418 1790 pluribus
435 1727 497 1788 per
521 1705 743 1789 ignorantiam,
774 1703 860 1788 qaod
883 1703 1019 1766 Domini
1047 1703 1111 1788 (eye
1136 1702 1333 1787 prolibatur,
1363 1714 1392 1764 et
1416 1714 1524 1786 posteo
1556 1700 1743 1764 intellexerit
1759 1713 1922 1786 peceatum

271 1835 372 1890 sarira,
397 1811 505 1895 efferet
519 1810 652 1873 boatium
669 1809 818 1874 Domiao.
853 1808 897 1872 Et
919 1808 1021 1871 iufra:
1047 1808 1244 1893 Ropabitque
1260 1830 1325 1893 pro
1349 1831 1383 1871 eo
1406 1806 1553 1870 sacerdos
1577 1820 1606 1870 et
1621 1831 1685 1891 pro
1703 1821 1832 1892 peccato
1856 1808 1924 1870 eius
1941 1830 2044 1880 maio.

271 1941 309 1980 ae
333 1916 506 1980 diaa'tterur
528 1919 565 1980 ei.
603 1914 764 1994 Observa,
781 1914 868 2002 quod
892 1913 1029 2001 quilibet
1052 1924 1161 1978 reatus
1177 1913 1334 2000 principis
1350 1912 1479 1976 nonnisi
1495 1910 1659 1976 oblatione
1675 1912 1819 1975 Domino
1835 1912 1922 1977 faeta

272 2032 305 2085 et
320 2023 465 2086 oratione
485 2021 627 2086 solvatur
650 2021 836 2086 sacerdotis.
876 2021 958 2085 Item
983 2020 1070 2084 idem
1089 2021 1124 2084 in
1140 2018 1272 2084 eodem:
1297 2021 1428 2099 Anima,
1451 2023 1484 2083 si
1498 2022 1711 2106 prevaricare
1735 2022 1924 2084 cerriaom'oa
1943 2044 2044 2094 tasas.

267 2154 329 2215 per
351 2153 488 2194 errorem
513 2133 544 2193 iu
576 2130 636 2208 lata,
666 2154 746 2215 qaae
770 2129 908 2192 Doara'ae
937 2142 1009 2192 sunt
1036 2130 1244 2214 sanctificato,
1269 2129 1460 2213 peccaverit,
1495 2128 1609 2212 offerat
1630 2150 1696 2212 pro
1726 2126 1839 2190 delicto
1868 2151 1925 2190 sato

229 2257 253 2296 rs
272 2236 414 2299 trostmar.
449 2234 494 2299 Et
516 2235 616 2298 infra:
642 2236 822 2322 Ipsumque,
843 2235 929 2320 quod
950 2236 1058 2298 intulit
1073 2235 1193 2313 domui,
1210 2236 1348 2298 restituet
1362 2247 1391 2297 et
1405 2235 1545 2319 quiritatu
1559 2248 1686 2319 partem
1703 2232 1800 2296 addet
1813 2257 1923 2318 supra,
1942 2255 2043 2306 ΜΝ.

272 2343 399 2406 eradens
421 2343 587 2421 sacerdoti,
619 2345 677 2427 qai
697 2343 823 2428 rogabit
839 2365 902 2428 pro
925 2365 977 2421 co;
1007 2355 1036 2405 et
1065 2341 1238 2404 dimittetur
1264 2343 1303 2404 ei.
1351 2338 1387 2403 Si
1418 2340 1527 2403 anima
1557 2339 1758 2402 ceremonias
1789 2338 1924 2401 Domini

272 2449 481 2534 prcuarieans
505 2471 564 2534 per
586 2470 728 2512 errorem
752 2450 784 2511 in
809 2447 868 2526 bis,
894 2469 978 2532 quae
1002 2446 1144 2510 Domino
1168 2445 1370 2510 sanctificata
1393 2456 1478 2523 sunt,
1506 2446 1704 2532 peccaverit,
1736 2445 1922 2531 expiatione

271 2555 450 2619 holocausti
486 2568 518 2618 et
552 2556 696 2619 oratione
726 2553 852 2639 indiget
882 2552 1071 2632 sacerdotis,
1108 2551 1186 2637 quid
1216 2564 1312 2638 putas
1344 2551 1384 2615 de
1415 2553 1525 2615 anima
1554 2550 1620 2632 illa,
1656 2573 1739 2638 quae
1770 2573 1834 2614 non
1866 2573 1926 2636 per

272 2683 425 2743 errorem,
457 2661 513 2725 sed
545 2663 686 2725 scienter
715 2671 748 2725 et
778 2683 837 2746 par
865 2659 1075 2746 cupiditatem
1100 2672 1133 2722 et
1155 2659 1365 2744 pernitiosam
1389 2660 1666 2745 presumptionem
1693 2659 1727 2722 in
1751 2657 1810 2738 his,
1840 2679 1923 2743 quae

227 2791 254 2831 so
273 2769 414 2832 Domino
438 2767 640 2831 sanctificata
664 2779 747 2846 sunt,
771 2779 887 2854 peccat
910 2767 1131 2852 promittitque
1156 2764 1219 2828 sibi
1244 2766 1459 2852 inpunitatem
1483 2776 1516 2829 et
1538 2766 1698 2829 iactanter
1713 2763 1803 2844 dicit,
1827 2765 1855 2828 si
1874 2786 1924 2844 ea,

273 2897 356 2960 quae
381 2874 522 2938 Domino
546 2874 748 2938 sanctificata
771 2886 856 2955 sunt,
880 2872 1050 2937 abstulerit
1073 2872 1187 2959 hisque
1211 2871 1255 2936 ad
1277 2894 1371 2936 suum
1394 2869 1521 2935 libitum
1545 2895 1623 2937 usus
1646 2872 1753 2952 suerit,
1778 2894 1813 2936 se
1836 2870 1924 2936 nullo

272 2980 368 3045 modo
380 3053 381 3058 η
392 2981 556 3067 peecare?

379 3104 558 3168 XXVIIII.
597 3104 679 3168 Item
710 3105 742 3169 in
774 3104 905 3168 eodem:
935 3104 1026 3190 Ignis
1055 3118 1156 3168 autern
1189 3107 1222 3169 ia
1246 3105 1349 3168 altori
1375 3128 1497 3190 semper
1526 3104 1660 3184 ardebit,
1691 3129 1779 3190 quem
1811 3106 1927 3168 autriet
1944 3123 2105 3176 mearam.

272 3214 419 3278 sacerdos
440 3214 598 3277 artbr'cr'eua
621 3213 708 3298 lr‘pua
733 3237 823 3276 moue
850 3236 911 3298 per
933 3211 1074 3297 singulos
1105 3210 1183 3289 dies,
1210 3225 1239 3275 et
1267 3213 1404 3297 inposito
1427 3211 1605 3275 holocausto
1630 3211 1764 3297 desuper
1787 3211 1926 3276 adolebit

228 3342 254 3382 ss
273 3320 386 3406 adipes
406 3322 625 3407 pacificorum.
670 3318 762 3404 Ianus
791 3333 836 3382 est
866 3321 921 3382 aare
941 3332 1121 3404 perpetuas,
1152 3320 1212 3403 qui
1231 3342 1401 3403 numqaum
1426 3317 1550 3404 desiciet
1572 3317 1610 3382 de
1633 3318 1740 3382 altari.
1787 3314 1926 3380 Multum

273 3428 372 3512 igitur
400 3425 482 3490 haee
512 3423 614 3488 verba
645 3424 726 3510 legis
756 3422 1050 3512 praeponderanda
1081 3433 1113 3488 et
1144 3421 1405 3508 pertimescenda
1434 3434 1509 3486 sunt
1541 3423 1601 3504 his,
1638 3423 1694 3509 qui
1724 3421 1810 3486 unde
1841 3423 1926 3507 ignis

274 3545 459 3619 perpetuus,
483 3532 517 3597 id
541 3545 589 3596 est
612 3531 794 3610 luminaria,
819 3532 853 3594 in
876 3529 1020 3595 basilicis
1037 3530 1110 3594 Deo
1135 3528 1251 3593 dicatis
1275 3530 1464 3594 concinnari
1488 3552 1530 3593 ex
1547 3528 1690 3594 fidelium
1708 3527 1926 3594 oblationibus

274 3638 404 3720 debent,
429 3640 556 3703 auferre
580 3649 780 3723 presumunt,
798 3639 961 3724 quoniam,
986 3637 1012 3700 si
1037 3635 1094 3700 filii
1110 3636 1233 3716 Aaron,
1249 3634 1367 3700 Nadab
1387 3645 1419 3700 et
1433 3634 1533 3712 Abiu,
1551 3637 1606 3723 qui
1622 3658 1681 3722 pro
1699 3658 1748 3714 eo,
1765 3635 1850 3721 quod
1868 3658 1928 3722 per

275 3769 364 3811 suam
381 3745 620 3832 neglegentiam
636 3746 732 3830 ignis,
757 3746 812 3830 qui
829 3743 958 3808 iubetur
974 3745 1007 3808 iu
1024 3743 1118 3808 altari
1134 3765 1205 3806 esse
1222 3754 1409 3829 perpetuus,
1435 3744 1599 3807 extinctus
1615 3755 1674 3822 est,
1699 3753 1731 3806 et
1753 3755 1928 3829 propterea

230 3875 257 3914 so
275 3856 383 3939 ignem
406 3853 546 3917 alienum
570 3875 680 3916 coram
704 3851 846 3915 Domino
878 3851 994 3915 offerre
1025 3861 1304 3936 presumpserunt,
1333 3847 1375 3912 ob
1406 3849 1440 3913 id
1471 3850 1546 3934 igne
1577 3871 1709 3935 egresso
1740 3872 1760 3912 a
1784 3849 1926 3913 Domino

275 3961 421 4024 devorati
445 3971 529 4036 sunt,
553 3960 667 4022 merito
692 3997 734 4006 —
759 3958 847 4044 quod
869 3979 934 4021 non
958 3958 1027 4021 sine
1052 3980 1170 4042 magno
1195 3957 1295 4020 animi
1320 3977 1445 4020 merore
1462 3957 1689 4043 prosequimur
1713 3994 1755 4004 -
1779 3954 1926 4020 horribili
1945 3960 2107 4060 ffuffigf'fw'

275 4077 376 4131 morto
406 4064 584 4130 devorandi
616 4075 690 4128 sunt
719 4064 762 4144 hi,
798 4065 853 4149 qui
883 4065 993 4148 ignem
1017 4063 1152 4127 Domini
1183 4063 1217 4126 iu
1248 4061 1393 4126 basilicis
1424 4062 1486 4127 sibi
1517 4062 1633 4126 dicatis
1665 4075 1697 4126 et
1727 4063 1926 4126 consecratis
1964 4067 2040 4116 Μ·

275 4174 430 4238 audacter
453 4173 657 4256 extinguunt.
697 4170 789 4234 Etsi
813 4172 990 4256 quaeritur,
1015 4168 1155 4255 qualiter
1176 4169 1266 4233 illurn
1291 4170 1494 4254 extinguunt,
1519 4169 1725 4233 manifestum
1750 4180 1808 4248 est,
1826 4167 1923 4255 quod,

276 4280 404 4367 quando
429 4301 468 4343 ea
491 4279 651 4358 auferunt,
676 4276 761 4342 uudc
786 4276 888 4340 isdem
913 4277 998 4361 ignis
1021 4276 1164 4340 Domino
1188 4276 1303 4338 nutriri
1328 4272 1436 4352 debet,
1461 4287 1537 4339 tunc
1562 4274 1651 4339 illum
1676 4276 1880 4360 extinguunt.

230 4408 257 4448 ss
383 4385 480 4467 Quod
502 4407 582 4448 vero
606 4383 741 4448 basilice
766 4383 838 4446 Deo
862 4383 990 4447 dicatae
1015 4394 1047 4446 et
1070 4393 1281 4446 consecratae
1305 4380 1378 4444 loca
1403 4383 1467 4445 sint
1491 4380 1613 4463 diviua,
1645 4383 1709 4445 sint
1740 4383 1837 4446 etiam
1861 4381 1927 4445 Dei

276 4493 461 4558 habitacula
485 4505 516 4556 et
540 4490 689 4556 omnibus
713 4492 746 4553 in
771 4489 957 4555 Christiana
981 4489 1138 4574 religione
1163 4486 1417 4552 consistentibus
1440 4487 1592 4574 pavenda
1617 4501 1648 4552 et
1671 4488 1869 4559 veneranda,
1895 4501 1927 4552 et

276 4602 309 4665 in
332 4598 552 4687 superioribus
584 4600 647 4662 iam
677 4597 798 4661 dictum
831 4602 901 4660 est¹
925 4608 958 4660 et
987 4596 1128 4660 hicnon
1153 4594 1194 4659 ab
1218 4617 1253 4658 re
1282 4593 1494 4680 repetendum
1526 4607 1584 4675 est,
1617 4595 1694 4681 quia
1725 4595 1871 4680 sequitur
1894 4596 1928 4658 in

277 4708 390 4772 eodem
414 4706 511 4771 libro:

384 4940 775 5006 xxi'11.1inqnirandot.
855 4938 1075 5004 3aliquidcorr.
1095 4937 1215 5003 aliquem
1235 4938 1272 4989 Μ.
1355 4939 1432 4988 best
1449 4937 1593 4988 dceatBZ’.
1675 4938 1793 4988 Barcha
1812 4937 1872 4989 aa.
1892 4937 1928 4989 Μ.

231 5056 259 5094 to
383 5049 515 5098 xxvrn.
546 5051 578 5098 10
599 5049 708 5098 Domini
734 5042 805 5112 lege]
833 5046 893 5110 lege
918 5047 1028 5096 Domini
1050 5047 1077 5096 C.
1157 5046 1296 5111 proibetur
1322 5044 1347 5094 B
1358 5049 1381 5093 2.
1463 5047 1495 5094 12
1521 5044 1671 5094 dimittatur
1693 5049 1719 5095 t'.
1799 5039 1929 5107 Domino]

278 5139 337 5188 Deo
357 5138 394 5187 Μ.
480 5140 512 5187 13
532 5135 656 5186 salvatur
676 5130 706 5186 L.
728 5136 762 5185 Μ.
849 5131 955 5197 eodem!
977 5134 1039 5183 loco
1058 5134 1118 5184 aaa.
1139 5134 1175 5184 Μ.
1261 5128 1369 5197 Anima]
1389 5149 1457 5198 quaa
1477 5135 1634 5198 peccaverit
1652 5133 1712 5184 aaa.
1732 5134 1769 5185 Μ.
1860 5135 1929 5184 ceri·

278 5221 391 5288 manias]
410 5227 446 5276 ito
467 5226 493 5286 0,
515 5227 684 5276 ceremonias
705 5225 740 5282 Μ,
761 5226 942 5276 caerimonias
961 5224 1015 5274 rell.
1099 5225 1131 5273 15
1151 5224 1262 5287 dampni
1281 5222 1307 5272 B
1317 5225 1341 5271 2.
1425 5224 1457 5272 16
1478 5223 1584 5286 rogarit
1603 5222 1634 5272 L.
1718 5225 1750 5272 18
1770 5217 1859 5288 putas]
1880 5224 1931 5273 erit

276 5315 336 5365 add.
356 5315 421 5365 mod.
441 5333 507 5365 maa.
528 5315 586 5364 Be.
660 5317 689 5364 21
714 5308 789 5377 usus]
808 5315 910 5363 abusus
930 5313 990 5363 132.
1004 5317 1029 5363 3.
1048 5312 1085 5362 Μ.

385 5422 781 5471 xxv1111.2311utriense.
838 5423 871 5470 24
891 5419 1014 5470 adolebit
1034 5419 1128 5485 adipes
1147 5418 1238 5468 desum
1256 5417 1293 5468 Μ.
1349 5419 1383 5468 26
1402 5412 1655 5483 praeponderandal
1675 5419 1851 5483 ponderanda
1870 5418 1931 5468 131.

232 5517 261 5557 ⁴⁶
279 5513 313 5562 28
332 5506 446 5572 auterre]
467 5510 581 5560 otierrae
602 5510 627 5559 B
638 5513 660 5559 2.
740 5510 810 5560 Abiu
829 5525 878 5574 pro
900 5510 1040 5570 Genera,
1061 5509 1153 5557 Habiu
1173 5508 1219 5573 qui
1240 5523 1288 5572 pro
1308 5505 1340 5555 L.
1419 5507 1452 5555 29
1471 5499 1589 5570 iubetur]
1610 5507 1756 5556 iubebatur
1776 5507 1835 5556 112.
1849 5511 1874 5556 3.
1894 5507 1930 5556 Μ.

280 5603 314 5650 30
338 5594 570 5665 presumpserunt]
590 5609 617 5650 et
635 5598 696 5648 adal.
716 5598 775 5648 131.
794 5598 826 5648 L.
846 5598 906 5648 Ba.
920 5603 945 5648 3.
966 5598 1001 5647 Μ.
1094 5599 1128 5646 33
1154 5589 1324 5659 extinguunt]
1352 5595 1389 5644 ita
1410 5597 1436 5645 ζ’.
1457 5594 1493 5652 Μ,
1519 5596 1660 5660 extingunt
1678 5605 1734 5645 cert.
1753 5593 1800 5654 (ita
1818 5593 1931 5661 reatper).

280 5692 313 5740 34
334 5685 377 5754 ea]
397 5687 463 5738 illud
483 5688 541 5738 132.
615 5689 732 5738 Domino
751 5687 817 5737 deest
836 5687 872 5736 Μ.

391 5890 419 5954 1)
446 5886 494 5959 Cf.
519 5907 609 5961 supra
634 5907 656 5942 e.
674 5890 733 5954 24,’
753 5906 785 5961 p.
804 5889 918 5961 736sq.
