4884 6717
726 527 776 585 50.
813 528 1032 585 CONCILIUM
1054 527 1283 584 PARISIENSII
1308 526 1344 583 A.
1365 526 1441 582 829.
1844 523 1907 585 659

258 724 432 795 temporibus
455 743 472 777 a
494 723 640 795 plerisque
665 742 721 779 non
744 726 784 779 sic
808 726 912 780 devote
937 743 969 779 ac
994 724 1124 796 religiose
1149 725 1258 790 colitur,
1282 724 1355 779 sicut
1386 742 1403 778 a
1432 724 1530 794 priscis
1560 723 1708 778 colebatur
1731 723 1906 780 Christianis.

259 831 338 886 Hanc
363 831 460 901 itaque
484 830 552 884 fidei
575 830 712 902 regulam,
737 831 773 886 de
798 848 854 901 qna
877 831 1007 901 superius
1030 830 1156 885 breviter
1180 841 1208 885 et
1232 833 1260 885 in
1277 831 1436 886 memoratis
1452 831 1521 885 actis
1537 830 1728 902 apostolorum
1747 831 1907 902 plenissime

259 939 364 992 dictum
389 946 443 1006 est,
468 937 595 1009 apostoli,
621 937 702 993 immo
733 957 785 1009 per
814 938 957 1009 apostolos
981 935 1109 992 Christus
1140 938 1294 993 tenendam
1324 937 1457 992 fidelibus
1488 938 1607 992 censuit.
1661 937 1690 992 Si
1721 939 1807 1008 igitur
1835 939 1908 994 bane

259 1042 387 1098 Christus
411 1046 518 1109 docuit,
543 1046 625 1098 immo
649 1046 715 1117 quia
737 1046 844 1110 docuit,
876 1051 908 1098 ut
938 1045 1007 1114 quid
1038 1051 1080 1098 tot
1111 1046 1254 1115 tantisque
1289 1045 1431 1115 perversis
1461 1044 1712 1099 consuetudinibus
1747 1045 1782 1098 ad
1812 1053 1908 1100 votum

227 1152 434 1221 squorundam
458 1152 579 1222 repertis
603 1139 833 1223 contempnitur?
881 1149 961 1214 Quae
986 1152 1113 1222 quamvis
1136 1152 1200 1206 Deo
1224 1158 1367 1206 arruuente
1391 1152 1532 1205 veraciter
1562 1151 1744 1222 percipiatur,
1776 1152 1908 1222 operibus

259 1265 353 1313 tarsen
378 1243 395 1311 a
417 1259 559 1312 nonnullis
582 1259 701 1313 diversis
724 1258 887 1330 neglegitur
910 1258 1008 1312 modis.
1056 1258 1093 1311 Et
1118 1258 1169 1312 hoc
1196 1258 1300 1312 idcireo
1332 1258 1468 1311 accidisse
1499 1258 1660 1323 conicimus,
1691 1258 1759 1328 (qnia
1789 1258 1908 1329 inrepsit

260 1366 333 1418 inter
357 1364 492 1435 quosdam
515 1365 628 1419 nimium
653 1365 785 1420 deflenda
808 1365 995 1430 consuetudo,
1019 1365 1066 1435 qui
1090 1365 1189 1435 utique
1213 1363 1324 1436 legibus
1348 1365 1459 1430 divinis,
1484 1365 1586 1435 quibus
1609 1383 1640 1419 sc
1665 1383 1716 1435 per
1738 1364 1824 1419 tidem
1840 1365 1907 1419 sub·

259 1471 402 1536 diderunt,
427 1489 483 1526 non
507 1479 538 1525 ut
560 1479 673 1543 oportet
696 1473 907 1538 animadversis,
933 1472 1007 1543 qnod
1031 1470 1102 1526 libet
1127 1478 1157 1525 ct
1179 1470 1288 1526 licitum
1312 1489 1368 1524 nou
1392 1478 1447 1538 cst,
1472 1471 1522 1524 scd
1548 1479 1576 1524 ct
1600 1472 1640 1536 id,
1664 1472 1835 1542 quodlicet,
1852 1489 1907 1526 non
1926 1479 2042 1572 ethi-gor.

259 1584 351 1632 tamen
376 1579 502 1650 expedit,
527 1579 620 1649 Iegem
643 1579 696 1632 sibi
720 1579 828 1633 iaciunt
854 1585 884 1634 et
900 1579 1055 1632 secundum
1079 1578 1117 1644 id,
1143 1579 1219 1648 quod
1242 1578 1352 1632 libitum
1377 1577 1474 1644 fuerit,
1498 1578 1594 1633 vivere
1618 1596 1649 1632 ec
1673 1596 1756 1649 posse
1781 1579 1906 1650 inculpa·
1968 1561 1973 1582 ⁹
2009 1565 2014 1573 ’

215 1683 355 1743 rabiliter
378 1685 507 1739 crodunt.
553 1675 615 1739 His
638 1677 685 1739 ita
708 1677 894 1762 praemissis
918 1697 1052 1739 necesse
1077 1685 1136 1751 est,
1160 1685 1195 1739 ut
1218 1675 1439 1761 unusquisque
1463 1673 1568 1739 fidelis
1592 1674 1773 1761 penetralia
1800 1675 1908 1740 cordis

259 1781 307 1843 sui
324 1783 458 1846 rimetur
478 1792 519 1862 et,
544 1783 570 1846 si
595 1782 692 1847 tidem
709 1781 839 1863 Christi,
865 1805 962 1870 quam
986 1783 1142 1868 percepit,
1167 1780 1322 1866 operibus
1345 1804 1410 1845 non
1434 1793 1580 1862 exornat,
1604 1783 1702 1867 pacti,
1727 1782 1814 1868 quod
1834 1806 1908 1846 cum

259 1887 332 1951 Deo
348 1888 382 1950 in
399 1886 592 1974 baptismate
609 1889 687 1953 feeit
698 1896 718 1970 ¹,
743 1911 778 1952 se
802 1890 1096 1975 praevaricatorem
1121 1910 1192 1952 esse
1217 1899 1403 1973 cognoscat.
1442 1888 1530 1952 Dum
1555 1911 1632 1972 ergo
1656 1899 1783 1974 tempus
1800 1888 1908 1968 habet,

260 1992 380 2057 Christi
404 1993 578 2059 adiuvante
602 1997 707 2080 gratia
730 1997 817 2059 viam
841 1996 953 2060 salutis
979 2017 1044 2059 non
1068 1992 1177 2059 verbis
1208 2005 1344 2074 tantum,
1373 1995 1432 2060 sed
1463 1993 1615 2082 operibus
1646 2005 1781 2081 repetat.
1836 1995 1908 2060 Non

260 2122 338 2187 ergo
363 2102 477 2165 mirum
501 2111 559 2183 est,
584 2103 612 2166 si
636 2125 746 2167 mucro
770 2102 899 2167 divinus
923 2112 1094 2183 crassatur,
1118 2100 1175 2166 ubi
1198 2100 1279 2165 fides
1304 2101 1422 2166 Christi
1448 2125 1512 2165 nou
1535 2102 1707 2183 veraciter,
1731 2101 1788 2166 sed
1812 2104 1907 2166 simu·

216 2238 241 2277 rs
260 2205 366 2271 lenter
389 2219 525 2272 tenetur.
573 2208 710 2296 Semper
733 2211 821 2274 enirn
844 2209 982 2273 dicimus
1006 2231 1064 2272 nos
1088 2208 1195 2272 Deum
1219 2208 1303 2272 velle
1328 2231 1484 2295 quaerere
1510 2220 1542 2272 et
1569 2208 1609 2272 de
1640 2209 1822 2295 praeteritis
1853 2208 1908 2273 ad·

261 2315 365 2378 missis
389 2313 430 2379 ab
455 2337 493 2380 eo
517 2317 647 2380 veniam
670 2317 832 2403 postulare
858 2326 889 2381 et
912 2316 1094 2396 mentimur,
1119 2317 1197 2402 quia
1224 2314 1311 2402 quod
1342 2315 1478 2380 dicimus
1503 2314 1681 2401 adimplere
1710 2314 1906 2396 differimus3

261 2420 380 2485 cotidie
410 2423 508 2486 etiam
538 2421 675 2487 dicimus
699 2424 786 2487 viam
809 2423 885 2504 Dei,
910 2445 931 2486 a
953 2445 1017 2509 qua
1040 2422 1209 2508 peccando
1241 2421 1506 2502 exorbitavimus,
1537 2444 1596 2485 nos
1626 2443 1783 2507 quaerere
1813 2421 1908 2504 velle,

261 2551 320 2614 per
354 2550 451 2614 quarn
486 2528 529 2592 ad
559 2529 668 2594 Deum
703 2541 904 2594 revertamur
942 2568 978 2578 -
1016 2541 1048 2594 et
1078 2529 1171 2593 Deus
1205 2551 1277 2592 eam
1313 2529 1428 2592 stravit
1462 2529 1495 2592 iu
1531 2539 1707 2613 conspectu
1742 2527 1908 2593 oculorum

260 2647 441 2699 nostrorum
473 2674 516 2683 -
546 2647 578 2699 et
609 2658 668 2723 per
697 2658 770 2700 eam
800 2635 927 2720 ingredi
962 2637 1229 2722 contempnimus,
1284 2635 1365 2716 Quis
1400 2636 1525 2698 ratione
1560 2646 1653 2699 utens
1687 2635 1816 2719 ignorat
1850 2657 1908 2697 nos

215 2773 242 2810 so
260 2740 379 2806 debere
404 2763 533 2829 semper
555 2743 681 2829 potiora
705 2742 825 2829 eligere
849 2753 882 2806 et
904 2741 1020 2806 viliora
1043 2743 1300 2829 contempnere?
1339 2742 1488 2806 Diversis
1505 2743 1626 2829 quippe
1646 2741 1755 2805 divine
1776 2740 1907 2805 ultionis

261 2847 408 2914 cladibus
432 2850 547 2914 merito
577 2861 707 2914 nostrae
738 2831 917 2935 iniquitatis
945 2848 1123 2913 adterimur
1152 2861 1184 2913 et
1215 2848 1257 2913 ad
1288 2872 1371 2924 cum,
1403 2871 1423 2912 a
1453 2871 1517 2934 quo
1547 2849 1756 2934 percutimur,
1787 2849 1907 2912 reverti

261 2957 529 3042 contempnimus,
553 2955 767 3043 adimplentes
790 2955 870 3020 illud
893 2954 1134 3042 propheticum:
1160 2957 1203 3020 Er
1220 2958 1361 3043 populas
1390 2981 1450 3020 uon
1483 2971 1526 3020 est
1557 2981 1697 3020 resersus
1726 2956 1772 3019 od
1797 2980 1908 3041 perca
1928 2974 2028 3025 uara

237 3053 380 3126 'rientem
410 3088 443 3128 se
473 3077 501 3128 et
530 3063 700 3128 Dominum
733 3067 921 3128 exercituum
954 3087 1012 3127 non
1044 3066 1267 3149 esqsrrsa'eruut.
1314 3061 1503 3126 Verendrmr
1533 3083 1629 3147 porro
1660 3062 1737 3126 satis
1768 3073 1832 3141 est,
1868 3083 1908 3124 ue

261 3166 353 3231 nobis
383 3170 478 3232 toties
509 3169 693 3233 aDomino
724 3192 783 3255 per
812 3169 934 3255 legales
966 3179 997 3232 et
1032 3169 1238 3256 propheticas
1273 3180 1369 3255 atque
1406 3168 1613 3254 evangelicas
1647 3178 1680 3232 ct
1714 3167 1908 3254 apostolicas

215 3302 242 3340 ss
262 3272 519 3340 denuntiationes
543 3277 612 3339 sive
637 3278 902 3341 comminationes
926 3274 1099 3340 admonitis
1124 3287 1156 3339 et
1178 3275 1350 3361 flagellatis
1374 3286 1407 3339 et
1430 3274 1472 3340 ad
1487 3275 1595 3339 Deum
1620 3276 1781 3339 veraciter
1800 3273 1907 3338 redire

261 3381 563 3467 contempnentibus
593 3382 672 3447 illud
702 3383 834 3447 tandem
864 3383 1044 3469 proveniat,
1076 3382 1163 3469 quod
1193 3381 1395 3447 Israhelitico
1425 3381 1555 3469 populo,
1583 3381 1749 3468 prophetis
1773 3380 1907 3445 Domini

261 3485 425 3551 insultanti
449 3501 482 3552 et
502 3488 544 3553 ad
560 3489 667 3553 Deum
693 3491 811 3554 reverti
834 3491 1087 3576 contempnenti,
1111 3490 1270 3575 provenit,
1295 3512 1432 3575 quorum
1456 3488 1643 3575 iniquitates
1664 3487 1824 3552 Dominus
1852 3487 1907 3551 diu

260 3593 420 3678 patienter
442 3594 574 3681 pertulit
597 3608 629 3660 et
652 3595 695 3660 ad
719 3609 899 3661 extremus
923 3595 973 3660 bis
997 3597 1164 3683 propitiari
1187 3594 1301 3660 nolens
1326 3618 1381 3660 eos
1405 3597 1437 3658 in
1461 3594 1658 3659 Assiriorum
1683 3595 1906 3680 captivitatem

260 3700 399 3785 migrare
423 3702 578 3787 perruisit.
625 3702 742 3767 Assirii
766 3726 905 3790 namque
930 3703 1084 3767 demones
1108 3703 1294 3788 significant
1325 3712 1357 3765 et
1387 3704 1660 3788 interpraetentur
1689 3702 1905 3787 captivitates.
1926 3723 2085 3772 causaue

215 3835 242 3874 ao
261 3805 356 3871 Unde
380 3809 457 3872 satis
481 3809 654 3894 vigilanter
677 3809 913 3896 providendum
938 3821 996 3890 est,
1021 3831 1062 3873 ne
1090 3810 1172 3872 sicut
1203 3807 1250 3872 illi
1280 3806 1491 3894 corporaliter
1520 3809 1565 3871 ita
1596 3829 1664 3891 nos,
1695 3807 1783 3894 quod
1813 3805 1907 3888 absit,

260 3913 447 3998 spiritaliter
470 3917 502 3979 in
527 3938 637 3980 eorum
661 3906 872 3982 deveniamus
896 3917 1127 4003 captivitatem.

366 4059 449 4142 (62).
497 4055 599 4143 Cap.
621 4057 713 4121 VIII.
760 4057 877 4138 Quod
900 4059 1105 4144 potestati
1132 4057 1772 4143 regali,quaenonniaiaDeo
1797 4056 1906 4120 ordi-

259 4173 369 4225 nata
411 4174 503 4246 est,
544 4164 796 4229 humiliter
836 4176 978 4250 atque
1020 4163 1251 4228 fideliter
1292 4165 1455 4228 cuncti
1495 4187 1664 4250 parere
1699 4162 1908 4227 debeant

260 4266 483 4333 subiecti.
530 4268 689 4334 Constat²
711 4281 903 4357 potestatem
927 4270 1069 4356 regalem
1094 4268 1243 4334 omnibus
1268 4268 1330 4333 sibi
1354 4269 1509 4335 subiectis
1533 4270 1710 4334 seeundum
1734 4271 1906 4356 aequitatis

218 4403 243 4442 rs
260 4373 406 4440 ordinem
431 4377 612 4442 consultum
636 4378 720 4442 ferre
745 4377 882 4458 debcrc;
911 4377 1089 4441 etidcirco
1114 4388 1250 4463 oportet,
1274 4388 1310 4442 ut
1334 4399 1445 4440 omnes
1469 4374 1606 4441 subiecti
1629 4375 1769 4440 fideliter
1792 4389 1824 4441 et
1847 4379 1906 4441 uti·

260 4480 333 4545 liter
356 4492 452 4569 atque
477 4481 688 4550 oboedienter
711 4484 817 4549 eidem
841 4495 977 4571 pareant
1006 4485 1168 4571 potestati,
1200 4484 1353 4570 quoniam
1384 4487 1443 4570 qui
1456 4486 1609 4570 protestati
1628 4511 1647 4546 a
1673 4484 1740 4546 Deo
1764 4484 1907 4547 orrlr'nute
1925 4507 2085 4556 uouisse

262 4592 378 4654 resistit
400 4590 467 4655 Ilei
489 4595 592 4678 utique
616 4593 822 4670 ordinationi.
846 4593 938 4654 iuxta
961 4590 1097 4676 apostoli
1123 4589 1363 4670 documentum,
1388 4593 1513 4655 resistit.
1551 4589 1643 4653 Sicut
1659 4591 1744 4652 onim
1768 4588 1905 4652 subiecti

260 4717 280 4756 a
303 4717 379 4780 rege
403 4695 467 4760 sibi
490 4697 602 4762 volunt
625 4699 678 4784 pie
703 4709 735 4762 et
758 4699 840 4762 iuste
866 4695 1026 4782 opitulari,
1057 4698 1103 4760 ita
1127 4695 1313 4782 specialiter
1336 4698 1365 4759 ei
1390 4697 1528 4782 primum
1552 4695 1595 4759 ad
1619 4695 1754 4758 sulutem
1778 4696 1906 4759 animae

260 4822 338 4865 suae
362 4804 610 4888 procurandam,
634 4803 752 4868 deinde
776 4802 973 4888 generaliter
996 4802 1038 4866 ad
1061 4803 1264 4867 honestatem
1288 4812 1320 4866 ot
1342 4802 1512 4867 utilitatem
1536 4803 1629 4886 regni
1646 4801 1824 4865 secuudum
1841 4801 1905 4864 Dei

214 4938 242 4974 co
260 4906 459 4974 voluntatem
483 4910 719 4998 disponendam
743 4924 841 4997 atque
865 4908 1155 4974 administrandam
1186 4907 1463 4973 indissimulanter
1493 4921 1589 4995 atque
1620 4907 1906 4972 inretractabiliter

260 5012 409 5080 solatium
444 5029 638 5104 oportunum
673 5017 793 5083 debent
828 5016 993 5081 exhibere.
1048 5016 1144 5096 Quod
1175 5038 1249 5079 cum
1280 5015 1413 5098 faciunt,
1450 5027 1482 5079 et
1517 5015 1662 5080 divinum
1697 5027 1906 5101 praeceptum

261 5120 438 5209 adimplere
464 5134 496 5188 et
519 5124 616 5189 fidem
640 5126 710 5211 regi
735 5123 878 5189 debitam
909 5122 1078 5187 evidenter
1108 5121 1287 5208 probantur
1310 5143 1515 5186 conservare.
1570 5120 1803 5186 Huiuscemodi
1828 5143 1906 5205 ergo

261 5226 451 5316 obsequium
483 5254 503 5296 a
533 5230 686 5297 subiectis
721 5234 831 5316 regiae
865 5231 1017 5317 potestati
1051 5228 1184 5315 inpendi
1220 5226 1340 5292 debere
1376 5239 1408 5292 et
1440 5228 1558 5314 legalia
1589 5239 1765 5314 praecepta
1795 5239 1906 5314 aperte

366 5486 430 5535 VII.
459 5489 474 5535 4
498 5486 741 5550 consuetudinibus
761 5485 787 5535 Γ.
878 5487 894 5534 9
920 5500 949 5535 se
971 5484 1037 5534 deest
1057 5477 1085 5534 Ρ.
1179 5484 1209 5533 li
1237 5477 1300 5546 Dei]
1326 5476 1434 5533 Domini
1462 5476 1491 5533 P.
1582 5485 1615 5534 25
1642 5483 1857 5534 denuntiationis
1880 5482 1906 5532 Γ.

215 5591 243 5629 45
262 5576 294 5626 29
313 5576 416 5640 Assyrii
438 5568 467 5628 P.

368 5663 445 5714 VIII.
475 5666 509 5714 42
530 5663 710 5714 Huisceurodi
730 5657 761 5712 Ρ.
835 5666 869 5714 43
889 5663 1031 5728 potestatis
1052 5662 1079 5711 Γ.

371 5882 400 5948 1)
426 5879 474 5952 Cs.
498 5901 587 5957 supra
606 5903 638 5957 p.
657 5885 715 5941 615
731 5903 773 5957 sp.
799 5902 821 5937 c.
841 5887 868 5936 a.
961 5879 992 5948 2)
1018 5879 1066 5950 Cf.
1091 5878 1179 5935 Iorroa
1202 5878 1309 5944 Aurei,
1335 5877 1380 5935 De
1403 5877 1571 5935 instinctione
1593 5879 1673 5954 repis
1697 5899 1720 5936 c.
1737 5883 1766 5939 8.

1645 5996 1695 6050 83*
