4884 6717
533 443 602 512 170.
974 450 1026 509 ct.
1063 448 1283 509 conculam
1306 447 1586 512 CARISIACENSE
1610 451 1647 506 A.
1669 448 1745 510 838.

531 660 598 703 non
621 636 726 704 solum
748 659 800 702 me
825 636 987 704 detentis
1017 637 1096 702 viris
1126 636 1161 701 id
1191 636 1327 703 credere
1352 636 1541 705 ,nullatenus
1571 659 1679 724 posse,
1709 636 1769 702 sed
1798 636 1897 702 etiam
1925 637 2013 724 quod
2035 637 2115 703 mihi
2138 639 2186 704 in·

392 744 514 850 ‘¹332‘-
533 744 642 831 digno,
667 746 723 832 qui
747 768 818 809 sum
843 746 934 810 canis
957 755 1103 810 mortuus
1128 754 1160 808 et
1182 743 1285 830 pulex
1308 745 1474 830 exiguus}
1488 753 1554 812 tres
1584 745 1674 831 prius
1696 742 1828 830 digitos,
1860 742 1979 830 quihus
2002 743 2185 828 scribimus,

533 851 690 917 radicitus
713 853 874 938 amputari
890 851 1020 932 vellem,
1044 873 1143 938 quam
1163 874 1289 917 errores
1312 849 1536 920 huiuscemodi
1559 872 1676 916 manus
1698 852 1851 937 propriae
1875 848 2115 938 subscriptione
2133 851 2185 916 fir·

532 982 666 1025 marem.
700 957 824 1023 Addidi
848 959 958 1035 etiam,
982 958 1080 1045 quod,
1104 958 1132 1022 si
1154 956 1231 1022 libri
1252 956 1301 1021 illi
1323 958 1357 1024 in
1380 955 1466 1030 bono
1491 956 1629 1024 concilio
1652 956 1774 1022 fuerint
1797 956 1935 1022 discussi
1958 968 1991 1023 et
2006 957 2186 1040 diiudicati,

533 1075 628 1130 erunt
659 1064 773 1153 procul
804 1062 903 1129 dubio
934 1063 1208 1130 anathematizati.
1256 1063 1357 1144 Quos
1370 1064 1479 1134 etiam
1507 1065 1718 1150 corepiscopo
1748 1062 1909 1129 ecclesiae
1938 1074 2068 1129 nostrae
2097 1063 2219 1130 veluts

532 1172 629 1237 valde
653 1171 748 1237 utiles
772 1170 922 1236 omnibus
945 1172 1039 1235 iussit
1061 1169 1297 1254 transcribere,
1328 1187 1409 1257 quos
1440 1193 1515 1238 cum
1538 1192 1600 1256 ego
1623 1192 1666 1235 cx
1689 1180 1781 1257 parte
1809 1170 1919 1256 aliqua
1941 1170 2131 1256 relegissem
2155 1182 2187 1236 et

533 1279 712 1344 mendaciis
746 1277 860 1365 plenos
891 1277 1178 1364 deliramentisque
1207 1277 1374 1359 vidissem,
1410 1276 1598 1344 dehortatus
1628 1300 1710 1359 sum,
1745 1299 1786 1341 ne
1821 1277 1883 1342 hoc
1917 1279 2047 1364 penitus
2082 1277 2185 1360 fieret,

533 1384 699 1471 librosque
730 1408 789 1449 suc
819 1384 1007 1472 quantotius
1038 1385 1163 1449 auctori
1192 1383 1411 1454 restituendos
1442 1382 1611 1464 admonui,
1645 1394 1795 1448 metuens
1829 1382 1997 1466 videlicet,
2032 1406 2074 1448 ne
2109 1405 2186 1449 oves

534 1491 666 1576 Christi,
697 1490 731 1555 id
761 1502 811 1556 est
840 1489 1005 1579 simplices
1036 1513 1176 1578 quoque,
1207 1511 1251 1555 ex
1279 1512 1391 1558 eorum
1421 1489 1561 1556 lectione
1592 1489 1753 1577 quaedam
1782 1490 1962 1556 vanissima
1991 1492 2186 1556 curiositatis

534 1597 663 1662 scabies
693 1610 884 1683 aspergeret
907 1608 940 1662 et
962 1596 1113 1663 ardentes
1136 1596 1277 1684 papulae
1299 1597 1365 1661 diri
1388 1598 1508 1664 erroris
1531 1607 1718 1663 exurerent.
1765 1596 1892 1683 Collegi
1920 1608 2029 1663 autem
2052 1599 2124 1683 ipse
2147 1619 2187 1661 ac
2207 1620 2234 1660 ro

534 1704 658 1790 digessi
680 1706 714 1768 in
738 1703 885 1772 ordinem
909 1705 1113 1791 propriisque
1144 1702 1350 1772 sermonibus
1378 1703 1543 1790 explicavi
1565 1702 1729 1786 nonnulla,
1761 1725 1845 1790 quae
1872 1704 1907 1767 in
1930 1703 2076 1789 generali
2098 1726 2187 1790 pres·

534 1810 723 1898 byterorum
742 1811 879 1878 concilio
895 1812 1073 1897 proposuit,
1098 1809 1261 1892 disseruit,
1278 1809 1528 1894 commendavit,
1553 1832 1595 1875 ex
1612 1809 1731 1896 quibus
1747 1812 1817 1876 eius
1831 1811 1960 1875 vanitas
1977 1812 2187 1898 contemptui,

533 1919 632 1986 immo
656 1919 856 1983 execrationi
879 1928 1000 2004 pateat

643 2024 710 2091 Sed
732 2047 774 2089 ne
798 2026 871 2111 quis
894 2047 946 2089 me
970 2023 1054 2088 falsa
1076 2034 1168 2110 putet
1195 2046 1353 2105 asserere,
1384 2026 1496 2089 veniat
1524 2022 1609 2089 liber
1631 2023 1716 2088 illius
1738 2025 1773 2087 in
1796 2023 1939 2092 medium
1963 2033 1996 2088 et
2018 2022 2187 2089 feditatem

535 2134 585 2197 sui
608 2131 739 2219 publice
764 2130 947 2217 legentibus
973 2141 1071 2217 atque
1095 2129 1303 2195 audientibus
1326 2129 1516 2214 denudabit,
1548 2153 1591 2196 ex
1614 2153 1678 2219 quo
1702 2141 1735 2195 et
1756 2131 1830 2213 ista,
1860 2153 1944 2219 quae
1968 2132 2186 2198 sincerissimo
2206 2159 2232 2202 n

535 2239 678 2306 examini
701 2249 809 2302 vestro
833 2238 1045 2303 diiudicanda
1068 2238 1180 2319 offero,
1203 2238 1374 2302 verissime
1399 2236 1518 2302 abillo
1541 2237 1669 2325 prolata
1684 2236 1874 2325 probabitis,
1899 2260 1973 2302 cum
1996 2237 2062 2302 illic
2087 2237 2187 2302 multa

535 2346 700 2409 insaniora
721 2345 877 2431 legeritis.
1827 2405 1830 2410 .

642 2452 758 2518 Testes
788 2451 1008 2538 sunthorum
1032 2452 1246 2539 corepiscopi,
1277 2462 1377 2517 testes
1408 2451 1639 2534 archidiaconi,
1670 2460 1769 2516 testes
1799 2473 1922 2533 omnes,
1953 2451 2024 2537 qui·
2039 2451 2186 2533 aderant,

534 2558 718 2647 presbyteri
740 2557 990 2644 Lugdunenses,
1021 2582 1041 2623 a
1065 2557 1183 2645 quibus
1206 2558 1288 2626 haec
1312 2559 1465 2623 contiuuo
1488 2558 1584 2622 irrisa
1606 2580 1646 2622 ac
1670 2556 1850 2645 repudiata,
1878 2558 1976 2624 immo
2000 2556 2132 2644 plancta
2155 2568 2188 2623 et

533 2666 661 2754 plorata
690 2666 840 2751 cognovi,
873 2688 947 2729 cum
978 2665 1097 2734 divinis
1128 2667 1250 2730 assueti
1279 2664 1410 2730 fluentis
1440 2663 1481 2730 de
1511 2663 1631 2730 lacuna
1645 2663 1818 2748 ,lutulenta
1844 2663 1958 2730 bibere
1982 2675 2186 2750 cogerentur,
2204 2694 2231 2734 so

361 2801 514 2850 seusam
534 2783 773 2839 murmurantes
803 2774 837 2836 in
866 2773 1065 2859 nequissimo
1096 2794 1181 2858 pane
1212 2771 1392 2854 doctrinae,
1423 2770 1464 2835 de
1496 2793 1559 2857 quo
1584 2769 1824 2836 ecclesiasticus
1847 2770 1990 2858 loquitur
2011 2770 2116 2836 iiber:
2147 2771 2186 2836 In

533 2884 724 2968 nequissimo
743 2906 829 2968 pune
851 2882 1063 2945 murmurabit
1084 2883 1196 2945 ciratus
1219 2895 1248 2945 et
1269 2882 1477 2944 testimonium
1500 2880 1658 2963 nequitiae
1681 2880 1773 2943 illius
1795 2903 1902 2943 uerum
1925 2892 1986 2961 est,
2017 2900 2080 2942 nec
2107 2900 2186 2942 vero

377 3013 515 3065 amaran
533 2986 588 3051 ille
612 2986 724 3051 divina
747 2986 852 3070 docet,
883 2986 942 3053 sed
974 3009 1034 3051 sua
1064 2988 1238 3051 concinnat
1265 2996 1298 3051 et
1319 2984 1461 3050 fabricat
1483 2996 1516 3051 et
1538 2986 1632 3050 iuxta
1655 2982 1863 3053 Salomonem
1886 2988 1921 3050 in
1942 2985 2186 3050 similitudinem

534 3096 637 3160 orioli
657 3109 685 3160 et
707 3097 891 3162 coniectoris
913 3098 1058 3160 aestimat
1080 3095 1166 3181 quod
1187 3096 1322 3181 ignorat.

383 3226 515 3278 ranas.
643 3199 829 3266 Succurrite
853 3202 961 3286 igitur,
985 3213 1094 3287 patros
1110 3200 1259 3286 piissimi,
1284 3199 1465 3266 succurrite
1481 3196 1652 3263 animabus
1668 3198 1803 3280 nostris3
1828 3199 1985 3264 modicum
2009 3200 2095 3264 enim
2112 3200 2186 3287 fer·
2204 3222 2232 3263 ss

536 3322 668 3374 ructatum
693 3322 785 3373 toturn
809 3332 944 3373 mussant
970 3309 1153 3394 corrumpit,
1181 3318 1213 3369 et
1242 3306 1335 3370 iuxta
1358 3305 1523 3392 quendam
1547 3317 1672 3392 patrem
1696 3305 1887 3390 antiquum¹
1911 3306 1939 3369 si
1962 3304 2042 3392 quid
2064 3306 2100 3369 in
2121 3304 2186 3370 fide

535 3414 609 3479 falsi
632 3412 821 3495 admittitur,
846 3414 945 3478 intrat
967 3412 1104 3500 putredo
1129 3411 1169 3477 de
1193 3434 1321 3478 veneno
1345 3414 1516 3498 serpentis,
1546 3421 1725 3478 nascuntur
1754 3434 1883 3476 vermes
1913 3413 2130 3498 corruptionis
2153 3422 2186 3476 et

535 3520 616 3585 nihil
639 3522 802 3605 integrum
825 3518 1015 3583 remanebit.
1062 3519 1170 3582 Testis
1194 3530 1245 3584 est
1267 3518 1346 3584 mihi
1370 3519 1574 3605 omnipotens
1597 3518 1701 3602 Deus,
1732 3519 1809 3605 quia
1837 3518 1920 3582 haec
1949 3541 2016 3583 non
2044 3518 2187 3604 impulsu

535 3625 724 3691 iracundiae
744 3637 909 3712 tamquam
925 3625 1031 3691 laesus
1055 3648 1231 3711 exaggero,
1256 3648 1340 3712 quae
1364 3624 1407 3692 ab
1431 3626 1501 3711 ipso
1525 3627 1634 3692 statim
1658 3626 1803 3707 exordio,
1828 3624 1904 3690 dum
1925 3623 2033 3690 adhuc
2049 3648 2084 3690 se
2107 3624 2185 3691 mihi

535 3743 711 3817 utcumque
735 3730 923 3797 blandulum
947 3731 1126 3814 exhiberet,
1157 3731 1267 3797 dolere
1291 3755 1330 3798 ac
1354 3731 1508 3798 detestari
1533 3735 1637 3820 coepi,
1667 3755 1729 3797 nec
1753 3732 1883 3798 divinae
1908 3732 2106 3798 ordinationi
2128 3754 2185 3796 seu
2204 3755 2233 3796 so

534 3838 695 3925 imperiali
720 3839 794 3925 piae
816 3840 1006 3926 provisioni,
1031 3837 1119 3924 quod
1142 3838 1196 3903 ille
1219 3838 1330 3904 forsan
1352 3840 1488 3923 iactitat,
1513 3840 1602 3904 velut
1625 3837 1756 3904 rebellis
1779 3840 1934 3922 existens,
1959 3862 2032 3904 cum
2055 3839 2187 3920 idmea

536 3947 698 4032 exiguitas
722 3968 784 4010 nec
808 3946 950 4030 cogitare
974 3967 1128 4030 umquam
1150 3947 1280 4032 poterit,
1312 3946 1370 4011 sed
1394 3947 1512 4010 erroris
1536 3945 1610 4010 odio
1634 3955 1667 4010 et
1690 3967 1799 4010 amore
1822 3945 1981 4025 veritatis,
2007 3946 2185 4010 aecclesiae

536 4075 665 4140 quoque
689 4052 801 4117 matris
825 4073 916 4115 meae
940 4050 1129 4118 vulneribus
1154 4051 1340 4134 condolens,
1372 4053 1464 4117 cuius
1495 4051 1649 4117 uberibus
1680 4051 1721 4116 ab
1745 4052 1884 4116 infantia
1913 4051 2010 4116 alitus
2040 4074 2122 4134 sum,
2152 4052 2187 4114 in

536 4182 601 4247 qua
624 4170 657 4224 et
680 4158 967 4223 administrationis
991 4156 1098 4222 locum
1122 4169 1155 4221 et
1177 4157 1345 4224 doctrinae
1369 4181 1408 4223 ac
1432 4157 1685 4245 praedicationis
1710 4159 1853 4223 officium
1869 4157 2023 4244 indignus
2042 4158 2185 4223 exercui.

535 4264 633 4331 Certe
656 4266 766 4330 vivam
790 4287 851 4352 ego
875 4266 1103 4351 egentissimus
1126 4264 1180 4329 vel
1203 4266 1301 4330 otiam
1331 4267 1461 4346 moriar,
1493 4265 1520 4329 si
1548 4265 1672 4351 placet:
1704 4276 1830 4330 tantum
1853 4275 1965 4351 pateat
1987 4264 2105 4329 vulnus
2127 4287 2185 4352 pu·
2204 4286 2233 4328 ss

535 4372 665 4455 tridum,
689 4383 801 4460 pateat
823 4373 931 4436 sanies
954 4371 1096 4459 putrida,
1127 4384 1159 4436 et
1182 4393 1306 4453 omnes,
1337 4374 1393 4458 qui
1417 4372 1479 4437 hoc
1503 4370 1675 4438 tabescunt
1698 4374 1859 4459 contagio,
1890 4371 1984 4437 vobis
2008 4371 2185 4459 opitulante

535 4479 666 4545 Christo
690 4478 939 4559 medicantibus,
963 4480 1056 4565 gravi
1078 4489 1235 4544 vaeterno
1260 4477 1407 4565 depulsa,
1431 4489 1542 4566 optata
1565 4478 1731 4565 gaudeant
1753 4481 1902 4544 sanitate.

643 4637 650 4651 .
676 4636 684 4649 .
710 4635 717 4650 .
742 4586 902 4651 Dominus
926 4587 1013 4650 enirn
1037 4597 1147 4651 noster
1168 4586 1262 4650 Iesus
1286 4583 1444 4668 Christus,
1475 4588 1531 4673 qui
1561 4597 1611 4652 est
1633 4608 1730 4650 verus
1761 4598 1793 4651 et
1818 4586 1951 4667 veritas,
1981 4586 2186 4650 verissimum

396 4717 515 4768 ronam.
535 4694 680 4780 corporis
704 4705 737 4758 et
760 4694 927 4780 sauguinis
951 4693 1001 4758 sui
1025 4693 1216 4781 mysterium
1240 4693 1274 4756 in
1298 4693 1468 4779 evangelio
1493 4715 1657 4781 exponere
1682 4692 1834 4779 dignatus
1862 4693 1922 4758 ait:
1952 4694 2067 4775 Arnen,
2096 4716 2187 4758 omen

535 4801 607 4865 dico
637 4803 744 4866 rodis:
773 4803 842 4866 arsi
868 4801 1137 4866 inanduccteritis
1166 4824 1293 4865 curnem
1312 4801 1388 4887 fita·
1414 4801 1551 4865 tonina
1580 4816 1609 4867 et
1638 4802 1780 4895 biberitis
1810 4802 1878 4866 eius
1899 4803 2096 4889 sanquinem,
2125 4823 2188 4865 non
2204 4821 2235 4861 to

353 4928 515 4979 u.c,ss-ss.
535 4907 688 4972 babebitis
711 4911 807 4972 vitam
832 4910 867 4973 in
890 4908 985 4972 eodm.
1026 4905 1110 4972 Caro
1133 4909 1217 4972 curia
1239 4931 1309 4971 mea
1332 4931 1403 4972 uere
1426 4920 1471 4971 est
1492 4909 1590 4988 eidus,
1614 4922 1642 4972 et
1663 4910 1795 4996 sanquis
1816 4932 1903 4973 meus
1925 4931 1996 4973 uere
2019 4921 2065 4973 est
2081 4921 2184 4995 potus.

538 5012 605 5092 Qui
626 5014 794 5079 increducot
815 5038 916 5078 meant
939 5039 1065 5079 curnem
1089 5028 1117 5080 et
1139 5015 1218 5079 bibit
1240 5015 1425 5102 sanquinem
1448 5038 1559 5096 meum,
1582 5018 1617 5079 in
1640 5040 1687 5081 nte
1710 5029 1814 5080 manet
1835 5029 1865 5080 et
1886 5038 1940 5104 epo
1963 5016 1999 5080 in
2018 5039 2062 5079 eo.
2098 5012 2189 5080 Sicut

643 5253 654 5300 1
676 5250 751 5315 quod
768 5250 835 5301 deest
854 5249 885 5300 P·
903 5249 941 5300 ll.
1014 5253 1029 5301 3
1049 5251 1203 5302 huiusmodi
1222 5249 1259 5300 M.
1340 5251 1355 5301 'l
1375 5249 1514 5301 mendacis
1533 5249 1565 5300 Ρ.
1621 5251 1653 5301 12
1673 5252 1825 5302 contemtui
1843 5245 1880 5302 Μ.
1945 5251 1979 5302 16
1998 5242 2186 5312 diiudicanda]

534 5338 716 5390 adiudicanda
736 5338 767 5390 P.
858 5340 891 5390 at
910 5334 1037 5403 sanitate]
1056 5339 1194 5406 interponit
1208 5347 1266 5405 post
1283 5338 1328 5389 doc
1345 5338 1446 5389 mium
1465 5335 1653 5400 ilerdaenum,
1676 5339 1693 5390 1.
1707 5340 1723 5389 l.
1738 5357 1768 5405 p.
1780 5344 1860 5406 itaq.
1878 5339 1953 5391 moa
1970 5341 1999 5390 in
2019 5340 2139 5392 omnium
2153 5363 2187 5373 -

534 5428 653 5487 oberrat,
677 5444 739 5494 quae
763 5445 808 5479 nor
832 5445 889 5478 cum
908 5426 982 5478 Flori
999 5427 1119 5479 relatione
1142 5428 1174 5478 de
1191 5427 1294 5479 ooncdio
1315 5427 1479 5479 Carisiucerui
1496 5428 1669 5494 nniunqenua
1687 5428 1838 5479 credidimus
1855 5425 1941 5495 finsrc
1954 5446 1984 5496 p.
2000 5433 2048 5480 781
2069 5429 2134 5479 134
2152 5451 2188 5466 -
2204 5441 2235 5483 ὦ

530 5535 559 5581 p.
575 5520 625 5566 782
642 5516 660 5567 1.
674 5515 730 5572 tt).
793 5518 827 5568 38
846 5517 982 5568 Dominus
1000 5512 1060 5581 eta]
1077 5533 1140 5583 qrcue
1157 5516 1217 5568 inde
1234 5516 1265 5567 ab
1280 5516 1326 5567 hoc
1342 5516 1413 5567 verbo
1430 5516 1466 5566 od
1478 5516 1558 5582 finan
1575 5525 1721 5583 sequuntur,
1740 5534 1769 5569 eo
1787 5518 1815 5568 in
1833 5517 1982 5570 editionidru
1996 5517 2107 5584 praeriis
2123 5516 2189 5567 reio·

533 5606 596 5657 doni
609 5605 682 5658 Fieri
699 5605 730 5656 de
747 5605 850 5657 anuto
870 5605 1034 5656 Coririccerui
1051 5606 1124 5671 quari
1141 5622 1175 5656 cc·
1191 5604 1278 5656 r'med.
1290 5631 1327 5640 -
1340 5608 1374 5654 22
1391 5605 1573 5656 attractentur.

645 5803 674 5876 l)
698 5805 763 5864 Nou
787 5805 889 5864 iuveni.
