4884 6717
676 522 732 582 fil.
768 520 985 578 CONCILIUM
1007 519 1328 577 INGELHEIMENSE
1352 520 1390 575 A.
1413 518 1488 576 840.
1844 512 1906 575 797

257 713 338 778 mihi
360 711 526 777 confitenti
549 709 774 774 remissionem
797 709 935 795 porrigit
958 718 1178 794 peccatorum,
1209 707 1238 771 si
1267 727 1521 793 perseveravero
1552 704 1707 770 divinitus
1731 706 1908 792 castigatus

258 830 353 906 cepta
382 819 415 882 in
446 816 673 883 emendatione
704 838 840 879 morum.
895 813 1020 900 Scripsi
1051 815 1163 900 utique
1195 814 1229 877 in
1260 835 1324 899 qno
1354 811 1443 899 apud
1466 811 1575 877 Deum
1604 833 1670 877 non
1701 814 1819 896 corrui,
1850 812 1908 877 sed

257 928 365 1013 potius
388 924 501 989 hnmili
524 922 744 987 satisfactione
769 921 931 1003 convalui,
956 932 989 986 et
1011 919 1093 985 haec
1109 920 1156 985 ita
1170 921 1238 984 vim
1254 917 1449 984 facientibus
1466 917 1554 983 edita
1569 917 1682 1005 optuli,
1707 920 1785 1005 qnia
1800 929 1907 984 certus

258 1056 329 1098 sum
353 1043 385 1097 et
408 1033 475 1096 scio
500 1032 554 1095 cui
578 1028 704 1094 credidi
727 1028 856 1093 dicens:

226 1168 240 1208 s
364 1144 447 1220 Egol
478 1148 540 1202 Ebc
570 1147 703 1218 indignus
733 1146 893 1216 episcopus,
928 1161 1134 1216 recognoscens
1163 1142 1349 1214 fragilitatem
1378 1158 1469 1196 meam
1504 1146 1534 1196 et
1568 1141 1696 1212 pondera
1726 1148 1908 1213 peccatorum

257 1274 394 1324 meorum,
417 1262 509 1310 testes
533 1253 709 1309 confessores
733 1269 820 1319 meos,
845 1251 972 1306 lliulfum
995 1250 1132 1306 videlicet
1162 1249 1414 1321 archiepiscopum,
1446 1248 1624 1303 Badaradum
1654 1265 1767 1319 qnoque
1797 1267 1907 1305 necnon

258 1371 288 1419 et
310 1363 472 1418 Modoinum
502 1362 651 1434 episcopos
681 1359 815 1415 constitui
844 1358 911 1412 mihi
942 1357 1050 1414 indices
1081 1357 1248 1412 delictorum
1270 1373 1396 1411 meorum
1425 1372 1583 1426 puramque
1613 1355 1681 1426 ipsis
1704 1355 1772 1410 dedi
1795 1355 1906 1412 confes·

258 1472 375 1537 sionem,
399 1486 541 1540 quaerens
564 1467 720 1523 remedium
743 1466 891 1537 penitendi
915 1473 945 1520 et
969 1464 1089 1520 salutem
1113 1465 1222 1518 animae
1246 1479 1339 1530 meae,
1370 1470 1402 1516 nt
1431 1463 1598 1518 recederem
1627 1461 1664 1517 ab
1686 1460 1780 1517 officio
1804 1468 1834 1518 et
1856 1463 1907 1517 mi·

257 1577 374 1632 nisterio
397 1574 562 1648 pontificali,
586 1591 642 1645 quo
665 1591 709 1629 me
733 1590 904 1644 recognosco
929 1589 990 1626 esse
1016 1571 1171 1642 indignum,
1195 1569 1376 1640 alienumque
1399 1586 1443 1624 me
1466 1569 1591 1623 reddens
1613 1585 1665 1640 pro
1687 1568 1813 1624 reatibus
1828 1571 1908 1639 meis,

214 1702 239 1741 ro
257 1685 286 1739 in
310 1684 413 1755 quibus
442 1700 487 1737 me
517 1699 653 1754 peccasse
683 1687 796 1737 secrete
821 1679 888 1750 ipsis
911 1678 1057 1734 confessus
1081 1696 1151 1744 sum,
1183 1693 1217 1731 eo
1249 1676 1358 1732 scilicet
1387 1676 1480 1743 modo,
1511 1681 1543 1729 ut
1573 1674 1627 1746 ipsi
1656 1675 1712 1729 sint
1739 1682 1830 1731 testes
1853 1676 1908 1733 alio

257 1790 431 1846 succedendi
462 1796 492 1844 et
522 1788 706 1844 consecrandi
737 1786 965 1858 subrogandique
996 1785 1024 1839 in
1048 1789 1110 1838 loeo
1133 1801 1207 1850 meo,
1239 1783 1287 1854 qni
1317 1783 1402 1854 digne
1432 1799 1568 1854 praeesse
1599 1788 1629 1837 et
1659 1783 1796 1853 prodesse
1819 1785 1908 1855 possit

258 1896 427 1964 aecclesiae,
451 1897 497 1951 cui
520 1903 637 1951 actenus
659 1894 793 1966 indignus
811 1892 921 1964 prefni3
947 1898 976 1946 et
1000 1897 1033 1944 ut
1048 1891 1115 1945 inde
1131 1890 1237 1945 nullam
1252 1889 1454 1961 repetitionem
1469 1895 1519 1944 aut
1534 1888 1794 1960 interpellationem
1809 1897 1908 1946 ancto-

258 2005 344 2060 ritate
369 2004 505 2059 canonica
526 2003 623 2057 facere
646 2002 767 2068 valeam,
791 2018 876 2054 manu
898 1998 1013 2070 propria
1035 1997 1215 2052 subscribens
1239 1995 1357 2051 firmavi.

365 2100 402 2166 Si
426 2102 497 2187 quis
521 2121 599 2163 vero
622 2098 790 2185 perhanc
814 2096 989 2161 salutarem
1013 2096 1046 2158 in
1070 2095 1231 2181 pressuris
1254 2103 1416 2179 repertam
1432 2093 1680 2179 conscriptionis
1695 2093 1832 2158 formam
1855 2117 1907 2159 me

214 2234 239 2273 rs
259 2207 478 2272 damnandum
502 2206 695 2287 decreverit,
720 2203 868 2268 similiter
890 2212 923 2266 et
944 2203 978 2266 in
1003 2198 1152 2265 omnibus
1176 2200 1305 2287 scriptis
1328 2200 1409 2263 meis
1433 2221 1485 2263 me
1510 2197 1692 2285 obprimere
1716 2202 1845 2286 poterit,
1874 2202 1909 2266 in

258 2313 376 2401 quibus
406 2335 583 2399 numquam
612 2334 664 2375 me
696 2309 846 2391 iustifico,
877 2307 936 2373 sed
966 2330 1095 2394 semper
1124 2307 1294 2393 indignum
1326 2307 1515 2392 episcopum
1546 2303 1755 2371 subscribens
1786 2306 1907 2394 ubique

258 2422 423 2503 denuntio,
457 2444 517 2485 nec
550 2431 659 2484 tamen
690 2440 741 2481 me
766 2418 800 2481 in
822 2416 885 2480 hac
908 2414 1023 2479 eadem
1047 2411 1285 2499 subscriptione
1315 2411 1399 2477 ullus
1422 2411 1612 2476 violatorem
1636 2423 1693 2477 aut
1715 2413 1908 2479 mendaeem

259 2528 502 2616 deprehendere
533 2527 663 2613 poterit,
694 2525 772 2611 quia
800 2544 896 2587 nemo
927 2519 974 2585 ibi
1005 2529 1119 2607 postea
1148 2518 1258 2583 utilior
1286 2518 1417 2606 prefuit,
1449 2517 1507 2582 sed
1537 2520 1686 2605 septenni
1714 2519 1816 2585 ferme
1847 2521 1907 2586 sub

259 2636 456 2723 penitentiae
480 2634 603 2721 spacio,
628 2655 691 2719 quo
716 2632 750 2695 in
773 2640 887 2694 sancta
910 2628 1071 2693 aecclesia
1093 2637 1303 2712 peccatorum
1327 2623 1548 2711 penitentibus
1565 2624 1636 2690 fieri
1652 2626 1734 2691 solet
1748 2629 1906 2713 remissio,

213 2766 241 2806 so
257 2744 418 2830 patienter
441 2751 620 2827 expectans
650 2749 684 2803 et
712 2738 835 2802 nemini
858 2735 1111 2800 consecrationis
1135 2731 1180 2796 ibi
1205 2732 1398 2818 dignitatem
1421 2731 1589 2819 impedivi,
1620 2771 1664 2781 —
1692 2734 1801 2800 Nolito
1824 2760 2083 2824 crpo,u·tn.r,1.a

258 2849 386 2914 dicente
410 2848 540 2913 domino
563 2847 637 2910 Deo
661 2856 782 2925 nostro,
813 2844 1019 2909 condemnare
1049 2855 1078 2906 et
1104 2866 1165 2905 uon
1189 2840 1494 2920 condemnabimini,
1523 2842 1557 2904 in
1588 2865 1648 2926 qao
1675 2843 1757 2906 enim
1786 2842 1908 2908 iudicio

258 2957 478 3022 iudicaveritis
501 2955 735 3019 s‘udr'cobimc'ai.
820 2955 824 2964 ’

364 3061 569 3147 Conscriptio
593 3061 702 3146 itaque
726 3057 807 3122 haec
831 3055 969 3120 diversis
992 3051 1253 3134 necessitatibus,
1285 3051 1319 3116 id
1346 3063 1395 3116 est
1418 3051 1611 3117 delictorum
1634 3052 1688 3118 vel
1710 3075 1906 3141 persequen-

257 3172 337 3236 tium
368 3170 539 3234 occasione
570 3165 729 3247 confecta,
760 3165 789 3228 si
818 3162 925 3227 adhuc
956 3160 1190 3226 scandalizanti
1214 3158 1312 3223 alicui
1335 3158 1522 3246 scrupulum
1545 3171 1690 3245 generat,
1720 3162 1906 3226 universam

213 3308 240 3348 a
257 3275 304 3341 ibi
328 3298 448 3362 quaeso
472 3272 645 3339 verborum
670 3272 827 3336 rationem
851 3269 1013 3350 discutiat,
1044 3269 1077 3331 in
1109 3288 1174 3353 qua
1197 3275 1286 3330 certo
1311 3265 1446 3329 crimine
1470 3267 1613 3349 invente,
1637 3265 1724 3331 unde
1748 3270 1907 3333 canonica

258 3384 318 3447 rite
335 3383 482 3468 sequitur
497 3380 670 3460 damnatio,
687 3378 781 3458 iuste,
804 3398 931 3462 precor,
956 3385 988 3439 et
1003 3396 1068 3438 non
1084 3372 1183 3437 livide
1200 3371 1324 3437 iudicet
1339 3372 1497 3457 proximo.
1536 3372 1689 3459 Dumque
1706 3397 1741 3439 se
1757 3376 1907 3440 aestimat
1924 3401 2042 3442 scaea.

258 3501 354 3570 stare,
378 3487 546 3552 videatne
563 3485 669 3565 eadat,
694 3484 771 3571 qnia
793 3482 913 3547 lividus
936 3481 1047 3563 iudex,
1071 3480 1231 3544 festucam
1254 3480 1289 3542 in
1312 3477 1443 3542 alterius
1468 3500 1617 3565 querens,
1641 3478 1767 3545 trabem
1790 3482 1824 3545 in
1848 3504 1906 3546 suo
1924 3456 2083 3560 sriilii‘sss

256 3618 463 3683 nequaquam
488 3594 586 3658 sentit
609 3590 712 3656 oculo.
758 3590 848 3654 Luce
873 3587 992 3653 clarius
1015 3609 1155 3673 namque
1180 3586 1338 3649 canoniea
1360 3584 1464 3670 fulget
1485 3587 1672 3668 auctoritas,
1701 3587 1799 3673 quod,
1823 3589 1906 3654 sieut

257 3704 326 3767 sine
351 3714 439 3767 certo
463 3702 597 3765 erimine
622 3699 777 3763 canonice
796 3716 973 3781 numquam
990 3694 1129 3759 deicitur
1145 3694 1329 3779 episcopus,
1352 3692 1398 3755 ita
1412 3714 1474 3755 nee
1490 3690 1693 3758 absolutione
1709 3706 1904 3780 spontanea:

212 3841 240 3882 ω
258 3819 377 3896 quanto
401 3810 507 3872 minus
531 3804 675 3871 violenta
697 3802 830 3868 alterius
854 3800 915 3866 sub
939 3799 1086 3865 custodia
1108 3821 1173 3864 non
1196 3798 1274 3864 lieet
1289 3797 1443 3863 recedere
1460 3798 1650 3886 episcopum
1665 3801 1734 3865 sine
1751 3801 1906 3866 concordi

257 3916 442 4003 praesentia
465 3913 519 3978 vel
542 3934 702 3977 consensu
727 3911 847 3974 civium
871 3906 1090 3973 subditorum!

363 4021 518 4088 Prevalet
546 4041 624 4105 ergo
654 4018 769 4082 merito
799 4016 832 4079 in
864 4013 1013 4079 omnibus
1043 4013 1093 4077 his
1124 4012 1348 4077 ecclesiastica
1377 4013 1527 4098 repetitio
1558 4035 1656 4100 supra
1685 4038 1905 4103 quascumque

258 4131 339 4196 alias
363 4128 610 4194 adinventiones
633 4123 792 4188 violentas
816 4132 872 4186 aut
894 4120 1003 4185 libitas
1027 4143 1086 4184 sua
1109 4121 1213 4205 magis
1238 4143 1335 4207 quam
1358 4119 1434 4184 Iesu
1458 4118 1580 4185 Christi
1603 4123 1837 4206 quaerentium.

364 4236 425 4300 His
456 4236 566 4321 itaque
597 4230 760 4319 explicitis
784 4229 940 4294 canonice
964 4227 1176 4291 restitutionis
1199 4225 1352 4312 palatinis
1376 4227 1509 4290 summis
1532 4230 1682 4313 negotiis,
1714 4231 1904 4315 conprovin-

213 4374 239 4414 ss
258 4344 389 4410 cialium
412 4340 608 4428 receptionis
624 4337 799 4403 auctoritas
815 4334 1036 4420 sollempniter
1051 4331 1203 4397 roborata
1218 4332 1311 4396 VIII.
1329 4331 1407 4396 Idus
1422 4331 1641 4397 Decembris²
1656 4334 1763 4399 extitit
1785 4335 1904 4421 princi·

256 4451 379 4540 paliin
403 4448 599 4514 ecclesiast
629 4457 742 4510 sancta
772 4442 850 4507 sede
874 4440 1037 4521 Remensi,
1069 4437 1199 4503 obviarn
1230 4437 1276 4502 ibi
1307 4437 1552 4503 occurrentibus
1582 4440 1708 4504 eunetis
1738 4440 1905 4506 dioceseos

256 4555 442 4645 presulibus
465 4565 520 4619 aut
543 4554 650 4617 missis
673 4574 748 4616 cum
772 4546 962 4615 concivibus
986 4546 1106 4611 inclitis
1129 4544 1263 4630 alonge
1280 4544 1525 4609 aecclesiastica
1539 4544 1601 4610 hac
1617 4544 1749 4633 publica
1764 4547 1905 4611 necessi·

257 4675 323 4729 tate
353 4662 407 4727 vel
437 4661 574 4726 utilitate
605 4659 771 4747 promotis,
796 4655 914 4743 quibus
944 4653 1098 4718 veniendi
1128 4650 1362 4738 inpossibilitas
1386 4650 1455 4716 sola
1477 4674 1542 4716 non
1569 4652 1696 4717 restitit.
1751 4650 1906 4718 Generali

258 4771 431 4837 conventui
455 4765 716 4853 congratulantes
740 4763 825 4828 hanc
844 4760 1115 4848 subscriptionem
1132 4756 1307 4844 publicam,
1332 4756 1486 4823 concordi
1500 4759 1712 4823 unanimitate
1731 4759 1905 4844 celebrata,

212 4908 240 4947 so
256 4879 437 4966 priscorum
460 4885 590 4962 patrum
615 4870 773 4957 exemplis
797 4868 905 4934 edocti
928 4864 1170 4932 racionabiliter
1193 4864 1375 4929 ediderunt

363 5124 488 5195 2eepta]
508 5134 583 5179 certa
602 5126 633 5177 P.
688 5123 892 5175 SBadnradum
906 5121 937 5172 P.
994 5123 1027 5171 10
1045 5119 1151 5170 indeest
1163 5119 1194 5168 P.
1250 5117 1304 5170 alio
1322 5119 1433 5170 comat
1446 5136 1513 5169 mn.
1527 5117 1575 5170 slii
1589 5118 1621 5170 G.
1678 5123 1709 5170 12
1729 5121 1859 5172 hactenns
1873 5123 1904 5175 P.

256 5219 320 5271 inde
347 5212 457 5282 nnllam]
483 5216 586 5268 nullam
612 5216 675 5265 inde
701 5213 732 5263 P.
825 5213 857 5262 14
885 5212 955 5261 hanc
980 5202 1137 5272 salutarem]
1162 5207 1311 5258 salutarem
1336 5208 1407 5258 banc
1433 5207 1465 5258 P.
1554 5203 1678 5273 formam]
1704 5208 1848 5262 formulam
1873 5212 1904 5263 P.

258 5312 290 5360 le
309 5300 494 5370 subscribens]
515 5306 636 5356 scribens
657 5303 689 5353 0.
762 5303 796 5352 24
815 5301 1003 5351 universorum
1022 5297 1054 5348 P.
1127 5298 1161 5347 25
1181 5298 1354 5347 canononica
1373 5296 1405 5347 0.
1479 5298 1513 5348 23
1530 5305 1659 5362 sequntur
1677 5298 1708 5349 P.
1781 5301 1906 5352 23350112

255 5398 292 5448 bio
309 5415 356 5450 scr.
377 5397 410 5447 0.
488 5396 523 5445 30
541 5386 681 5454 concordi]
703 5390 780 5440 cordi
800 5389 832 5440 G.
911 5390 945 5439 33
965 5387 1126 5452 quaerentia
1146 5385 1178 5436 0.
1261 5388 1295 5436 34
1314 5386 1365 5436 His
1384 5387 1476 5452 itaque
1496 5382 1621 5452 (namque
1641 5387 1719 5448 P)-
1733 5388 1904 5440 Turonensis

211 5503 238 5543 tt
256 5487 382 5539 similiter
399 5493 438 5551 (p.
453 5487 504 5536 798
522 5480 600 5542 itt)
618 5482 708 5532 durrat
725 5477 872 5530 boclooos‘a
885 5477 916 5538 P,
935 5476 1044 5526 minna
1055 5474 1264 5525 cummbiss‘llis
1275 5491 1354 5539 sam
1367 5492 1397 5540 p.
1413 5479 1462 5525 794
1481 5476 1605 5542 tresqq.
1624 5476 1737 5527 αΙιιὸιεη
1750 5477 1907 5543 mum

255 5577 328 5627 initio
345 5573 497 5641 apolopcts‘a'.
552 5574 586 5622 35
606 5571 756 5621 auctoritas
773 5568 840 5619 deest
858 5567 889 5617 P.
944 5567 976 5616 37
997 5564 1087 5615 missis
1100 5579 1162 5613 cum
1179 5563 1272 5613 denam
1284 5561 1316 5624 G,
1335 5562 1377 5613 nbi
1394 5571 1478 5614 autem
1494 5565 1605 5630 msam
1616 5582 1722 5616 msam
1733 5566 1847 5617 relicum
1862 5574 1905 5617 m,

256 5681 273 5716 a
292 5664 373 5730 longe
391 5663 482 5714 dunat
499 5661 530 5711 P.
603 5655 664 5720 hae]
684 5658 735 5707 hac
754 5656 828 5715 (del.)
847 5672 879 5705 ac
899 5661 947 5705 aut
965 5653 996 5703 P.
1074 5653 1109 5703 39
1128 5657 1263 5703 conventu
1283 5651 1527 5717 congratulationis
1548 5654 1580 5704 G.
1645 5656 1853 5707 muniminum
1872 5654 1904 5706 0,

365 5879 396 5950 1)
418 5880 451 5936 V.
474 5896 565 5953 supra
582 5895 615 5951 p.
634 5877 691 5934 701
703 5893 747 5949 sq.
769 5872 813 5929 od
833 5870 977 5928 anama
1000 5870 1082 5945 apssd
1109 5868 1386 5926 Theodosio-villam
1409 5872 1481 5928 835.
1573 5870 1604 5942 2)
1628 5875 1690 5932 840
1712 5872 1784 5930 Dee.
1801 5877 1830 5933 6.
