4884 6717
546 517 611 580 650
1015 521 1069 579 50.
1107 521 1327 579 CONCILIUM
1349 521 1576 577 PaulsOEusu
1601 522 1637 576 Α.
1659 520 1735 577 829.

546 714 581 777 ia
598 726 724 799 partem
749 711 891 776 dertram
916 711 966 774 cei
986 712 1161 789 sinistram,
1186 725 1219 774 nt
1242 710 1331 797 lonpo
1355 723 1490 796 ternpore
1514 722 1618 795 repnet
1641 710 1709 795 ipse
1732 722 1761 773 et
1775 709 1850 796 filii
1870 712 1938 772 eins
1953 732 2048 795 snper
2064 707 2199 774 Israhel.

545 816 709 898 Adtende,
734 816 821 903 quod
844 818 941 880 timor
956 815 1022 879 Dei
1045 829 1078 880 et
1101 813 1250 880 custodia
1272 825 1521 901 praeceptorum
1545 815 1615 878 eius
1639 825 1672 877 et
1694 813 1869 894 humilitas,
1895 836 1978 900 quae
1997 836 2063 878 aon
2079 814 2202 900 patitur

547 945 622 987 eum
646 920 802 986 extollere
827 944 926 1008 super
947 921 1063 986 fratres
1088 943 1173 1003 suos,
1198 931 1231 986 et
1254 922 1396 985 iustitiae
1420 920 1581 985 rectitudo
1605 943 1670 984 non
1694 919 1798 984 solum
1821 942 1942 1006 regem,
1974 920 2031 985 sed
2056 933 2088 985 et
2117 920 2201 985 filios

546 1030 616 1094 eius
646 1027 742 1114 longo
778 1028 878 1092 faciet
913 1049 1051 1113 regnare
1081 1039 1239 1114 tempore.
1293 1027 1337 1092 Ut
1368 1048 1446 1113 ergo
1476 1028 1629 1113 princeps
1661 1025 1883 1091 extollentiam
1918 1049 2036 1091 cavere
2071 1025 2200 1108 debeat,

388 1160 526 1208 sarasar.
546 1134 765 1200 Ecclesiastes
789 1134 968 1199 admonens
992 1135 1053 1198 ait:
1084 1134 1269 1222 Principem
1293 1149 1320 1199 te
1344 1136 1590 1200 corrstitacraat?
1634 1134 1718 1199 Noli
1745 1135 1863 1212 catelli,
1890 1134 1948 1198 scd
1976 1149 2037 1199 este
2067 1138 2101 1200 ia
2133 1136 2233 1199 illisa

375 1246 645 1329 rrov.ss‚1s.qaasi
667 1268 746 1306 serras
769 1267 808 1308 ea
831 1245 920 1329 ipsis.
970 1240 1008 1304 ln
1032 1238 1233 1326 proverbiis:
1258 1241 1329 1305 Rea
1352 1244 1411 1327 qni
1433 1241 1555 1305 iudicat
1576 1244 1610 1305 ia
1634 1243 1763 1305 veritate
1779 1265 1951 1330 pauperes,
1978 1242 2107 1306 threnas
2134 1244 2202 1306 eius

413 1372 527 1422 macas.
547 1352 581 1414 in
617 1363 773 1414 aeternam
799 1350 996 1436 firmabitur,
1026 1347 1122 1411 item:
1152 1347 1383 1411 Misericordia
1413 1362 1441 1413 et
1469 1350 1587 1412 veritas
1616 1347 1795 1412 custodiant
1822 1372 1935 1433 repens,
1972 1362 2001 1412 et
2036 1350 2202 1412 roboratur

547 1457 710 1521 clementia
734 1456 862 1520 threnas
886 1457 961 1519 eins.
1011 1453 1161 1533 Quantae
1184 1453 1285 1537 igitur
1308 1451 1472 1517 felicitatis
1497 1454 1538 1516 sit
1560 1451 1665 1517 bonus
1688 1475 1749 1517 rex
1778 1465 1961 1539 quantaeve
1992 1453 2200 1536 infelicitatis,

548 1564 575 1626 si
598 1584 741 1648 nequam
764 1561 872 1641 fuerit,
895 1558 1011 1625 beatus
1036 1558 1232 1646 Cyprianus,
1257 1559 1397 1622 eximius
1421 1570 1547 1645 martyr
1570 1557 1702 1640 Christi,
1726 1558 1767 1623 de
1792 1559 1966 1624 duodecim
1989 1558 2201 1625 abusionibus

548 1667 704 1750 scribone,
731 1669 816 1731 inter
839 1677 949 1731 cetera
971 1667 1017 1730 ita
1047 1667 1108 1729 ait:
1139 1675 1236 1729 Nonus
1248 1669 1269 1742 ¹,
1299 1665 1461 1750 inquienS,
1491 1675 1634 1730 abusionis
1657 1676 1762 1747 gradus
1785 1685 1828 1731 est
1858 1694 1907 1731 rex
1936 1677 2065 1748 iniquus3
2098 1678 2202 1732 etenim
2222 1690 2248 1729 ro

547 1803 645 1856 regem
668 1803 724 1839 aon
747 1784 883 1854 iniquum,
908 1784 960 1838 sed
990 1789 1176 1837 correctorem
1206 1782 1365 1853 iniquorum
1395 1798 1457 1836 esso
1488 1789 1609 1853 oportet.
1655 1782 1740 1838 Unde
1770 1783 1799 1837 in
1829 1783 1982 1853 semetipso
2011 1782 2130 1837 nominis
2159 1784 2202 1837 sui

509 1875 513 1892 ¹
548 1892 714 1962 dignitatern
738 1891 878 1945 custodire
903 1889 1000 1944 debet.
1048 1888 1157 1943 Nomen
1181 1888 1256 1943 enim
1279 1888 1356 1959 regis
1379 1887 1610 1944 intellectualiter
1632 1889 1684 1943 hoc
1708 1889 1821 1956 retinet,
1850 1897 1882 1942 ut
1911 1889 2045 1944 subiectis
2074 1890 2202 1944 omnibus

548 1998 665 2053 rectoris
689 1995 813 2051 officium
835 2004 978 2068 procuret.
1018 1994 1077 2050 Sed
1102 1995 1224 2066 qualiter
1247 1994 1316 2049 alios
1339 1995 1480 2067 corrigere
1504 1997 1609 2066 poterit
1632 1996 1679 2067 qni
1703 1996 1830 2066 proprios
1853 2012 1955 2062 mores,
1979 2015 2015 2052 ue
2032 1996 2120 2067 iniqui
2136 1997 2200 2062 sint,

547 2122 604 2160 nou
627 2105 751 2176 corrigit,
775 2104 905 2174 quoniam
928 2103 1034 2157 iustitia
1057 2103 1133 2173 regis
1158 2101 1296 2158 exaltatur
1314 2102 1424 2170 solium,
1450 2110 1479 2156 et
1495 2103 1612 2157 veritate
1637 2103 1792 2157 solidantur
1806 2103 1999 2174 gubernacula
2014 2103 2202 2174 populorum?

548 2212 658 2266 lustitia
681 2229 748 2266 vero
772 2212 847 2282 regis
871 2218 914 2266 est
936 2210 1078 2265 neminem
1101 2209 1203 2264 iniuste
1227 2226 1280 2280 per
1302 2211 1457 2280 potentiam
1480 2209 1650 2280 obprimere,
1674 2210 1735 2265 sine
1752 2210 1916 2280 acceptioue
1933 2228 2114 2281 personarum
2130 2211 2203 2266 iuter
2222 2226 2248 2265 rs

547 2319 637 2373 virum
662 2327 691 2373 et
712 2319 867 2390 proximum
891 2336 969 2371 suurn
992 2318 1129 2384 iudicare,
1154 2316 1273 2372 advenis
1297 2322 1327 2371 et
1349 2316 1464 2387 pupillis
1489 2324 1517 2371 ct
1540 2317 1631 2371 viduis
1655 2316 1834 2372 defensorem
1859 2333 1933 2383 esse,
1956 2316 2032 2372 farta
2058 2317 2200 2384 cohibere,

548 2426 688 2481 adulteria
710 2426 822 2496 punire,
846 2426 957 2495 iniquos
979 2442 1035 2479 aon
1060 2424 1194 2491 exaltare,
1219 2424 1366 2494 inpudicos
1391 2431 1419 2477 et
1441 2423 1570 2477 istriones
1594 2441 1650 2479 non
1672 2422 1789 2490 nutrire,
1810 2423 1909 2493 impios
1925 2423 1961 2479 de
1977 2432 2054 2479 terra
2068 2425 2202 2495 perdere,

547 2532 703 2604 parricidas
728 2539 757 2587 et
778 2532 957 2603 perimentes
980 2532 1076 2586 rivere
1100 2549 1156 2584 non
1180 2531 1285 2596 sinere,
1310 2529 1446 2585 ecclesias
1469 2528 1638 2597 defendere,
1663 2547 1806 2601 pauperes
1823 2530 1992 2602 elemosynis
2010 2530 2100 2598 alere,
2116 2531 2202 2586 iustos

548 2657 636 2710 super
657 2640 739 2710 regui
761 2638 877 2709 negotia
900 2637 1081 2698 constituere.
1113 2654 1197 2691 senes
1221 2644 1250 2692 et
1280 2637 1424 2708 sapientes
1455 2643 1484 2691 et
1513 2637 1621 2691 sobrios
1651 2636 1821 2691 consiliarios
1851 2637 1969 2704 habere,
2000 2655 2144 2709 magorum
2175 2645 2203 2692 et

548 2745 716 2801 hariolorum
740 2745 1035 2816 phithouissarumque
1059 2743 1304 2815 superstitionibus
1327 2760 1382 2797 noa
1406 2744 1565 2810 intendere,
1593 2743 1766 2798 iracundiam
1789 2743 1915 2810 differre,
1945 2745 2064 2815 patriam
2093 2744 2204 2799 fortiter
2221 2759 2248 2798 so

550 2861 578 2908 et
601 2853 674 2907 iuste
704 2857 802 2906 eontra
831 2851 1006 2905 adversarios
1039 2849 1208 2917 defendere,
1239 2867 1292 2921 per
1321 2849 1413 2904 omnia
1443 2851 1472 2904 ia
1496 2850 1559 2905 Deo
1588 2852 1695 2917 vivere,
1729 2851 1964 2921 prosperitatibus
1998 2869 2052 2905 non
2089 2851 2202 2907 elevare

549 2959 681 3022 animum,
705 2966 805 3013 cuncta
828 2959 949 3012 adversa
972 2957 1119 3028 pacienter
1141 2956 1228 3024 ferre,
1251 2955 1338 3013 fidem
1362 2956 1527 3011 catholicam
1549 2958 1577 3010 in
1593 2956 1687 3011 Deum
1710 2956 1826 3024 babere,
1851 2955 1923 3011 filios
1947 2975 2011 3012 suos
2033 2976 2089 3013 non
2108 2959 2202 3014 sinere

372 3084 529 3134 secretam.
548 3067 634 3137 impie
659 3083 756 3138 agere,
781 3065 865 3120 certis
888 3064 962 3118 boris
986 3064 1158 3118 orationibus
1181 3063 1323 3130 insistere,
1347 3071 1412 3119 ante
1436 3064 1518 3119 horas
1542 3080 1680 3135 congruas
1703 3081 1759 3118 non
1782 3070 1896 3135 gustare
1916 3064 2024 3118 cibum:
2048 3064 2108 3119 Vae
2131 3063 2202 3119 arira

550 3180 654 3240 terrae,
680 3171 801 3228 cairan
825 3179 864 3226 cst
882 3188 957 3244 perer
981 3178 1007 3225 rt
1030 3169 1107 3225 arira
1125 3168 1274 3244 principes
1297 3188 1380 3226 rrsane
1404 3170 1556 3226 corradant.
1597 3170 1677 3226 Haec
1701 3171 1780 3241 regni
1800 3172 2016 3242 prosperitatem
2033 3171 2060 3224 in
2076 3173 2202 3242 presenti

549 3278 656 3334 faciant
679 3286 709 3334 et
730 3296 828 3350 regern
852 3278 888 3332 ad
912 3278 1048 3333 caelestia
1070 3295 1159 3348 regua
1181 3276 1299 3331 meliora
1327 3277 1496 3348 perducunt.
1552 3275 1607 3340 Qui
1637 3295 1704 3332 vero
1735 3277 1891 3332 secundum
1920 3277 1993 3332 hane
2022 3277 2117 3349 legem
2147 3296 2202 3333 non
2221 3291 2249 3331 ιθ

549 3386 709 3456 dispensat,
743 3385 844 3439 multas
878 3384 1006 3438 nimirum
1041 3384 1227 3439 adversitates
1262 3383 1370 3454 imperii
1404 3384 1516 3438 tolerat.
1574 3383 1682 3438 Idcirco
1717 3384 1791 3438 enim
1825 3402 1913 3455 saepe
1947 3401 2002 3455 pax
2036 3385 2203 3457 populorum

548 3493 686 3563 rumpitur
717 3499 745 3547 et
774 3490 945 3546 offendicula
976 3491 1058 3544 etiam
1090 3490 1126 3544 de
1156 3508 1246 3561 regno
1276 3491 1456 3557 suscitantur,
1489 3497 1625 3544 terrarum
1661 3507 1773 3561 quoque
1808 3490 1915 3546 frustm
1949 3491 2140 3546 diminuuntur
2175 3500 2204 3546 et

549 3600 662 3655 servitia
685 3598 851 3670 populorum
874 3597 1108 3668 praepediuntur,
1132 3596 1210 3651 multi
1236 3598 1320 3652 etiam
1351 3597 1462 3652 dolores
1492 3597 1707 3667 prosperitatem
1738 3599 1817 3669 regni
1847 3596 1985 3665 inficiunt,
2017 3616 2143 3653 carorum
2175 3607 2204 3654 et

547 3706 701 3761 liberorum
725 3713 827 3761 mortes
851 3705 988 3758 tristitiam
1012 3703 1171 3770 conferunt,
1195 3704 1315 3758 hostium
1338 3704 1466 3758 incursas
1489 3704 1642 3774 provintias
1666 3705 1791 3774 undique
1814 3712 1935 3772 vastant,
1960 3706 2068 3760 bestiae
2092 3723 2202 3760 arnica-

548 3821 638 3867 torum
663 3821 692 3867 et
715 3829 849 3883 pecorum
872 3827 976 3882 greges
1000 3810 1166 3878 dilacerant,
1190 3817 1376 3882 tempestates
1399 3811 1474 3867 veris
1499 3817 1527 3865 et
1550 3810 1648 3865 hiemis
1670 3819 1807 3866 terrarum
1831 3811 2036 3868 fecunditatem
2061 3819 2091 3866 et
2121 3812 2203 3866 maris
2222 3825 2250 3863 so

549 3919 705 3974 ministeria
727 3918 878 3989 prohibent
902 3927 931 3971 et
953 3917 1105 3987 aliquando
1128 3916 1275 3971 fulminum
1297 3916 1390 3971 hictus
1414 3925 1527 3989 segetes
1552 3925 1581 3972 et
1604 3919 1734 3972 arborum
1757 3917 1841 3973 flores
1865 3925 1894 3972 et
1911 3919 2057 3990 pampinos
2074 3926 2202 3974 exurunt.

549 4024 642 4098 Super
664 4026 756 4080 omnia
779 4042 846 4079 vero
870 4024 946 4095 regis
969 4023 1106 4078 iniustitia
1128 4042 1184 4078 non
1215 4024 1303 4078 solum
1333 4024 1492 4095 praesentis
1521 4025 1631 4095 imperii
1662 4024 1763 4078 faciem
1794 4024 1895 4088 fusam,
1927 4026 1979 4081 sed
2014 4027 2098 4080 etiam
2131 4024 2202 4080 filios

549 4151 613 4187 suos
638 4140 667 4187 et
689 4140 818 4203 nepotes,
842 4149 878 4186 ue
903 4137 967 4202 post
989 4148 1020 4185 se
1043 4131 1124 4201 regni
1147 4129 1335 4185 hereditatem
1358 4137 1486 4198 teneant,
1510 4131 1650 4185 obscurat.
1704 4131 1824 4202 Propter
1851 4132 1993 4201 piaculum
2023 4133 2097 4186 enim
2120 4130 2200 4187 Salo·

550 4240 638 4294 monis
669 4257 787 4311 regnum
818 4239 916 4292 domus
939 4236 1048 4290 israhel
1071 4237 1207 4291 Dominus
1239 4238 1275 4291 de
1307 4237 1434 4291 manibus
1464 4236 1583 4291 filiorum
1615 4239 1675 4292 cius
1706 4238 1838 4309 dispersit
1869 4247 1897 4294 et
1926 4246 2043 4310 propter
2071 4240 2200 4295 meritura

549 4346 643 4401 David
670 4346 746 4417 regis
775 4345 919 4400 lucernam
950 4344 986 4398 de
1017 4344 1124 4399 semine
1156 4344 1216 4398 eius
1247 4361 1360 4415 semper
1389 4344 1417 4397 ia
1441 4344 1620 4398 Hierusalem
1650 4344 1774 4416 reliquit.
1827 4345 1902 4400 Eece
1934 4355 2068 4416 quantum
2096 4346 2247 4401 iustitiam

549 4453 625 4524 regis
648 4456 762 4506 saeculo
786 4451 872 4518 valet,
897 4451 1072 4505 intuentibus
1096 4450 1265 4521 perspicuae
1289 4456 1377 4521 patet.
1423 4450 1484 4505 Pax
1512 4450 1678 4522 populorum
1709 4456 1762 4519 est,
1793 4458 1977 4507 tutamentum
2006 4454 2126 4524 patriae,
2156 4453 2198 4507 ia-

549 4560 667 4613 muuitas
686 4558 789 4629 plebis,
814 4558 1014 4612 munimentum
1031 4557 1135 4628 gentis,
1160 4574 1228 4611 cura
1250 4561 1424 4628 languorum,
1449 4557 1582 4628 gaudium
1605 4557 1756 4626 homiuum,
1780 4559 1933 4630 temperies
1954 4560 2037 4626 aeris,
2062 4559 2199 4614 serenitas

548 4666 643 4729 maris,
667 4673 743 4719 torre
767 4664 936 4730 fecunditas,
962 4663 1092 4718 solatium
1115 4681 1283 4734 pauperum,
1308 4663 1451 4718 hereditas
1474 4661 1592 4718 filiorum
1617 4671 1645 4719 et
1675 4664 1839 4735 sibimetipsi
1869 4682 1936 4735 spes
1965 4665 2077 4721 futurae
2107 4667 2197 4721 beati·

547 4773 663 4827 tudinis.
710 4772 844 4826 Attamen
867 4771 947 4836 sciat,
972 4771 1059 4840 quod,
1083 4771 1156 4824 sicut
1177 4771 1205 4823 in
1229 4770 1328 4824 throno
1350 4770 1491 4824 hominum
1514 4771 1620 4841 primus
1643 4772 1814 4826 constitutus
1839 4779 1892 4839 est,
1915 4772 1954 4826 sic
1980 4778 2008 4827 et
2031 4774 2059 4827 in
2088 4773 2197 4844 poeuis,

548 4880 571 4934 si
595 4879 725 4933 iustitiam
749 4896 805 4931 non
828 4876 939 4944 fecerit,
963 4877 1111 4948 primatum
1133 4876 1280 4931 habiturus
1304 4883 1359 4931 cst.
1400 4875 1506 4932 Omnes
1530 4895 1661 4948 namque,
1686 4895 1878 4950 quoscumque
1902 4887 2069 4950 peccatores
2092 4881 2145 4935 sub
2168 4898 2198 4934 se
2216 4894 2245 4932 to

548 4987 577 5040 iu
600 4985 744 5056 praesenti
768 4984 876 5049 habuit,
900 5001 987 5054 supra
1009 5001 1040 5036 se
1067 4983 1150 5037 modo
1180 4983 1208 5037 in
1239 4982 1288 5037 illa
1317 4982 1412 5038 futura
1439 5001 1533 5054 poena
1562 4984 1687 5040 habebit.
1746 4975 1937 5061 Fulgentius
1971 4978 2006 5039 in
2040 4975 2123 5040 libro
2158 4976 2198 5040 de

549 5083 684 5147 veritate
709 5079 1014 5168 praedestinationis
1038 5090 1070 5143 et
1099 5081 1243 5164 gratiae:
1275 5087 1539 5145 Clementissimus²
1568 5108 1681 5161 quoque
1711 5093 1865 5163 imperator
1894 5110 1949 5147 non
1980 5093 2045 5147 ideo
2076 5101 2120 5148 est
2150 5110 2198 5147 vas

370 5215 523 5265 maenaa
548 5199 755 5253 misericordiae
779 5204 978 5268 praeparatum
1001 5197 1030 5249 ia
1053 5196 1179 5266 gloriam,
1205 5195 1271 5266 quia
1293 5197 1403 5267 apicem
1434 5197 1540 5251 terreni
1570 5197 1745 5268 principatus
1775 5199 1895 5269 accepit,
1926 5200 1976 5253 sed
2007 5200 2031 5254 si
2061 5198 2198 5270 imperiali

511 5383 514 5389 ¹
548 5305 668 5360 culmine
698 5311 777 5360 recta
799 5303 856 5358 fide
881 5304 958 5357 vivat
981 5309 1020 5369 et,
1045 5320 1114 5357 rera
1143 5302 1235 5356 cordis
1265 5302 1422 5358 humilitate
1454 5304 1609 5374 praeditus,
1640 5304 1753 5360 culmea
1782 5307 1877 5377 regiae
1909 5305 2054 5378 diguitatis
2084 5315 2198 5362 sauctae

655 5463 677 5511 1.
706 5463 835 5511 btronus
854 5460 881 5510 V.
955 5461 969 5510 t
991 5457 1166 5510 roborabitur
1184 5456 1215 5507 P.
1285 5460 1317 5508 12
1337 5453 1451 5523 Nomen]
1470 5460 1532 5508 Non
1553 5460 1583 5510 P.
1653 5461 1860 5526 repausantes
1880 5461 1908 5508 V.
1972 5459 2147 5526 aelymosiuis
2167 5457 2198 5509 P.
2216 5469 2245 5509 et

547 5553 581 5601 80
600 5549 793 5601 fecunditatem
811 5549 878 5598 deest
898 5548 924 5594 Γ.
998 5549 1028 5597 31
1051 5541 1148 5610 hictus]
1167 5547 1238 5596 ictus
1258 5543 1288 5596 P.
1362 5544 1551 5611 semanima]
1573 5565 1654 5598 manu
1674 5547 1705 5599 P.
1769 5552 1803 5600 36
1821 5545 1981 5614 inmunitas]
2000 5552 2147 5601 inminutas
2167 5549 2196 5600 P.

547 5642 581 5690 40
600 5640 730 5703 primatus
750 5638 776 5686 V.
799 5637 827 5687 P.

658 5765 686 5834 l)
711 5762 954 5840 Ps.·Cypriaaas,
978 5763 1024 5819 De
1048 5762 1190 5819 duodecim
1214 5762 1335 5819 abacis
1357 5763 1463 5820 saccali
1485 5783 1509 5821 e.
1528 5768 1564 5833 9,·
1593 5763 1668 5840 Opp-
1694 5763 1835 5841 Oppriaai
1857 5766 1900 5822 ed.
1924 5765 2031 5823 Hartel
2051 5766 2108 5836 III,
2126 5770 2197 5827 166.

553 5874 585 5929 V.
607 5873 637 5929 S.
657 5871 822 5940 Helhaana,
847 5870 977 5927 Scantias
1001 5871 1109 5926 Scottus
1132 5863 1296 5942 (Monacirii
1317 5866 1419 5945 1906),
1438 5872 1506 5945 pf
1530 5890 1599 5928 aaa.
1617 5874 1645 5930 5.
1745 5869 1776 5942 2)
1808 5871 1982 5949 bblpentira,
2013 5872 2059 5930 De
2081 5875 2199 5932 acritate

542 5977 813 6055 praedestinationis
836 5986 862 6033 et
881 5976 996 6053 pratiac
1017 5976 1054 6032 II
1072 5996 1096 6032 c.
1114 5979 1171 6044 38;
1197 5973 1271 6050 Opp
1290 5993 1324 6049 p.
1340 5977 1412 6035 477.
2216 5995 2245 6035 oo
