4884 6717
378 549 429 606 50.
466 549 653 606 coxclnla
677 551 933 616 Tonosaxt'n
960 550 1236 612 Ll'ttDUNENSE‚
1262 550 1583 606 MOGUNTINENSE.
1608 554 1645 606 A.
1664 550 1738 606 829.
1823 545 1884 607 601

232 737 369 801 salntem
400 749 432 800 et
463 739 555 822 regni
586 737 742 802 honorem
773 760 811 802 ao
843 737 954 823 populi
984 737 1154 801 utilitatem
1180 736 1370 801 obedientes
1395 751 1427 800 et
1450 737 1614 801 adiutores
1639 739 1745 802 missis
1768 739 1887 801 nostris

233 846 265 908 in
290 842 439 908 omnibus
463 867 521 929 pro
546 843 670 908 viribus
694 867 766 908 esse
790 867 855 908 non
879 844 1076 929 neglegatis;
1103 844 1262 929 simulque
1280 844 1390 907 sciatis
1408 842 1449 907 ob
1467 844 1551 908 lrane
1568 867 1700 909 causam
1720 868 1779 908 nos
1802 844 1886 908 velle

232 950 460 1037 persingulas
484 949 705 1016 hebdomadas
738 974 801 1015 uno
833 950 886 1014 die
917 953 949 1014 in
975 949 1096 1036 palatio
1127 962 1238 1014 inostro
1262 950 1304 1013 ad
1329 973 1443 1015 causas
1468 949 1648 1014 audiendas
1673 952 1820 1032 sedere1,
1853 965 1887 1014 ut

233 1081 292 1143 per
314 1057 400 1121 hune
425 1070 479 1121 aut
503 1058 592 1121 illum
617 1058 768 1122 comitem
794 1070 826 1121 et
849 1057 1054 1143 providentia
1078 1058 1249 1120 missorum
1275 1071 1306 1121 et
1331 1055 1517 1121 obedientia
1540 1058 1651 1143 populi
1674 1057 1769 1122 nobis
1786 1059 1887 1122 mani·

200 1165 345 1228 sfestius
369 1176 537 1250 appareat.

339 1271 382 1334 Et
406 1284 440 1334 ut
463 1269 545 1334 haec
570 1272 678 1334 omnia
701 1293 889 1335 successum
914 1270 1065 1350 habeant,
1090 1269 1250 1351 volumus,
1281 1283 1316 1334 ut
1340 1270 1493 1356 generale
1519 1271 1705 1336 triduanam
1729 1273 1887 1335 ieiunium

233 1377 399 1441 secunda2
422 1378 504 1441 feria
526 1390 600 1464 post
623 1389 756 1441 octavas
780 1378 997 1441 Pentecosten
1021 1377 1255 1441 celebrandurn
1279 1376 1441 1442 indicetur
1472 1390 1504 1441 et
1535 1378 1730 1463 generaliter
1753 1377 1795 1442 ab
1821 1402 1886 1443 orn·

232 1484 327 1548 nibus
352 1506 426 1548 curn
450 1507 576 1548 summa
600 1484 773 1548 devotione
798 1482 998 1547 observetur.

339 1592 382 1656 Et
413 1593 490 1677 quia
520 1591 663 1676 undique
695 1592 844 1655 inimicos
875 1604 1007 1654 sanctae
1033 1591 1097 1654 Dei
1128 1590 1287 1654 ecclesiae
1319 1592 1516 1654 eonnnoreri
1549 1603 1581 1654 et
1610 1614 1746 1676 regnum
1772 1615 1791 1655 a
1814 1592 1887 1656 Deo

189 1722 216 1761 ro
233 1697 326 1762 nobis
352 1700 559 1763 commissum
584 1698 737 1761 infestare
762 1697 846 1761 velle
872 1698 1108 1779 cognoscimus.
1138 1699 1358 1783 praecipimus
1383 1708 1481 1783 atque
1506 1696 1686 1778 iubemusss,
1718 1711 1753 1762 ut
1776 1722 1888 1762 omnes

233 1805 379 1869 homines
411 1828 470 1891 per
500 1816 602 1870 toturn
632 1828 768 1890 regnum
792 1816 947 1884 nostrum,
973 1806 1028 1889 qui
1053 1803 1241 1868 exercitalis
1265 1805 1388 1867 itineris
1414 1803 1576 1868 debitores
1601 1818 1684 1885 sunt,
1717 1804 1801 1869 bene
1825 1808 1889 1871 sint

233 1913 419 1997 praeparati
443 1935 517 1976 cunr
542 1914 644 1997 equis,
677 1912 785 1990 armis,
815 1912 1016 1974 vestimentis
1042 1923 1074 1974 et
1097 1909 1303 1992 victualibus,
1328 1925 1373 1982 nt,
1399 1934 1604 1997 quocumque
1628 1926 1774 1998 ternpore
1799 1913 1845 1976 eis
1870 1937 1888 1976 a

234 2017 326 2082 nobis
352 2017 576 2082 denuntiatum
601 2019 707 2100 luerit,
739 2019 808 2081 sine
840 2018 904 2081 nlla
935 2041 1025 2081 mora
1050 2019 1140 2081 exire
1166 2029 1206 2086 et.
1239 2018 1273 2080 in
1297 2039 1536 2103 quamcumque
1560 2029 1686 2103 partem
1710 2021 1888 2082 necessitas

233 2124 454 2210 postulaverit,
479 2147 615 2211 pergere
640 2126 765 2211 possint
789 2136 820 2188 et
844 2124 968 2188 tamdiu
991 2123 1037 2188 ibi
1062 2147 1143 2191 esse.
1169 2123 1326 2210 quamdin
1349 2126 1527 2188 necessitas
1551 2124 1773 2210 postulaverit.

192 2377 216 2415 rt
394 2349 442 2402 ubi
466 2344 668 2418 Agobardus⁴‚
701 2343 894 2414 Bernardns⁵‚
926 2345 1086 2414 ,inurent
1121 2348 1295 2402 Benedictus
1307 2342 1327 2414 7,
1352 2347 1599 2419 Age1·ieus³eum
1623 2348 1807 2419 suffraganeis
1831 2350 1888 2402 suis

394 2455 522 2509 similiter
545 2456 729 2518 conveniam
755 2465 856 2525 (quarto
882 2456 966 2508 etiam
990 2456 1066 2525 apud
1083 2455 1253 2509 Tolosanum
1269 2456 1379 2522 urbem,
1405 2473 1460 2525 quo
1477 2455 1558 2508 sirnnl
1575 2456 1744 2510 comeniant
1761 2455 1887 2513 Norhot

395 2562 627 2616 Bartholomaeus
639 2557 674 2628 ¹⁰,
699 2559 912 2626 Arlalelnrus¹¹‚
938 2557 1107 2632 Αῑςίιιίῐιιε19
1130 2580 1192 2614 cunr
1216 2562 1402 2633 suffraganeis
1426 2562 1493 2615 suis.
1530 2561 1562 2615 In
1586 2562 1687 2632 quibus
1703 2563 1889 2617 conventibus

394 2677 528 2734 tractare,
553 2687 674 2740 querere
700 2679 730 2724 et
754 2688 816 2724 cnm
840 2671 895 2723 Dei
919 2670 1057 2723 adiutorio
1082 2670 1208 2723 invenire
1234 2670 1342 2723 debent
1374 2669 1410 2722 de
1442 2669 1531 2723 causis
1555 2669 1591 2723 ad
1615 2668 1782 2739 religionem
1808 2667 1887 2723 Clui-

394 2777 515 2830 stianam
540 2785 569 2831 et
594 2794 690 2831 corum
714 2794 807 2830 euram
831 2776 1051 2847 pertinentibus,
1078 2777 1144 2846 quid
1169 2795 1186 2829 a
1210 2776 1383 2847 principibus
1408 2785 1437 2830 ct
1462 2777 1571 2846 reliquo
1595 2777 1700 2846 populo
1717 2777 1763 2830 rel
1784 2776 1833 2836 ita,
1858 2785 1889 2830 ut

395 2884 490 2937 divina
519 2885 673 2939 auctoritas
704 2885 799 2948 docet,
831 2890 880 2937 aut
912 2884 996 2937 aliter
1025 2893 1156 2938 teneatur
1186 2883 1231 2936 vel
1261 2883 1330 2953 quid
1360 2883 1427 2936 inde
1460 2901 1493 2937 ex
1524 2891 1607 2953 parte
1632 2883 1678 2937 rel
1703 2899 1736 2936 ex
1761 2890 1822 2937 toto
1846 2884 1887 2936 oi-

395 2992 508 3044 missum
539 2992 586 3056 sit,
618 2998 649 3044 ut
679 3008 734 3045 non
766 2998 913 3046 teneatur:
946 2991 1050 3044 deinde
1083 2991 1149 3080 quid
1179 2991 1206 3043 in
1231 2990 1363 3060 ipsorum,
1395 2990 1443 3059 qui
1467 2997 1596 3059 pastores
1620 2990 1718 3060 populi
1742 2990 1888 3043 constituti

396 3106 471 3164 sunt,
497 3099 629 3162 moribus,
654 3098 867 3152 conversatione
894 3108 922 3150 et
947 3097 1057 3151 actibus
1080 3097 1199 3150 inrcniri
1224 3097 1323 3167 possit,
1349 3097 1425 3166 qnod
1450 3096 1562 3150 divinae
1582 3096 1700 3166 regulae
1718 3105 1805 3166 atque
1823 3115 1888 3150 ane·

395 3206 504 3258 toritati
527 3222 582 3258 non
606 3205 768 3268 concordet⁷
800 3203 937 3274 simulque
963 3204 1118 3270 inveniant,
1151 3222 1223 3274 quac
1255 3204 1416 3258 occasiones
1446 3204 1472 3257 in
1497 3212 1619 3275 utroque
1644 3203 1742 3258 ordine
1768 3204 1794 3257 id
1819 3203 1889 3258 cll'e·

396 3313 497 3376 corint,
532 3320 560 3364 ut
586 3329 603 3365 a
625 3321 704 3366 recto
735 3312 848 3366 tramite
880 3312 1024 3364 deviatum
1055 3312 1099 3364 sit.
1148 3312 1183 3364 Et
1216 3310 1348 3380 qrrlcquid
1379 3312 1415 3364 de
1440 3310 1482 3364 his
1507 3311 1598 3364 carreis
1623 3311 1767 3364 inventurn
1792 3311 1889 3374 iacnt,

395 3425 452 3472 tam
484 3417 591 3472 sollerti
621 3436 688 3471 cura
711 3418 898 3484 custodiatur,
929 3425 961 3471 ut
992 3418 1153 3472 nullatenus
1183 3419 1217 3471 ad
1251 3417 1366 3471 aliorurn
1397 3417 1524 3470 notitiam
1548 3417 1698 3487 pervenire
1722 3417 1889 3488 permittant

396 3533 463 3578 ante
496 3533 608 3595 tempus
640 3525 840 3584 constitutum:
876 3533 904 3577 ct
936 3525 1000 3578 idco
1030 3542 1102 3578 unus
1134 3525 1261 3578 notarius
1285 3525 1359 3578 inter
1382 3541 1478 3578 onmes
1504 3523 1633 3595 eligatur,
1665 3524 1712 3595 qui
1737 3524 1813 3594 qnod
1837 3524 1889 3594 ipsi

396 3632 554 3686 invenerint
585 3631 728 3684 describat
761 3641 789 3684 et
821 3632 881 3701 ipsc
914 3632 965 3686 snb
997 3632 1152 3686 iuramento
1183 3631 1352 3685 constrictus
1380 3647 1423 3696 ea,
1460 3649 1532 3701 quae
1567 3630 1683 3685 inventa
1719 3639 1747 3684 ct
1779 3632 1891 3702 digesta

395 3737 511 3803 fuerint,
537 3738 692 3808 diligenter
715 3737 897 3808 fideliterque
922 3749 1081 3792 conservet.

343 3895 457 3943 taonis
476 3893 541 3942 deest
562 3895 616 3943 Sl.
708 3894 856 3943 'loetabas
877 3893 935 3944 Br.
965 3903 1082 3943 octawns
1104 3897 1125 3942 »δ’
1137 3900 1158 3943 1.
1250 3894 1428 3944 Pentecosten
1450 3893 1505 3944 St.
1598 3896 1629 3944 10
1649 3892 1811 3942 nobisdeert
1831 3893 1889 3942 Bt.

190 3996 216 4033 ta
239 3985 270 4032 12
294 3977 475 4044 vestimentis}
502 3985 686 4033 instrumentis
707 3983 763 4031 Sr.
859 3998 1021 4046 quocunque
1049 3982 1073 4032 B
1086 3989 1107 4035 1,
1202 3985 1233 4032 13
1261 3998 1451 4048 qrrnmcunque
1479 3983 1537 4032 Br.
1631 3985 1662 4032 14
1689 3983 1810 4046 (prandia
1831 3981 1888 4030 Bt.

239 4073 270 4120 16
289 4070 417 4121 Tolosam
432 4071 491 4121 122.
507 4075 561 4122 sa
619 4075 650 4123 Π
671 4071 879 4122 Bertholomeus
900 4071 930 4122 P.
954 4071 1159 4122 ltartolomaeus
1180 4075 1234 4122 152.
1294 4075 1325 4121 18
1345 4067 1516 4136 religionem]
1536 4072 1675 4132 regionem
1695 4071 1722 4120 l'.
1778 4066 1888 4132 20ont]

237 4175 286 4210 auc
307 4160 333 4209 l'.
407 4169 465 4212 tota
486 4161 513 4212 Γ.
592 4164 624 4213 27
645 4163 809 4211 constrictus
828 4161 894 4210 ‹leest
913 4163 967 4210 Νι).
1046 4163 1079 4211 28
1100 4157 1252 4224 conservet]
1273 4160 1673 4211 verdal'olunrus-l'aselrae
1692 4157 1781 4225 {iupro
1797 4164 1891 4224 patr:

236 4251 252 4299 l.
268 4255 300 4299 16
309 4249 356 4315 sq.)
374 4250 472 4300 desunt.

346 4397 375 4464 l)
403 4395 450 4467 [ff.
476 4396 637 4452 Hludoscici
659 4396 818 4471 capitulare
841 4395 1043 4452 ll'orrnatiense
1066 4401 1128 4454 829
1152 4398 1224 4471 Any.
1249 4415 1270 4449 c.
1289 4398 1343 4454 il:
1371 4397 1432 4450 Hoc
1456 4397 1529 4449 nrissi
1552 4397 1635 4450 nostri
1660 4405 1753 4450 notum
1778 4396 1891 4456 fuciunt,

191 4515 218 4555 tt
237 4505 311 4575 quod
334 4523 383 4558 nos
408 4505 434 4558 iu
458 4505 531 4558 omni
553 4505 727 4558 hebdomada
751 4523 832 4558 nnrnn
856 4505 928 4560 (lieni
952 4506 987 4557 nd
1011 4523 1107 4558 enrrsas
1132 4504 1283 4557 ondicmlas
1306 4513 1334 4558 ct
1358 4504 1516 4556 indicandas
1540 4504 1636 4556 sedero
1660 4505 1784 4556 volumus
1801 4495 1888 4574 (lltt.

240 4607 330 4685 Capit.
356 4609 394 4678 II,
412 4613 465 4674 ra·
492 4608 698 4666 tlttlztbacler²
722 4631 749 4666 a.
766 4607 850 4686 8157).
890 4611 918 4666 l'.
936 4611 1123 4685 ctiamsnprn
1135 4631 1167 4685 p.
1184 4613 1245 4666 5515
1263 4629 1284 4664 e.
1302 4615 1330 4664 s.
1401 4608 1431 4663 ‘2¹
1456 4609 1513 4665 Die
1532 4613 1580 4667 al.
1598 4608 1699 4664 ricensis
1716 4607 1791 4664 Maii
1814 4611 1891 4674 ⁸259,-

238 4717 282 4773 die
297 4723 346 4775 23.
371 4716 490 4773 eiusdem
515 4717 616 4774 usensis
638 4718 808 4790 synodorum
825 4717 931 4773 initium
948 4718 1079 4774 indictum
1098 4725 1173 4784 eron
1198 4717 1237 4787 ef.
1254 4735 1344 4791 stqrro
1363 4736 1395 4791 p.
1413 4718 1474 4774 :397
1498 4716 1515 4771 l.
1533 4719 1580 4774 ro.
1654 4715 1683 4768 3¹
1710 4713 1758 4785 Cs.
1781 4714 1891 4770 titudo·

238 4824 301 4880 uici
316 4822 440 4899 capitula
457 4822 493 4879 ab
508 4823 644 4899 episcopis
660 4823 687 4879 in
700 4823 809 4898 placito
825 4827 978 4882 tractanda
1002 4845 1024 4880 e.
1045 4828 1064 4882 7
1088 4819 1119 4897 (l.
1136 4825 1152 4878 l.
1171 4823 1209 4890 ll,
1229 4826 1248 4882 7
1255 4845 1264 4890 ;
1291 4820 1499 4879 trstdaclart
1522 4843 1549 4878 n.
1567 4817 1649 4897 sot).
1719 4823 1749 4876 4)
1776 4821 1890 4896 eryrla-

238 4931 339 4988 ηεηθίε.
420 4930 451 4998 5)
475 4930 648 4986 Vimncnsis.
729 4931 759 4996 6)
792 4929 1029 4986 Tarantasiensis.
1111 4932 1140 4998 7)
1166 4930 1313 5004 ziquensis.
1387 4931 1418 4997 8)
1445 4928 1664 4985 Edrcdrsuensio.
1734 4928 1764 4996 9)
1788 4929 1891 4983 Arela-

192 5057 219 5096 ιο
238 5038 328 5094 toras.
423 5035 473 5094 10)
497 5035 700 5093 Narbonensis.
795 5036 845 5104 ll)
870 5036 1100 5112 Bardcpolensis.
1194 5036 1246 5104 12>
1272 5035 1465 5092 Bituricensis.

241 5378 278 5456 C.
323 5382 401 5455 DE
435 5379 704 5458 CONCILIIS
743 5381 1027 5472 POLOSANQ
1063 5381 1425 5472 LUGDUNENSI,
1464 5380 1890 5459 nIOGUn'TlNEn'sJ.

789 5521 880 5603 (8499.
907 5547 1007 5585 orestae.
1032 5521 1122 5584 rlinio
1145 5535 1200 5582 oret
1222 5520 1342 5602 Icarios.

345 5651 521 5745 Dubitari
534 5705 594 5744 noo
612 5696 739 5766 oportet,
764 5683 840 5766 quin
857 5681 1027 5744 secondom
1043 5684 1274 5745 constitutiones
1292 5683 1474 5768 imperiales
1491 5682 1580 5746 inodo
1597 5681 1699 5747 editos
1713 5709 1796 5747 corto
1813 5689 1892 5750 829.

238 5800 383 5871 quattuor
413 5786 538 5851 habitae
564 5789 628 5851 sirit
649 5788 774 5874 synodi,
806 5811 995 5872 quamquam
1026 5789 1158 5852 nortales
1181 5787 1356 5853 Xontenaes
1386 5788 1432 5852 od
1459 5814 1489 5852 o.
1514 5793 1591 5855 329.
1623 5791 1784 5874 referrent:
1813 5789 1894 5852 Erat

194 5914 220 5953 rs
238 5890 371 5956 sinodus
397 5893 623 5979 episcoporum
655 5894 687 5956 in
719 5891 821 5956 tribus
850 5892 929 5956 loeis
954 5894 1046 5978 regni
1069 5893 1236 5957 Lodewiei
1261 5894 1465 5980 imperatoris
1491 5895 1584 5970 (ΜΘ.
1610 5895 1668 5959 Ss'.
1695 5895 1744 5976 II,
1759 5903 1841 5980 225)
1867 5912 1895 5961 et

294 6015 338 6059 Lla.
351 6015 451 6057 Coactus
467 6017 496 6058 ll.
1645 6024 1679 6074 76
