4884 6717
695 495 748 553 57.
784 495 1004 553 CONCILIUM
1027 492 1308 552 cunrsmcurtsn
1332 493 1370 549 A.
1391 491 1466 549 838.
1842 485 1906 548 'ild

361 683 515 770 Ignoscat
544 683 624 748 mihi
654 682 800 768 indigno,
835 705 854 747 o
884 681 1006 748 domini
1038 680 1257 765 venerabiles,
1291 691 1403 745 vestm
1436 678 1578 760 dilectio,
1614 680 1691 766 quia
1725 680 1807 744 haec
1841 701 1907 743 non

254 788 406 877 superbie
430 791 516 855 fastu
538 813 600 854 nec
624 789 766 854 malitiae
790 788 927 853 alicuius
950 789 1116 870 instinctu,
1147 787 1206 852 sed
1235 809 1345 853 amore
1369 785 1529 852 ecclesiae
1557 786 1663 869 huius,
1694 786 1845 851 dominae
1874 794 1908 850 et

201 919 204 922 ·
254 898 389 963 nutricis
412 919 517 977 meae,
540 896 665 983 loquor,
690 896 742 960 cui
766 919 831 961 non
855 895 968 977 solum,
991 905 1088 983 prout
1102 895 1195 959 Deus
1216 895 1376 982 inspirare
1396 893 1558 980 dignatur,
1582 892 1817 958 exhortationis
1835 913 1907 957 ver·

253 1004 343 1086 bum,
367 1003 426 1068 sed
450 1013 483 1068 et
504 1025 600 1067 omne
623 1001 729 1068 debeo
753 1003 898 1067 caritatis
922 1013 955 1066 et
976 1003 1107 1090 pietatis
1131 1001 1336 1088 obsequium,
1359 1001 1553 1087 praesertim
1576 999 1638 1065 hoc
1660 1009 1818 1087 tempore,
1842 1022 1906 1086 quo

222 1141 236 1180 s
254 1123 321 1176 tam
337 1108 530 1175 lacrimabili
547 1108 744 1192 calamitate,
762 1110 1040 1196 peccatisnostris
1057 1106 1275 1195 exigentibus,
1292 1106 1416 1172 afflicta
1431 1117 1490 1188 est,
1510 1117 1545 1171 ut
1559 1105 1679 1171 habeat
1694 1107 1906 1193 episcopum¹

255 1220 324 1282 sine
355 1228 524 1305 potestate,
555 1218 770 1303 magistrnm²
799 1218 868 1280 sine
898 1216 1046 1279 veritate.
1099 1214 1195 1279 Nunc
1222 1214 1266 1278 ad
1295 1214 1394 1278 linem
1418 1195 1575 1278 sermonis
1599 1211 1803 1278 commodum
1827 1212 1908 1277 duxi

255 1346 378 1411 paucas
402 1323 699 1388 ecelesiasticorum
721 1333 850 1410 patrum
874 1322 1052 1386 sententias
1073 1343 1207 1409 ponere,
1241 1318 1360 1407 quibus
1390 1320 1548 1384 adversim
1575 1320 1684 1384 omnia
1705 1318 1908 1384 fallaciarum

258 1442 450 1511 commenta,
482 1452 565 1517 quae
596 1430 672 1494 huic
702 1428 861 1494 ecclesiae
891 1430 1021 1515 ineptus
1051 1427 1214 1493 fabulator
1242 1436 1378 1491 conatur
1407 1428 1568 1513 ingerere,
1597 1426 1687 1491 velut
1708 1424 1852 1491 turribus
1875 1436 1908 1490 et

256 1536 509 1624 propugnaculis
532 1538 725 1618 muniamur,
756 1536 877 1622 fiatque
908 1536 941 1598 in
972 1532 1066 1599 nobis
1097 1534 1210 1598 divina
1235 1532 1366 1598 favente
1389 1534 1497 1619 gratia
1519 1532 1608 1620 quod
1631 1531 1795 1620 apostolus
1818 1541 1909 1618 optat

212 1674 238 1712 10
256 1658 289 1709 ct
312 1644 464 1709 obsecrat
486 1644 616 1708 dicens:
644 1643 778 1708 Obsecro
801 1657 901 1706 autem
926 1666 991 1720 eos,
1007 1642 1146 1727 fratres,
1169 1655 1203 1706 ιιι
1221 1655 1250 1705 et
1271 1640 1309 1705 id
1331 1643 1436 1727 ipsum
1452 1640 1569 1705 dieaa‘s
1584 1664 1698 1720 omnes,
1721 1654 1751 1705 et
1766 1664 1829 1705 non
1845 1642 1911 1704 sint
1928 1665 2076 1717 1.oor.-1,1o.

257 1755 290 1818 in
314 1754 402 1817 eolre's
425 1754 592 1830 scismata,·
614 1754 686 1816 sitis
709 1765 809 1814 amem
827 1750 973 1836 perfecti
993 1750 1027 1812 in
1052 1748 1157 1812 eodem
1180 1772 1273 1812 sensu
1295 1749 1381 1812 etin
1404 1747 1512 1811 eadem
1534 1749 1696 1826 sententia,
1719 1756 1752 1810 et
1773 1746 1907 1810 iterum:

257 1859 347 1924 Sient
376 1883 448 1944 erpo
479 1861 645 1945 uccqrrstis
675 1857 778 1921 Iesum
814 1855 972 1920 Christum
1004 1854 1176 1934 dominam,
1211 1857 1247 1918 iu
1277 1856 1348 1940 ι’ριο
1377 1854 1543 1934 ambulate,
1574 1853 1717 1918 radicati
1743 1867 1773 1918 et
1800 1877 1908 1940 super·
1927 1878 2050 1930 causer

256 1966 423 2053 aedificati
445 1968 476 2028 in
501 1968 571 2051 ipso
594 1979 622 2028 et
644 1965 825 2051 confirmati
838 1962 919 2049 fide,
942 1963 1052 2047 itaque
1076 1959 1140 2024 alio
1165 1959 1252 2024 loco:
1278 1959 1320 2025 Si
1340 1985 1402 2046 qna
1426 1984 1499 2046 erpo
1522 1961 1693 2024 consolatio
1717 1962 1752 2024 in
1774 1957 1909 2040 Chresto,
1928 1985 2082 2038 cusan-s.

257 2073 396 2159 siquod
416 2074 563 2137 solatietur
588 2074 742 2150 caritatis,
772 2072 805 2134 si
831 2095 894 2156 qna
916 2071 1049 2133 societas
1070 2070 1215 2154 spiritus,
1245 2070 1279 2132 si
1298 2092 1361 2153 qua
1385 2069 1508 2131 omcera
1538 2081 1566 2130 et
1594 2069 1821 2145 miserationes,
1851 2069 1909 2131 im-

213 2205 240 2244 ιι
254 2181 337 2267 plote
357 2179 513 2266 paediam
536 2203 648 2256 meum,
679 2191 712 2241 nt
740 2177 824 2240 idem
854 2177 1001 2261 sapietis,
1032 2174 1161 2238 eandem
1185 2176 1346 2239 caritatem
1371 2174 1526 2252 habentes,
1556 2176 1720 2238 unanimes
1746 2173 1784 2236 id
1806 2176 1910 2259 ipsum

256 2289 430 2365 sentientes,
461 2286 545 2350 nibil
563 2309 623 2370 per
646 2285 865 2348 contentionem
889 2306 987 2367 neque
1012 2306 1073 2367 per·
1096 2284 1221 2344 inanem
1243 2281 1393 2367 pieriam,
1424 2289 1457 2343 et
1486 2277 1581 2343 alibi:
1612 2280 1657 2343 Et
1681 2283 1714 2344 si
1734 2280 1824 2366 quid,
1854 2280 1909 2361 ait,
1929 2303 2069 2358 ruspare.

258 2394 352 2458 aliter
374 2394 500 2479 sapitis,
530 2406 558 2455 et
587 2391 643 2454 hoe
673 2391 760 2454 cobis
790 2388 942 2452 revelabit
963 2387 1059 2451 Deus.
1110 2387 1324 2451 Verumtamen
1347 2388 1393 2451 nd
1417 2387 1504 2473 qnod
1526 2390 1741 2474 pervenimus,
1771 2400 1805 2450 ιιι
1826 2386 1910 2452 idem

258 2501 433 2586 sapiamus,
457 2512 485 2562 st
508 2499 541 2561 iu
565 2497 672 2560 eodem
691 2520 937 2582 permaneamus
959 2494 1078 2580 regula.

364 2605 500 2685 Panem,
524 2603 580 2689 qui
604 2602 636 2665 in
659 2601 813 2687 mysterio
833 2601 978 2680 sumitur,
1003 2621 1121 2685 corpus
1137 2610 1170 2663 et
1186 2621 1317 2663 carnem
1334 2598 1456 2664 Christi
1480 2622 1562 2680 esse,
1586 2601 1684 2663 immo
1707 2601 1813 2686 ipsum
1838 2621 1910 2664 esse

213 2739 240 2778 ro
259 2711 424 2777 Christum
448 2722 480 2774 et
503 2709 680 2773 Dominum
705 2731 747 2772 ex
770 2706 853 2771 libro
877 2707 983 2770 sancti
1006 2704 1163 2792 Cypriani
1187 2705 1228 2770 de
1253 2707 1398 2771 oratione
1422 2705 1602 2770 dominica:
1626 2707 1744 2771 Panem
1772 2721 1909 2771 noenum
1930 2730 2055 2782 manu.

259 2819 477 2905 qnotidianam
503 2817 544 2881 da
568 2818 658 2880 nobis
681 2816 774 2879 hodie
797 2814 992 2877 invenimus.
1038 2817 1145 2876 Prsrris3
1167 2822 1245 2878 ritae
1269 2820 1397 2877 Christus
1421 2830 1465 2878 est
1488 2828 1517 2877 et
1539 2823 1620 2894 panis
1642 2822 1688 2877 hic
1710 2823 1832 2877 omnium
1854 2839 1910 2877 non

260 2942 313 3002 est,
338 2936 388 2989 sed
412 2935 549 2988 Dominus
572 2941 670 2986 noster
693 2939 747 2988 cst.
784 2932 821 2984 Et
845 2930 984 3001 quomodo
1008 2929 1141 2984 dicimus:
1165 2929 1254 2984 Pater
1276 2936 1384 2996 noster,
1408 2930 1475 3000 quia
1497 2929 1714 3000 intelligentium
1738 2936 1768 2985 et
1789 2929 1909 2985 creden·

259 3042 329 3095 tium
345 3048 429 3111 pater
444 3047 499 3106 est,
523 3040 563 3094 sic
588 3047 617 3094 et
641 3056 743 3111 panem
766 3044 892 3092 nostrum
907 3054 1049 3102 vocamus,
1074 3036 1139 3107 quia
1158 3034 1285 3090 Christus
1310 3052 1415 3102 eorum,
1440 3036 1488 3107 qui
1504 3053 1605 3107 corpus
1622 3053 1717 3092 eorum
1733 3036 1910 3108 contigimus,

259 3148 339 3219 panis
356 3156 410 3204 est.
446 3147 528 3201 Hunc
552 3154 647 3202 autem
670 3163 773 3217 panem
797 3144 858 3197 dari
881 3143 962 3199 uobis
979 3143 1106 3214 quotidie
1130 3142 1317 3214 postulamus,
1340 3160 1377 3198 ne
1401 3143 1449 3213 qui
1472 3142 1501 3197 in
1518 3140 1630 3197 Christo
1649 3161 1743 3198 sumna
1759 3151 1791 3199 et
1807 3143 1909 3199 eucha-

213 3276 241 3316 25
259 3256 364 3309 nodam
380 3255 441 3310 eius
457 3254 585 3325 quotidie
609 3253 645 3307 ad
661 3252 754 3307 cibum
778 3250 877 3305 salutis
900 3250 1051 3321 accipimus
1074 3250 1274 3304 intercedente
1298 3248 1393 3336 aliquo
1416 3249 1538 3320 graviori
1557 3249 1674 3318 delicto,
1699 3250 1764 3304 dnm
1787 3250 1910 3306 abstenti

260 3369 292 3417 et
313 3379 368 3416 nou
392 3360 629 3414 communicantes
653 3377 670 3413 a
692 3358 811 3413 caelesti
835 3374 909 3428 pane
932 3356 1124 3428 prohibemur,
1148 3354 1286 3410 aChn'sti
1305 3372 1421 3427 corpore
1445 3372 1619 3427 separemur,
1642 3357 1704 3427 ipso
1726 3357 1910 3427 praedicante

260 3476 289 3522 et
309 3469 438 3523 dicente:
466 3465 530 3541 Epo
544 3484 604 3522 nem
620 3464 708 3539 panis
729 3463 812 3532 tritae,
837 3462 886 3539 qai
903 3462 938 3519 dc
956 3463 1034 3518 caelo
1049 3461 1181 3518 descendi
1187 3482 1196 3524 ,·
1219 3461 1246 3518 si
1259 3480 1322 3537 qun
1337 3460 1426 3517 ederit
1443 3462 1478 3517 de
1496 3461 1547 3518 hoc
1564 3480 1654 3537 pane,
1678 3461 1751 3518 rivet
1771 3462 1801 3519 in
1818 3471 1910 3520 nemr-
1931 3475 2088 3528 conatum.

258 3593 334 3631 naus.
370 3573 462 3630 Panis
476 3580 578 3642 auteur,
602 3591 681 3647 quem
698 3591 748 3648 epo
763 3571 876 3640 dedero,
902 3589 971 3626 caro
989 3588 1051 3626 rnen
1067 3577 1107 3625 est
1123 3589 1182 3644 pro
1204 3567 1311 3625 suendi
1331 3567 1399 3625 vita.
1435 3567 1557 3633 Quando
1581 3587 1648 3640 ergo
1672 3569 1741 3624 dicit
1763 3570 1792 3623 in
1814 3577 1910 3626 aeter·

259 3700 325 3736 num
341 3682 448 3747 virere,
472 3680 577 3751 siquis
601 3680 695 3734 ederit
710 3680 747 3734 de
765 3679 826 3734 eius
844 3695 930 3750 pane,
954 3685 986 3731 ut
1009 3676 1188 3731 manifestum
1211 3676 1249 3730 sit
1273 3693 1321 3730 eos
1344 3676 1451 3744 virere,
1476 3677 1525 3747 qui
1548 3694 1649 3748 corpus
1673 3676 1734 3730 eius
1756 3677 1910 3748 attingunt,

214 3809 242 3850 so
259 3790 301 3844 ita
315 3795 414 3844 contra
429 3788 585 3842 timendum
603 3793 647 3840 est
667 3792 697 3841 et
713 3786 858 3852 orandum,
882 3803 930 3852 ne,
955 3785 1019 3838 dum
1036 3784 1098 3855 quis
1116 3783 1267 3838 abstentus
1286 3789 1436 3854 separatur
1453 3801 1471 3838 a
1486 3781 1591 3837 Christi
1607 3800 1734 3854 corpore,
1760 3789 1911 3838 extraneus

259 3903 405 3951 remaneat
429 3912 446 3949 a
469 3898 571 3960 salute,
596 3893 783 3947 comminante
807 3893 868 3963 ipso
885 3900 915 3948 et
931 3892 1062 3946 dicente:
1088 3887 1155 3944 Nisi
1176 3888 1289 3944 ederitis
1311 3907 1426 3945 carnem
1442 3887 1502 3966 filii
1524 3888 1643 3945 lamminis
1665 3895 1691 3943 et
1712 3887 1832 3945 biberitis
1855 3889 1913 3946 eius
1930 3903 2031 3954 rueme.

258 4000 433 4076 sanpaiuem,
458 4019 514 4055 non
531 3997 663 4089 habebitis
677 3997 762 4054 uitam
785 3999 816 4056 in
841 3997 924 4054 uobm.
965 3999 1002 4052 lit
1020 3998 1085 4052 ideo
1100 4015 1203 4069 panem
1219 4004 1354 4062 nostrum,
1379 3998 1408 4051 id
1425 4005 1470 4052 est
1486 3996 1639 4063 Christum,
1660 3998 1720 4051 dari
1743 3997 1823 4051 nobis
1842 4014 1910 4067 quo-

259 4108 329 4162 tidie
346 4108 479 4179 petimus,
499 4114 531 4161 ut
551 4107 598 4177 qui
618 4106 646 4160 in
662 4105 775 4160 Christo
793 4123 935 4160 manemus
952 4113 981 4158 ct
998 4105 1114 4159 vivimus
1133 4122 1150 4158 a
1165 4102 1390 4159 sanctificatione
1408 4105 1468 4158 cius
1486 4111 1516 4159 ct
1532 4122 1648 4175 corpore
1664 4122 1720 4158 non
1736 4105 1910 4158 recedamus.

366 4205 448 4268 Item
473 4227 515 4268 ex
539 4214 678 4268 tractatu
706 4201 821 4289 psalmi
846 4202 986 4266 LXXX.
1018 4202 1122 4266 sancti
1147 4201 1346 4265 Hierouimi:
1371 4207 1443 4265 Vis⁴
1467 4211 1597 4282 accipere
1622 4211 1733 4264 Domini
1757 4211 1845 4277 cibos,
1869 4210 1910 4264 vis

213 4341 240 4381 ss
258 4323 408 4376 comedere
431 4321 524 4392 ipsum
548 4320 697 4375 Dominum
721 4327 799 4373 tuum
824 4325 854 4374 et
877 4317 1069 4372 salvatorem?
1115 4318 1191 4372 Audi
1217 4318 1284 4388 qnid
1309 4318 1401 4372 dicat:
1433 4316 1535 4373 Dilata
1565 4337 1596 4373 os
1625 4325 1710 4386 tauns,
1741 4323 1768 4372 et
1793 4314 2048 4393 implementum.

259 4426 337 4484 iliad.
376 4428 505 4482 Dilatatc
529 4445 578 4482 ora
601 4432 706 4491 vestra,
731 4426 792 4496 ipse
818 4433 862 4478 est
886 4433 915 4478 et
940 4425 1076 4479 Dominus
1101 4432 1131 4479 et
1154 4425 1246 4495 panis.
1285 4423 1350 4495 lpse
1374 4424 1504 4478 hortatur
1525 4442 1586 4490 nos,
1612 4431 1644 4478 ut
1667 4423 1855 4490 comedamus,
1880 4429 1910 4476 ct

259 4535 319 4607 ipse
343 4541 441 4590 noster
464 4534 543 4589 cibus
569 4541 629 4599 θοις
655 4539 913 4603 quantumcumque
937 4531 1112 4594 dilataveris,
1136 4538 1246 4585 tanturn
1271 4531 1403 4601 accipies.

365 4631 448 4695 Item
472 4654 514 4694 ex
538 4629 655 4694 omelia
678 4629 782 4693 sancti
806 4627 997 4714 Augustini:
1021 4632 1078 4691 lnl
1100 4636 1196 4691 altaris
1220 4638 1356 4708 ruysterio
1372 4638 1521 4692 Dominum
1544 4637 1614 4691 sumi
1638 4655 1692 4692 uec
1715 4637 1809 4707 aliqua
1826 4653 1909 4707 posse
1991 4679 1995 4690 .

259 4748 395 4802 divisione
419 4746 528 4818 partiri,
553 4746 666 4817 qualem
690 4763 787 4801 vocem
810 4744 923 4798 Domini
947 4744 1066 4799 audistis
1089 4744 1235 4799 invitantis
1258 4743 1330 4798 uos?
1370 4743 1439 4806 Quis
1463 4744 1614 4798 inritavit?
1661 4743 1740 4807 Quos
1762 4743 1910 4797 invitarit?

212 4875 241 4914 m
259 4855 297 4908 Et
320 4854 387 4925 quid
410 4853 612 4925 praepararit?
646 4852 781 4906 Invitavit
804 4851 940 4906 Dominus
963 4868 1059 4906 servos
1083 4858 1113 4905 ct
1136 4850 1316 4922 praepararit
1341 4851 1381 4904 eis
1404 4851 1497 4905 cibum
1521 4869 1551 4904 se
1575 4851 1676 4921 ipsum.
1713 4848 1783 4914 Quis
1806 4850 1910 4905 audeat

259 4961 428 5015 manducare
448 4959 587 5014 dominum
611 4959 713 5012 suum?
749 4958 786 5012 ut
809 4966 905 5013 tamen
929 4959 985 5012 ait:
1012 4955 1071 5020 Qui
1093 4957 1247 5013 manducem
1268 4975 1311 5010 me
1333 4955 1401 5013 uiuit
1416 4963 1539 5032 propter
1560 4975 1611 5012 me.
1648 4955 1769 5021 Quando
1785 4954 1910 5010 Christus
1929 4969 2048 5022 roseus.

368 5137 379 5184 1
401 5131 707 5197 V111.1gnoscutedei.
773 5133 802 5181 11
824 5131 968 5181 schismate
988 5130 1018 5180 P.
1086 5133 1117 5180 13
1137 5125 1239 5196 itaque]
1302 5137 1329 5180 ct
1347 5131 1394 5180 ita.
1460 5133 1492 5180 14
1511 5125 1574 5195 qua]
1595 5146 1666 5196 quae
1684 5129 1725 5180 hie
1741 5139 1766 5180 et
1782 5129 1855 5196 infra
1873 5129 1910 5181 Μ.

261 5224 293 5272 16
312 5222 387 5287 quod
406 5221 437 5271 P.
529 5221 560 5270 l'i
586 5219 719 5271 revelavit
738 5219 769 5269 P.
789 5219 825 5269 Μ.
916 5221 947 5270 21
976 5219 1011 5269 da
1029 5246 1064 5253 -
1083 5213 1174 5283 hodie]
1200 5219 1228 5268 in
1250 5227 1310 5270 noto
1333 5219 1480 5280 iironranu,
1499 5237 1574 5285 msam
1592 5219 1770 5285 interpretatum
1786 5220 1909 5270 situel

260 5310 298 5361 il.
320 5311 409 5376 Tungri,
436 5310 530 5361 aaut
554 5310 584 5368 P,
609 5310 700 5359 meane
718 5309 756 5358 M.
845 5303 1010 5371 invenimus]
1038 5309 1075 5358 ita
1093 5308 1125 5358 M
1140 5325 1152 5357 e
1170 5309 1249 5368 coni,
1274 5308 1340 5358 deest
1362 5307 1393 5368 P,
1419 5307 1604 5374 intellegimus
1625 5317 1730 5374 propter
1754 5307 1852 5358 maun
1877 5324 1910 5359 cx

212 5419 241 5459 ιι
258 5399 401 5458 (12831,
416 5403 451 5450 38
468 5396 524 5458 etc.)
541 5398 847 5464 maqissmlmmplooet
930 5398 978 5448 IX.
998 5398 1080 5448 Panis
1097 5397 1154 5448 aaa
1237 5400 1271 5449 28
1290 5399 1335 5463 qui
1355 5397 1386 5449 P.
1471 5399 1504 5448 st
1524 5398 1683 5463 Hieronymi
1704 5397 1741 5459 rii,
1760 5393 1911 5462 excrirress)

258 5489 319 5539 add.
340 5489 370 5539 P.
443 5489 476 5539 Χ.
496 5489 543 5538 Vis
561 5487 618 5538 eid.
691 5489 725 5538 38
744 5486 856 5538 homilia
873 5487 914 5537 hie
931 5495 955 5538 et
972 5486 1045 5552 infr-o
1064 5486 1101 5537 Μ.
1173 5488 1224 5538 xl.
1245 5488 1276 5537 ln
1295 5486 1352 5537 edd.

215 5722 219 5729 ἱ
370 5635 399 5704 1)
423 5633 613 5710 Apoborduru.
718 5633 749 5702 2)
773 5633 960 5690 Amalarimn.
1064 5631 1095 5702 3)
1121 5629 1294 5708 Cyprianus,
1325 5631 1370 5688 De
1393 5631 1534 5689 dominica
1556 5631 1684 5689 oratiam
1707 5635 1805 5702 c.1s,·
1836 5631 1910 5708 opp.

260 5743 304 5799 ed
328 5739 435 5798 Hartel
456 5739 570 5810 I,280.
662 5739 693 5808 4)
719 5737 983 5815 Pa-Hieronymas,
1007 5739 1188 5796 Brevioriam
1213 5739 1242 5795 iu
1261 5740 1366 5814 pacha.
1384 5742 1444 5806 sm
1468 5737 1576 5816 Miync,
1602 5737 1711 5796 Patrol.
1728 5740 1778 5796 lat.
1796 5738 1909 5809 XXVI,

261 5851 350 5910 1124.
442 5847 473 5916 5)
496 5845 563 5905 Νοιι
586 5846 696 5914 iuveni,·
718 5847 771 5904 sed
791 5846 832 5918 cf.
856 5846 1007 5923 Auqmtini
1027 5865 1094 5921 opp.
1117 5846 1230 5917 1⁷,637
1240 5866 1301 5921 sqq.
