4884 6717
741 541 793 599 50.
830 541 1049 600 CONCILIUM
1072 543 1301 599 PARISIENSE
1324 544 1362 600 Α.
1383 542 1457 599 828.
1858 533 1919 598 841

264 739 368 795 ieiunio
393 748 421 794 et
444 739 574 806 orationi,
599 740 629 793 in
651 738 730 805 locis,
756 739 857 810 quibus
880 741 1117 795 renuntiaverunt
1140 739 1248 808 seculo,
1272 748 1484 811 permanentes,
1507 741 1544 795 ut
1566 759 1620 796 nec
1644 739 1844 796 ecclesiasticis
1867 757 1921 795 nec

264 846 455 902 saecularibus
478 846 602 918 negotiis
625 846 832 901 communicent
856 859 917 901 nec
941 847 970 901 iu
994 847 1088 918 aliquo
1111 847 1168 900 siut
1189 847 1302 902 molesti
1326 848 1441 919 propria
1464 847 1635 903 monasteria
1658 848 1837 912 deserentes,
1868 847 1921 901 nisi

264 953 336 1009 sorte
362 953 403 1008 eis
425 953 619 1025 praecipiatur
641 960 761 1024 propter
782 970 854 1024 opus
877 954 1069 1009 necessarium
1092 954 1128 1008 ab
1160 954 1294 1025 episcopo
1325 954 1470 1009 civitatis?
1522 944 1584 1009 His
1614 946 1660 1008 ita
1689 967 1733 1008 cx
1763 944 1922 1008 canonica

264 1051 455 1115 auctoritate
478 1050 668 1137 praemissis
692 1061 829 1136 oportet,
853 1060 889 1114 ut
913 1050 1062 1114 canonici
1087 1060 1119 1113 et
1135 1050 1286 1114 monachi
1303 1073 1338 1115 se
1355 1049 1397 1115 ab
1414 1050 1475 1116 hoc
1493 1050 1615 1115 inlicito
1632 1050 1719 1115 facto
1737 1048 1919 1130 cohibeant,

227 1180 304 1223 sue
327 1157 496 1242 contingat
527 1179 583 1221 eos
614 1158 773 1221 canonica
804 1178 944 1221 censura
972 1155 1117 1242 percelli,
1153 1179 1218 1242 qua
1250 1156 1384 1222 dicitur:
1420 1162 1715 1240 Transgredienteml
1745 1185 1812 1222 vero
1847 1167 1920 1221 hanc

263 1272 454 1329 definitionem
478 1279 602 1327 nostram
626 1273 897 1329 excommunicatum
921 1290 984 1327 esse
1009 1273 1196 1339 decrevimus,
1224 1291 1260 1328 uc
1292 1291 1393 1329 nomeu
1417 1274 1530 1329 Domini
1560 1274 1784 1344 blasphemetur.
1833 1262 1919 1344 Qua·

263 1368 336 1434 liter
359 1385 468 1434 autem
500 1369 742 1434 conlocutiones
772 1370 966 1434 senunarum
997 1369 1058 1450 his,
1095 1370 1151 1455 qui
1181 1372 1282 1434 sacris
1314 1371 1430 1435 officiis
1461 1371 1638 1457 mancipati
1670 1381 1754 1450 sunt,
1784 1369 1918 1435 vitando

262 1477 336 1554 sint,
359 1478 428 1541 vita
452 1475 540 1540 beati
555 1475 731 1562 Augustini
755 1487 787 1540 et
810 1475 898 1541 beati
914 1475 1080 1541 Ambrosii
1102 1487 1134 1540 et
1151 1476 1239 1541 dicta
1255 1489 1441 1541 sanctorum
1458 1475 1605 1563 Cipriani
1622 1487 1719 1563 atque
1735 1476 1919 1541 Hieronimi

262 1596 295 1647 et
317 1581 454 1646 aliorum
477 1582 688 1668 plurimorum
713 1596 825 1669 aperte
849 1583 1034 1648 ostendunt.

218 1754 244 1793 ro
369 1724 472 1811 Cap.
498 1724 637 1789 XLVII.
686 1722 816 1806 Quod
845 1725 1096 1790 missarum
1120 1723 1490 1790 celebrationes
1521 1726 1565 1789 iu
1596 1725 1721 1790 locis
1752 1726 1918 1790 incon·

261 1830 553 1918 grueutibus
592 1830 712 1896 fieri
749 1853 837 1896 uon
876 1831 1093 1897 debeant
1157 1830 1441 1897 Consuetudiues²
1475 1831 1519 1896 ad
1554 1831 1758 1918 quorundam
1789 1830 1918 1897 libitum

208 1940 215 1952 ’
261 1952 420 2026 repertae,
444 1938 520 2003 licet
544 1949 656 2003 contra
679 1939 907 2003 auctoritatem
931 1939 1185 2004 ecelesiasticam
1210 1941 1363 2020 existant,
1393 1960 1458 2003 nou
1489 1938 1620 2004 facilem
1650 1950 1760 2003 tamen
1790 1960 1917 2004 correc-

260 2048 380 2111 tionem
405 2046 580 2132 accipiunt
618 2045 648 2109 E
672 2044 791 2132 quibus
814 2057 864 2110 est
887 2044 976 2126 illud,
1001 2045 1089 2132 quod
1108 2045 1256 2132 plerique
1272 2044 1488 2133 praesbyteri,
1505 2045 1663 2132 neglectis
1679 2044 1825 2110 basilicis
1841 2046 1916 2110 Deo

261 2153 388 2234 dicatis,
412 2154 446 2217 in
470 2151 620 2217 domibus
644 2165 676 2217 et
702 2151 803 2217 hortis
833 2153 1007 2217 missarum
1039 2151 1276 2217 celebrationes
1307 2162 1421 2218 contra
1451 2151 1596 2216 divinam
1626 2153 1854 2217 auctoritatem
1886 2164 1919 2217 et

216 2286 242 2327 rs
261 2262 453 2326 canonicam
476 2260 710 2324 institutionem
733 2258 843 2324 facere
867 2271 1094 2346 praesumunt,
1126 2270 1159 2324 et
1181 2259 1244 2325 boc
1275 2259 1424 2324 similiter
1454 2258 1498 2324 ad
1529 2260 1756 2346 episcoporum
1787 2257 1917 2345 culpam

261 2369 423 2454 pertinere
447 2368 656 2454 perspicuum
681 2376 739 2432 est.
792 2365 936 2431 Proinde
966 2387 1101 2431 necesse
1131 2376 1190 2447 est,
1226 2378 1261 2432 ut
1295 2367 1519 2453 unusquisque
1551 2367 1777 2452 episcoporum
1808 2365 1917 2430 huius·

261 2473 388 2539 cemodi
418 2474 624 2538 temerariam
655 2471 925 2537 cousuetudinem
955 2495 975 2536 a
1005 2473 1199 2558 parroechia
1229 2495 1288 2537 sua
1317 2474 1468 2559 poenitus
1498 2483 1659 2537 amoveat
1711 2472 1756 2536 Et
1786 2473 1813 2536 si
1844 2473 1917 2559 quis

261 2580 548 2668 praesbyterorum
572 2576 702 2660 abhinc,
727 2589 867 2665 excepto
892 2579 1023 2666 quando
1047 2581 1080 2644 in
1110 2581 1226 2645 itinere
1257 2580 1405 2666 pergitur
1434 2588 1467 2643 et
1497 2578 1588 2644 locus
1617 2577 1773 2643 basilicae
1804 2578 1917 2665 procul

263 2698 311 2752 est
335 2698 367 2751 et
390 2686 423 2751 id
447 2687 480 2750 in
504 2683 662 2750 altaribus
686 2682 728 2749 ab
752 2687 907 2772 episcopo
931 2687 1130 2752 consecratis
1153 2687 1225 2751 fieri
1248 2687 1427 2751 necessitas
1444 2684 1619 2771 compellit,
1639 2707 1680 2750 ue
1696 2684 1835 2772 populus
1850 2685 1916 2750 Dei

217 2819 244 2859 sc
262 2796 331 2858 sine
361 2793 532 2857 missarum
563 2790 784 2857 celebratione
819 2803 852 2857 et
886 2794 1031 2879 corporis
1066 2805 1099 2857 et
1133 2794 1302 2879 sauguinis
1338 2791 1494 2858 dominici
1528 2793 1739 2880 perceptione
1775 2803 1915 2872 maneat,

261 2902 432 2966 missarum
457 2898 694 2964 celebrationes
717 2900 752 2963 in
775 2899 1001 2965 huiuscemodi
1023 2900 1156 2964 inlicitis
1183 2900 1263 2965 locis
1293 2911 1367 2987 post
1396 2911 1444 2965 tot
1478 2909 1650 2986 tantasque
1680 2898 1916 2986 prohibitiones

261 3008 370 3073 facere
394 3005 655 3094 adtemptaverit,
679 3004 815 3091 digitum
838 3017 897 3088 est,
921 3017 957 3071 ut
979 3006 1101 3092 gradus
1128 3008 1178 3072 sui
1208 3006 1390 3094 periculum
1420 3008 1572 3072 incurrat
1627 3006 1745 3072 Laicos
1775 3028 1916 3093 namque

261 3115 434 3202 plerosque
457 3114 643 3179 meminisse
667 3123 795 3199 oportet
817 3134 922 3198 poene
946 3115 1033 3199 regis
1050 3113 1142 3196 Ozie,
1166 3116 1222 3200 qui
1245 3136 1305 3200 pro
1330 3135 1379 3195 eo,
1404 3112 1491 3201 quod
1515 3124 1628 3179 contra
1648 3113 1698 3178 fas
1714 3112 1916 3178 sacerdotale
1936 3124 2079 3218 ⁰¹·,²,·¹}',;'¹¹·

262 3222 475 3286 ministerium
499 3221 646 3306 arripuit,
670 3218 781 3305 leprae
805 3219 1001 3285 inmunditia
1024 3219 1099 3285 ilico
1123 3219 1253 3285 multari
1275 3221 1403 3286 meruit.
1450 3221 1494 3286 Et
1517 3219 1691 3306 diiigenter
1713 3219 1918 3307 perpendant
1998 3207 2003 3228 '
2040 3206 2046 3217 ¹

216 3352 244 3394 ss
262 3351 327 3393 uon
350 3350 422 3392 esse
446 3328 495 3391 sui
519 3326 628 3409 officii,
653 3338 689 3390 ut
710 3323 833 3390 relictis
856 3324 1001 3392 basilicis
1017 3326 1091 3391 Deo
1116 3325 1233 3392 dicatis
1257 3338 1290 3392 et
1313 3327 1492 3414 episcopali
1515 3328 1708 3391 auctoritate
1733 3337 1919 3414 contempta

263 3436 305 3502 ad
328 3434 456 3500 libitum
479 3457 573 3499 suum
597 3435 630 3497 in
653 3431 754 3497 hortis
778 3443 811 3497 et
834 3432 984 3497 domibus
1008 3433 1061 3499 vel
1085 3445 1172 3498 certe
1197 3433 1366 3514 aediculis,
1391 3456 1472 3520 quas
1496 3435 1588 3498 iuxta
1611 3433 1724 3498 domos
1748 3455 1822 3498 suas
1842 3455 1917 3498 cou-

262 3553 389 3609 struunt
412 3551 446 3606 et
467 3540 574 3626 palliis
598 3550 770 3620 exornant,
793 3540 826 3603 iu
852 3538 970 3626 quibus
994 3550 1027 3605 et
1056 3539 1172 3605 altaria
1203 3541 1285 3626 erigi
1314 3540 1448 3622 faciunt,
1479 3541 1651 3605 missarum
1681 3538 1918 3606 celebrationes

262 3647 480 3737 praesbiteros
504 3647 612 3711 facere
637 3644 864 3733 compellant⁸.
913 3644 1024 3712 Satius
1047 3646 1146 3732 igitur
1169 3645 1232 3711 illis
1256 3658 1305 3712 est
1328 3648 1460 3711 missam
1483 3669 1549 3712 uon
1572 3645 1686 3711 audire
1717 3667 1815 3734 quam
1845 3668 1917 3711 eam

262 3755 318 3821 ubi
341 3777 406 3820 nou
429 3754 507 3818 licet
530 3775 591 3818 uec
615 3763 743 3839 oportet
772 3751 896 3817 audire.
956 3752 1022 3819 Sed
1053 3766 1086 3817 et
1114 3752 1319 3840 praesbiteri,
1355 3754 1382 3817 si
1413 3765 1523 3818 tamen
1551 3751 1747 3841 praesbiteri
1776 3752 1918 3818 vocandi

217 3886 245 3929 rc
262 3873 346 3942 sunt,
371 3862 428 3949 qui
451 3858 642 3926 inconsultis
666 3861 830 3947 episcopis
853 3860 920 3924 suis
944 3859 1061 3924 altaria
1089 3861 1124 3924 in
1154 3859 1273 3925 talibus
1304 3860 1385 3925 locis
1416 3861 1543 3946 erigere
1574 3871 1795 3946 praesumunt,
1826 3861 1918 3924 iuxta

263 3991 434 4036 censuram
457 3968 650 4033 canonicam
673 3965 794 4051 gradus
817 3968 867 4031 sui
890 3966 1071 4053 periculum
1087 3967 1253 4031 incurrere
1269 3977 1443 4031 merentur.
1482 3967 1620 4032 Recemi
1635 3967 1756 4053 quippe
1773 3977 1939 4053 tempore.

263 4076 303 4141 de
328 4073 533 4141 celebrandis
556 4075 589 4138 in
614 4070 733 4138 talibus
756 4057 836 4138 locis
861 4073 967 4137 missis
992 4074 1124 4137 emersit
1147 4083 1260 4137 contra
1283 4074 1508 4138 auctoritatem
1539 4072 1796 4138 ecclesiasticam
1826 4073 1917 4154 baec,

262 4196 297 4248 ut
327 4179 524 4269 quibusdam
547 4179 688 4262 videtur,
719 4179 874 4265 religiosa
903 4178 1114 4260 consuetudo,
1150 4201 1245 4265 quae,
1281 4180 1358 4266 quia
1388 4191 1501 4266 aperte
1532 4179 1754 4245 ecclesiastice
1785 4180 1917 4266 antique

262 4289 429 4354 traditioni
451 4287 582 4352 videtur
604 4287 710 4368 reniti,
734 4309 800 4351 non
824 4285 922 4352 debet
944 4307 1031 4351 nova
1053 4285 1286 4350 adinventione
1311 4297 1343 4351 et
1373 4284 1519 4372 qualibet
1549 4287 1710 4373 pertinaci
1740 4286 1917 4351 intentione

216 4420 245 4461 rs
262 4395 404 4462 defendi.
453 4393 592 4476 Quando
617 4394 704 4459 enim
727 4394 761 4458 in
784 4394 901 4457 itinere
924 4394 1082 4481 pergitur,
1107 4415 1172 4457 non
1196 4391 1367 4476 industria,
1391 4392 1449 4458 sed
1480 4393 1658 4458 necessitas
1689 4390 1790 4458 aliubi
1820 4414 1917 4479 quam

261 4505 296 4568 in
320 4501 462 4567 ecclesia
483 4502 656 4566 missarum
687 4498 941 4565 celebrationem
970 4500 1042 4564 fieri
1071 4510 1181 4587 urget;
1217 4499 1348 4586 quaudo
1383 4522 1462 4565 vero
1498 4501 1531 4564 in
1566 4498 1716 4565 domibus
1750 4509 1783 4564 et
1817 4498 1918 4564 bortis

263 4609 387 4697 absque
410 4609 591 4696 praemissa
614 4607 809 4672 necessitate
832 4607 878 4686 fit,
909 4617 1021 4693 aperte
1051 4605 1193 4671 humana
1223 4608 1445 4693 praesumptio
1476 4618 1509 4672 et
1538 4617 1715 4694 praecepto
1744 4606 1855 4670 divino
1887 4616 1919 4670 et

263 4716 447 4781 auctoritati
471 4714 630 4780 canonice
654 4714 814 4779 contraire
839 4711 1068 4800 conprobatur.
1107 4711 1174 4778 Ubi
1197 4724 1307 4778 autem
1323 4713 1397 4779 Deo
1421 4715 1624 4780 sacrificium·
1642 4711 1843 4778 offerendum
1866 4713 1917 4793 sit,

262 4822 318 4888 lex
341 4821 454 4887 divina
476 4821 583 4903 docet,
606 4820 750 4885 Domino
774 4819 920 4885 dicente:
944 4820 1018 4885 Nem
1042 4823 1160 4908 offeras
1182 4822 1395 4886 holocaustum
1419 4837 1504 4887 hrum
1529 4825 1561 4886 r‘n
1585 4824 1674 4886 orurrr'
1699 4822 1775 4901 loco,
1805 4820 1863 4885 aed
1886 4822 1919 4884 iu
1939 4831 2048 4924 ciffi

216 4953 247 4995 so
264 4932 341 5008 loco,
365 4954 455 5016 quem
478 4931 605 5016 cleperit
632 4928 779 4993 dossinus
802 4928 890 4993 Deua
919 4942 1007 5008 turrs,·
1035 4929 1085 4992 ihi
1106 4930 1224 5015 offeror
1253 4928 1465 4993 holocaustum
1496 4943 1590 4992 tuum.
1644 4927 1688 4992 Et
1716 4926 1750 4991 in
1781 4925 1919 4991 coneilio
1966 4913 1971 4934 ’
2008 4912 2014 4924 ’
2050 4912 2056 4924 ’

264 5035 398 5122 legitur:
423 5040 509 5100 Non⁴
532 5051 657 5115 oportet,
680 5033 806 5120 inquid,
834 5044 864 5097 in
894 5042 1021 5098 domibus
1051 5042 1211 5099 oblationes
1241 5041 1314 5099 fieri.
1368 5033 1507 5115 Quando
1539 5056 1617 5120 ergo
1648 5031 1735 5120 quod
1758 5032 1919 5097 Dominus

371 5289 467 5340 XLVI.
496 5291 512 5341 2
532 5290 561 5341 in
579 5281 681 5353 aliquo]
701 5285 792 5353 aliquo
812 5287 839 5346 Γ,
859 5288 887 5336 in
907 5285 962 5338 alio
983 5282 1013 5334 P.
1088 5281 1318 5351 dds-finitionem]
1339 5286 1499 5337 deficiouem
1519 5287 1546 5337 Γ.
1620 5289 1636 5338 8
1656 5289 1780 5353 Agustiui
1800 5288 1827 5338 Γ.

371 5378 484 5428 XLVII.
516 5380 547 5428 li
568 5377 793 5441 cousuetudinem
814 5376 841 5425 Γ.
896 5377 1004 5440 penitus
1024 5376 1054 5428 P.
1113 5378 1145 5426 18
1164 5383 1315 5442 pargantur
1334 5376 1361 5426 Γ.
1418 5378 1451 5428 28
1470 5371 1569 5442 poene]
1590 5393 1678 5443 ponae
1699 5371 1730 5425 P.
1785 5377 1869 5428 Ouiae
1889 5379 1920 5429 P.

265 5469 299 5519 25
319 5462 356 5531 et]
378 5483 393 5518 e
413 5464 444 5519 P.
517 5468 552 5517 38
572 5463 674 5518 eclesia
693 5466 721 5517 V.
794 5466 826 5516 37
846 5467 1005 5531 praeceptio
1025 5465 1052 5513 V.
1120 5466 1154 5516 88
1174 5466 1336 5516 auctoritate
1355 5458 1387 5514 Ρ.
1454 5469 1488 5516 39
1507 5468 1536 5516 in
1555 5467 1766 5517 omui-tunm
1783 5465 1875 5517 demam
1893 5465 1920 5515 Γ.

218 5711 248 5751 4⁶
376 5683 406 5752 l)
432 5680 539 5742 Condi,
565 5681 792 5741 Chalcedonam
815 5701 838 5738 c.
855 5685 892 5749 4,·
923 5680 1023 5738 clausi
1043 5680 1107 5750 VII,
1124 5685 1184 5741 374
1197 5701 1239 5757 sq.
1355 5680 1385 5750 2)
1411 5679 1460 5752 Cf.
1484 5680 1585 5738 relatio
1608 5681 1801 5758 epr'smporum
1825 5702 1848 5739 c.
1865 5685 1922 5750 aa·

267 5792 286 5848 1.
302 5792 321 5848 1.
346 5789 386 5860 11,
402 5793 451 5850 41.
556 5789 587 5858 3)
613 5787 662 5861 Cf.
687 5808 760 5865 quae
783 5788 837 5845 buc
860 5788 895 5845 de
917 5805 950 5844 re
973 5787 1110 5864 conpescit
1137 5787 1170 5844 ζ’.
1197 5787 1284 5857 Strata,
1309 5789 1328 5844 l.
1346 5789 1365 5843 l.
1390 5785 1494 5856 I,280
1516 5807 1586 5845 aaa.
1605 5791 1653 5848 70.
1759 5789 1789 5860 4)
1815 5787 1920 5848 Concil.

269 5897 444 5955 Laodiceam
467 5915 490 5953 c.
508 5899 551 5956 58
558 5917 568 5964 ,·
594 5895 693 5953 Macci
714 5895 755 5965 Π,
771 5899 844 5954 582.

322 6013 366 6056 nn
378 6012 480 6053 masur·
493 6012 525 6055 11.
1068 6076 1071 6082 μ
1674 6019 1704 6067 81
