<?xml version="1.0" encoding="UTF-8"?>
<!DOCTYPE html PUBLIC "-//W3C//DTD XHTML 1.0 Transitional//EN"
    "http://www.w3.org/TR/xhtml1/DTD/xhtml1-transitional.dtd">
<html xmlns="http://www.w3.org/1999/xhtml" xml:lang="en" lang="en">
 <head>
  <title>
</title>
<meta http-equiv="Content-Type" content="text/html;charset=utf-8" />
  <meta name='ocr-system' content='tesseract 3.04.00' />
  <meta name='ocr-capabilities' content='ocr_page ocr_carea ocr_par ocr_line ocrx_word'/>
</head>
<body>
  <div class='ocr_page' id='page_1' title='image "./monumentagerman02gescgoog/monumentagerman02gescgoog_0215.png"; bbox 0 0 4884 6717; ppageno 0'>
   <div class='ocr_carea' id='block_1_1' title="bbox 706 560 1903 622">
    <p class='ocr_par' dir='ltr' id='par_1_1' title="bbox 706 560 1903 622">
     <span class='ocr_line' id='line_1_1' title="bbox 706 560 1903 622; baseline 0.003 -4"><span class='ocrx_word' id='word_1_1' title='bbox 706 562 777 618; x_wconf 84' lang='lat'><strong>·50.</strong></span> <span class='ocrx_word' id='word_1_2' title='bbox 814 562 1031 620; x_wconf 83' lang='lat' dir='ltr'><strong>CONCILIUM</strong></span> <span class='ocrx_word' id='word_1_3' title='bbox 1055 565 1282 621; x_wconf 82' lang='lat' dir='ltr'><strong>PARISIENSE</strong></span> <span class='ocrx_word' id='word_1_4' title='bbox 1306 565 1343 620; x_wconf 78' lang='lat' dir='ltr'><strong>A.</strong></span> <span class='ocrx_word' id='word_1_5' title='bbox 1364 564 1438 622; x_wconf 77' lang='lat'><strong>829.</strong></span> <span class='ocrx_word' id='word_1_6' title='bbox 1839 560 1903 622; x_wconf 78' lang='grc'><strong>627</strong></span> 
     </span>
    </p>
   </div>
   <div class='ocr_carea' id='block_1_2' title="bbox 212 747 1905 3090">
    <p class='ocr_par' dir='ltr' id='par_1_2' title="bbox 212 747 1905 3090">
     <span class='ocr_line' id='line_1_2' title="bbox 254 747 1902 839; baseline 0.004 -28"><span class='ocrx_word' id='word_1_7' title='bbox 254 747 315 812; x_wconf 89' lang='lat' dir='ltr'><strong>sibi</strong></span> <span class='ocrx_word' id='word_1_8' title='bbox 339 748 504 833; x_wconf 87' lang='lat' dir='ltr'><strong>subiectis,</strong></span> <span class='ocrx_word' id='word_1_9' title='bbox 529 755 694 819; x_wconf 88' lang='lat' dir='ltr'><strong>canonicis</strong></span> <span class='ocrx_word' id='word_1_10' title='bbox 717 751 882 832; x_wconf 86' lang='lat' dir='ltr'><strong>videlicet,</strong></span> <span class='ocrx_word' id='word_1_11' title='bbox 906 751 1072 815; x_wconf 90' lang='lat' dir='ltr'><strong>monachis</strong></span> <span class='ocrx_word' id='word_1_12' title='bbox 1096 765 1129 816; x_wconf 92' lang='lat' dir='ltr'><strong>et</strong></span> <span class='ocrx_word' id='word_1_13' title='bbox 1151 751 1461 834; x_wconf 83' lang='lat' dir='ltr'><strong>sanctimonialibus,</strong></span> <span class='ocrx_word' id='word_1_14' title='bbox 1485 752 1643 818; x_wconf 87' lang='lat' dir='ltr'><strong>hactenus</strong></span> <span class='ocrx_word' id='word_1_15' title='bbox 1666 753 1763 818; x_wconf 81' lang='lat' dir='ltr'><strong>valde</strong></span> <span class='ocrx_word' id='word_1_16' title='bbox 1791 752 1902 839; x_wconf 89' lang='lat' dir='ltr'><strong>negle-</strong></span> 
     </span>
     <span class='ocr_line' id='line_1_3' title="bbox 254 857 1903 946; baseline 0.004 -28"><span class='ocrx_word' id='word_1_17' title='bbox 254 866 366 939; x_wconf 80' lang='lat' dir='ltr'>gentes</span> <span class='ocrx_word' id='word_1_18' title='bbox 390 858 537 922; x_wconf 81' lang='lat' dir='ltr'>extitisse</span> <span class='ocrx_word' id='word_1_19' title='bbox 562 871 594 923; x_wconf 92' lang='lat' dir='ltr'><strong>et</strong></span> <span class='ocrx_word' id='word_1_20' title='bbox 617 860 659 925; x_wconf 93' lang='lat' dir='ltr'><strong>ob</strong></span> <span class='ocrx_word' id='word_1_21' title='bbox 684 859 718 925; x_wconf 89' lang='lat' dir='ltr'><strong>id</strong></span> <span class='ocrx_word' id='word_1_22' title='bbox 741 858 858 923; x_wconf 91' lang='lat' dir='ltr'><strong>multos</strong></span> <span class='ocrx_word' id='word_1_23' title='bbox 881 859 914 921; x_wconf 90' lang='lat' dir='ltr'><strong>in</strong></span> <span class='ocrx_word' id='word_1_24' title='bbox 938 859 988 923; x_wconf 91' lang='lat' dir='ltr'><strong>sui</strong></span> <span class='ocrx_word' id='word_1_25' title='bbox 1012 857 1244 924; x_wconf 79' lang='lat' dir='ltr'><strong>detractionem</strong></span> <span class='ocrx_word' id='word_1_26' title='bbox 1269 872 1301 923; x_wconf 88' lang='lat' dir='ltr'><strong>et</strong></span> <span class='ocrx_word' id='word_1_27' title='bbox 1324 869 1543 946; x_wconf 89' lang='lat' dir='ltr'><strong>contemptum</strong></span> <span class='ocrx_word' id='word_1_28' title='bbox 1567 882 1773 946; x_wconf 80' lang='lat' dir='ltr'><strong>provocasse,</strong></span> <span class='ocrx_word' id='word_1_29' title='bbox 1799 862 1844 924; x_wconf 89' lang='lat' dir='ltr'><strong>ita</strong></span> <span class='ocrx_word' id='word_1_30' title='bbox 1868 871 1903 925; x_wconf 91' lang='lat' dir='ltr'><strong>ut</strong></span> 
     </span>
     <span class='ocr_line' id='line_1_4' title="bbox 254 961 1904 1052; baseline 0.004 -28"><span class='ocrx_word' id='word_1_31' title='bbox 254 961 398 1025; x_wconf 84' lang='lat' dir='ltr'><strong>nonnulli</strong></span> <span class='ocrx_word' id='word_1_32' title='bbox 422 962 477 1027; x_wconf 87' lang='lat' dir='ltr'><strong>alii</strong></span> <span class='ocrx_word' id='word_1_33' title='bbox 501 965 638 1050; x_wconf 88' lang='lat' dir='ltr'><strong>praelati</strong></span> <span class='ocrx_word' id='word_1_34' title='bbox 660 968 694 1031; x_wconf 91' lang='lat' dir='ltr'><strong>in</strong></span> <span class='ocrx_word' id='word_1_35' title='bbox 718 989 829 1030; x_wconf 90' lang='lat' dir='ltr'><strong>eorum</strong></span> <span class='ocrx_word' id='word_1_36' title='bbox 852 963 1052 1050; x_wconf 79' lang='lat' dir='ltr'><strong>parroechiis</strong></span> <span class='ocrx_word' id='word_1_37' title='bbox 1076 966 1251 1046; x_wconf 89' lang='lat' dir='ltr'><strong>constituti,</strong></span> <span class='ocrx_word' id='word_1_38' title='bbox 1268 987 1380 1029; x_wconf 89' lang='lat' dir='ltr'><strong>eorum</strong></span> <span class='ocrx_word' id='word_1_39' title='bbox 1396 987 1499 1051; x_wconf 88' lang='lat' dir='ltr'><strong>prava</strong></span> <span class='ocrx_word' id='word_1_40' title='bbox 1523 965 1674 1052; x_wconf 85' lang='lat' dir='ltr'><strong>exempla</strong></span> <span class='ocrx_word' id='word_1_41' title='bbox 1697 968 1810 1045; x_wconf 91' lang='lat' dir='ltr'><strong>secuti,</strong></span> <span class='ocrx_word' id='word_1_42' title='bbox 1828 989 1904 1031; x_wconf 88' lang='lat' dir='ltr'><strong>suas</strong></span> 
     </span>
     <span class='ocr_line' id='line_1_5' title="bbox 255 1067 1904 1158; baseline 0.004 -27"><span class='ocrx_word' id='word_1_43' title='bbox 255 1067 401 1132; x_wconf 88' lang='lat' dir='ltr'><strong>similiter</strong></span> <span class='ocrx_word' id='word_1_44' title='bbox 424 1074 693 1157; x_wconf 83' lang='lat' dir='ltr'><strong>congregationes</strong></span> <span class='ocrx_word' id='word_1_45' title='bbox 717 1071 931 1157; x_wconf 80' lang='lat' dir='ltr'><strong>neglexerint</strong></span> <span class='ocrx_word' id='word_1_46' title='bbox 971 1070 1061 1151; x_wconf 81' lang='lat' dir='ltr'><strong>Quos</strong></span> <span class='ocrx_word' id='word_1_47' title='bbox 1085 1082 1117 1134; x_wconf 91' lang='lat' dir='ltr'><strong>et</strong></span> <span class='ocrx_word' id='word_1_48' title='bbox 1132 1071 1275 1135; x_wconf 85' lang='lat' dir='ltr'><strong>fraterno</strong></span> <span class='ocrx_word' id='word_1_49' title='bbox 1291 1083 1324 1135; x_wconf 92' lang='lat' dir='ltr'><strong>et</strong></span> <span class='ocrx_word' id='word_1_50' title='bbox 1339 1071 1488 1158; x_wconf 85' lang='lat' dir='ltr'><strong>synodali</strong></span> <span class='ocrx_word' id='word_1_51' title='bbox 1505 1084 1667 1137; x_wconf 83' lang='lat' dir='ltr'><strong>conventu</strong></span> <span class='ocrx_word' id='word_1_52' title='bbox 1683 1072 1904 1137; x_wconf 88' lang='lat' dir='ltr'><strong>admonendos</strong></span> 
     </span>
     <span class='ocr_line' id='line_1_6' title="bbox 223 1177 1903 1265; baseline 0.004 -28"><span class='ocrx_word' id='word_1_53' title='bbox 223 1196 325 1238; x_wconf 84' lang='lat' dir='ltr'><strong>sesae</strong></span> <span class='ocrx_word' id='word_1_54' title='bbox 349 1178 534 1241; x_wconf 88' lang='lat' dir='ltr'><strong>necessario</strong></span> <span class='ocrx_word' id='word_1_55' title='bbox 558 1178 720 1259; x_wconf 83' lang='lat' dir='ltr'><strong>duximus,</strong></span> <span class='ocrx_word' id='word_1_56' title='bbox 745 1191 780 1244; x_wconf 90' lang='lat' dir='ltr'><strong>ut</strong></span> <span class='ocrx_word' id='word_1_57' title='bbox 803 1177 844 1242; x_wconf 91' lang='lat' dir='ltr'><strong>ab</strong></span> <span class='ocrx_word' id='word_1_58' title='bbox 873 1178 935 1242; x_wconf 88' lang='lat' dir='ltr'><strong>hac</strong></span> <span class='ocrx_word' id='word_1_59' title='bbox 965 1177 1171 1263; x_wconf 82' lang='lat' dir='ltr'><strong>neglegentia</strong></span> <span class='ocrx_word' id='word_1_60' title='bbox 1201 1177 1357 1265; x_wconf 83' lang='lat' dir='ltr'><strong>deinceps</strong></span> <span class='ocrx_word' id='word_1_61' title='bbox 1388 1201 1422 1242; x_wconf 86' lang='lat' dir='ltr'><strong>se</strong></span> <span class='ocrx_word' id='word_1_62' title='bbox 1454 1177 1628 1243; x_wconf 85' lang='lat' dir='ltr'><strong>cohibeant</strong></span> <span class='ocrx_word' id='word_1_63' title='bbox 1658 1187 1690 1243; x_wconf 91' lang='lat' dir='ltr'><strong>et</strong></span> <span class='ocrx_word' id='word_1_64' title='bbox 1721 1181 1838 1243; x_wconf 86' lang='lat' dir='ltr'><strong>ceteris</strong></span> <span class='ocrx_word' id='word_1_65' title='bbox 1868 1202 1903 1244; x_wconf 89' lang='lat' dir='ltr'><strong>se</strong></span> 
     </span>
     <span class='ocr_line' id='line_1_7' title="bbox 254 1280 1904 1372; baseline 0.004 -29"><span class='ocrx_word' id='word_1_66' title='bbox 254 1280 427 1346; x_wconf 86' lang='lat' dir='ltr'><strong>imitabiles</strong></span> <span class='ocrx_word' id='word_1_67' title='bbox 451 1283 638 1370; x_wconf 85' lang='lat' dir='ltr'><strong>praebeant,</strong></span> <span class='ocrx_word' id='word_1_68' title='bbox 663 1309 704 1350; x_wconf 93' lang='lat' dir='ltr'><strong>ne</strong></span> <span class='ocrx_word' id='word_1_69' title='bbox 728 1286 809 1350; x_wconf 86' lang='lat' dir='ltr'><strong>forte</strong></span> <span class='ocrx_word' id='word_1_70' title='bbox 833 1296 966 1371; x_wconf 90' lang='lat' dir='ltr'><strong>propter</strong></span> <span class='ocrx_word' id='word_1_71' title='bbox 989 1283 1115 1349; x_wconf 88' lang='lat' dir='ltr'><strong>illorum</strong></span> <span class='ocrx_word' id='word_1_72' title='bbox 1140 1286 1298 1348; x_wconf 89' lang='lat' dir='ltr'><strong>incuriam</strong></span> <span class='ocrx_word' id='word_1_73' title='bbox 1323 1297 1355 1348; x_wconf 91' lang='lat' dir='ltr'><strong>et</strong></span> <span class='ocrx_word' id='word_1_74' title='bbox 1371 1284 1502 1349; x_wconf 87' lang='lat' dir='ltr'><strong>divinae</strong></span> <span class='ocrx_word' id='word_1_75' title='bbox 1519 1286 1683 1348; x_wconf 92' lang='lat' dir='ltr'><strong>servitutis</strong></span> <span class='ocrx_word' id='word_1_76' title='bbox 1701 1298 1904 1372; x_wconf 92' lang='lat' dir='ltr'><strong>contemptus</strong></span> 
     </span>
     <span class='ocr_line' id='line_1_8' title="bbox 256 1389 1905 1478; baseline 0.004 -28"><span class='ocrx_word' id='word_1_77' title='bbox 256 1399 287 1450; x_wconf 91' lang='lat' dir='ltr'><strong>et</strong></span> <span class='ocrx_word' id='word_1_78' title='bbox 309 1389 454 1473; x_wconf 90' lang='lat' dir='ltr'><strong>pericula</strong></span> <span class='ocrx_word' id='word_1_79' title='bbox 477 1394 670 1477; x_wconf 85' lang='lat' dir='ltr'><strong>proveniant</strong></span> <span class='ocrx_word' id='word_1_80' title='bbox 693 1395 872 1457; x_wconf 83' lang='lat' dir='ltr'><strong>animauun</strong></span> <span class='ocrx_word' id='word_1_81' title='bbox 897 1404 929 1455; x_wconf 91' lang='lat' dir='ltr'><strong>et</strong></span> <span class='ocrx_word' id='word_1_82' title='bbox 952 1390 1083 1456; x_wconf 84' lang='lat' dir='ltr'><strong>auribus</strong></span> <span class='ocrx_word' id='word_1_83' title='bbox 1108 1390 1321 1455; x_wconf 87' lang='lat' dir='ltr'><strong>excellentiae</strong></span> <span class='ocrx_word' id='word_1_84' title='bbox 1346 1402 1474 1455; x_wconf 88' lang='lat' dir='ltr'><strong>vestrae</strong></span> <span class='ocrx_word' id='word_1_85' title='bbox 1498 1390 1644 1457; x_wconf 84' lang='lat' dir='ltr'><strong>molestia</strong></span> <span class='ocrx_word' id='word_1_86' title='bbox 1675 1394 1842 1478; x_wconf 90' lang='lat' dir='ltr'><strong>ingeratur</strong></span> <span class='ocrx_word' id='word_1_87' title='bbox 1872 1403 1905 1457; x_wconf 93' lang='lat' dir='ltr'><strong>et</strong></span> 
     </span>
     <span class='ocr_line' id='line_1_9' title="bbox 255 1496 1904 1586; baseline 0.002 -29"><span class='ocrx_word' id='word_1_88' title='bbox 255 1507 383 1559; x_wconf 88' lang='lat' dir='ltr'><strong>nostrae</strong></span> <span class='ocrx_word' id='word_1_89' title='bbox 400 1497 616 1563; x_wconf 86' lang='lat' dir='ltr'><strong>mediocritati</strong></span> <span class='ocrx_word' id='word_1_90' title='bbox 640 1500 673 1563; x_wconf 91' lang='lat' dir='ltr'><strong>iu</strong></span> <span class='ocrx_word' id='word_1_91' title='bbox 695 1501 796 1564; x_wconf 90' lang='lat' dir='ltr'><strong>sacris</strong></span> <span class='ocrx_word' id='word_1_92' title='bbox 812 1497 1026 1564; x_wconf 89' lang='lat' dir='ltr'><strong>conventibus</strong></span> <span class='ocrx_word' id='word_1_93' title='bbox 1042 1498 1164 1562; x_wconf 90' lang='lat' dir='ltr'><strong>tedium</strong></span> <span class='ocrx_word' id='word_1_94' title='bbox 1182 1509 1214 1561; x_wconf 89' lang='lat' dir='ltr'><strong>et</strong></span> <span class='ocrx_word' id='word_1_95' title='bbox 1233 1496 1442 1584; x_wconf 86' lang='lat' dir='ltr'><strong>obprobrium</strong></span> <span class='ocrx_word' id='word_1_96' title='bbox 1459 1499 1626 1564; x_wconf 86' lang='lat' dir='ltr'><strong>inferatur.</strong></span> <span class='ocrx_word' id='word_1_97' title='bbox 1666 1498 1904 1586; x_wconf 82' lang='lat' dir='ltr'><strong>Conperimusl</strong></span> 
     </span>
     <span class='ocr_line' id='line_1_10' title="bbox 256 1603 1902 1691; baseline 0.003 -27"><span class='ocrx_word' id='word_1_98' title='bbox 256 1603 352 1666; x_wconf 89' lang='lat' dir='ltr'><strong>etiam</strong></span> <span class='ocrx_word' id='word_1_99' title='bbox 375 1603 532 1688; x_wconf 87' lang='lat' dir='ltr'><strong>quosdam</strong></span> <span class='ocrx_word' id='word_1_100' title='bbox 556 1606 661 1669; x_wconf 89' lang='lat' dir='ltr'><strong>socios</strong></span> <span class='ocrx_word' id='word_1_101' title='bbox 693 1605 814 1670; x_wconf 91' lang='lat' dir='ltr'><strong>ordinis</strong></span> <span class='ocrx_word' id='word_1_102' title='bbox 843 1606 945 1684; x_wconf 89' lang='lat' dir='ltr'><strong>nostri</strong></span> <span class='ocrx_word' id='word_1_103' title='bbox 975 1628 1040 1669; x_wconf 91' lang='lat' dir='ltr'><strong>non</strong></span> <span class='ocrx_word' id='word_1_104' title='bbox 1071 1627 1169 1669; x_wconf 90' lang='lat' dir='ltr'><strong>causa</strong></span> <span class='ocrx_word' id='word_1_105' title='bbox 1198 1605 1402 1668; x_wconf 84' lang='lat' dir='ltr'><strong>necessitatis</strong></span> <span class='ocrx_word' id='word_1_106' title='bbox 1433 1618 1489 1668; x_wconf 91' lang='lat' dir='ltr'><strong>aut</strong></span> <span class='ocrx_word' id='word_1_107' title='bbox 1518 1605 1675 1686; x_wconf 88' lang='lat' dir='ltr'><strong>utilitatis,</strong></span> <span class='ocrx_word' id='word_1_108' title='bbox 1707 1604 1765 1669; x_wconf 86' lang='lat' dir='ltr'><strong>sed</strong></span> <span class='ocrx_word' id='word_1_109' title='bbox 1795 1606 1902 1691; x_wconf 90' lang='lat' dir='ltr'><strong>potius</strong></span> 
     </span>
     <span class='ocr_line' id='line_1_11' title="bbox 213 1709 1904 1798; baseline 0.001 -24"><span class='ocrx_word' id='word_1_110' title='bbox 213 1737 238 1775; x_wconf 81' lang='lat' dir='ltr'><strong>ia</strong></span> <span class='ocrx_word' id='word_1_111' title='bbox 255 1709 411 1773; x_wconf 86' lang='lat' dir='ltr'><strong>avaritiae</strong></span> <span class='ocrx_word' id='word_1_112' title='bbox 436 1721 468 1774; x_wconf 89' lang='lat' dir='ltr'><strong>et</strong></span> <span class='ocrx_word' id='word_1_113' title='bbox 491 1713 642 1797; x_wconf 89' lang='lat' dir='ltr'><strong>propriae</strong></span> <span class='ocrx_word' id='word_1_114' title='bbox 667 1711 889 1776; x_wconf 85' lang='lat' dir='ltr'><strong>delectationis</strong></span> <span class='ocrx_word' id='word_1_115' title='bbox 914 1713 1113 1797; x_wconf 86' lang='lat' dir='ltr'><strong>saepissime,</strong></span> <span class='ocrx_word' id='word_1_116' title='bbox 1144 1712 1276 1798; x_wconf 92' lang='lat' dir='ltr'><strong>propria</strong></span> <span class='ocrx_word' id='word_1_117' title='bbox 1300 1712 1441 1776; x_wconf 86' lang='lat' dir='ltr'><strong>civitatis</strong></span> <span class='ocrx_word' id='word_1_118' title='bbox 1466 1734 1544 1777; x_wconf 91' lang='lat' dir='ltr'><strong>suae</strong></span> <span class='ocrx_word' id='word_1_119' title='bbox 1568 1712 1645 1777; x_wconf 92' lang='lat' dir='ltr'><strong>sede</strong></span> <span class='ocrx_word' id='word_1_120' title='bbox 1666 1712 1779 1776; x_wconf 89' lang='lat' dir='ltr'><strong>relicta</strong></span> <span class='ocrx_word' id='word_1_121' title='bbox 1802 1712 1904 1776; x_wconf 90' lang='lat' dir='ltr'><strong>elero-</strong></span> 
     </span>
     <span class='ocr_line' id='line_1_12' title="bbox 256 1808 1904 1906; baseline 0.002 -27"><span class='ocrx_word' id='word_1_122' title='bbox 256 1838 318 1901; x_wconf 92' lang='lat' dir='ltr'><strong>que</strong></span> <span class='ocrx_word' id='word_1_123' title='bbox 342 1816 500 1900; x_wconf 89' lang='lat' dir='ltr'><strong>neglecto,</strong></span> <span class='ocrx_word' id='word_1_124' title='bbox 525 1820 705 1882; x_wconf 89' lang='lat' dir='ltr'><strong>renrociora</strong></span> <span class='ocrx_word' id='word_1_125' title='bbox 729 1817 800 1883; x_wconf 89' lang='lat' dir='ltr'><strong>loca</strong></span> <span class='ocrx_word' id='word_1_126' title='bbox 822 1818 1041 1904; x_wconf 84' lang='lat' dir='ltr'><strong>frequentare,</strong></span> <span class='ocrx_word' id='word_1_127' title='bbox 1067 1818 1106 1882; x_wconf 92' lang='lat' dir='ltr'><strong>de</strong></span> <span class='ocrx_word' id='word_1_128' title='bbox 1131 1808 1195 1906; x_wconf 82' lang='lat' dir='ltr'><strong>qua</strong></span> <span class='ocrx_word' id='word_1_129' title='bbox 1218 1841 1254 1882; x_wconf 89' lang='lat' dir='ltr'><strong>re</strong></span> <span class='ocrx_word' id='word_1_130' title='bbox 1279 1831 1311 1882; x_wconf 91' lang='lat' dir='ltr'><strong>et</strong></span> <span class='ocrx_word' id='word_1_131' title='bbox 1334 1818 1491 1882; x_wconf 89' lang='lat' dir='ltr'><strong>distitutio</strong></span> <span class='ocrx_word' id='word_1_132' title='bbox 1515 1818 1618 1882; x_wconf 88' lang='lat' dir='ltr'><strong>divini</strong></span> <span class='ocrx_word' id='word_1_133' title='bbox 1643 1818 1747 1883; x_wconf 89' lang='lat' dir='ltr'><strong>cultus</strong></span> <span class='ocrx_word' id='word_1_134' title='bbox 1764 1831 1796 1881; x_wconf 90' lang='lat' dir='ltr'><strong>ct</strong></span> <span class='ocrx_word' id='word_1_135' title='bbox 1811 1841 1904 1904; x_wconf 88' lang='lat' dir='ltr'><strong>prae·</strong></span> 
     </span>
     <span class='ocr_line' id='line_1_13' title="bbox 256 1922 1905 2011; baseline 0.002 -26"><span class='ocrx_word' id='word_1_136' title='bbox 256 1922 376 1986; x_wconf 86' lang='lat' dir='ltr'><strong>dicatio</strong></span> <span class='ocrx_word' id='word_1_137' title='bbox 401 1924 434 1986; x_wconf 91' lang='lat' dir='ltr'><strong>in</strong></span> <span class='ocrx_word' id='word_1_138' title='bbox 457 1922 607 2009; x_wconf 87' lang='lat' dir='ltr'><strong>plebibus</strong></span> <span class='ocrx_word' id='word_1_139' title='bbox 631 1937 663 1989; x_wconf 91' lang='lat' dir='ltr'><strong>et</strong></span> <span class='ocrx_word' id='word_1_140' title='bbox 687 1948 766 1990; x_wconf 91' lang='lat' dir='ltr'><strong>eura</strong></span> <span class='ocrx_word' id='word_1_141' title='bbox 789 1923 1008 1989; x_wconf 92' lang='lat' dir='ltr'><strong>subiectorum</strong></span> <span class='ocrx_word' id='word_1_142' title='bbox 1039 1927 1244 2011; x_wconf 87' lang='lat' dir='ltr'><strong>postponitur</strong></span> <span class='ocrx_word' id='word_1_143' title='bbox 1273 1937 1306 1990; x_wconf 89' lang='lat' dir='ltr'><strong>et</strong></span> <span class='ocrx_word' id='word_1_144' title='bbox 1334 1924 1535 2011; x_wconf 89' lang='lat' dir='ltr'><strong>hospitalitas</strong></span> <span class='ocrx_word' id='word_1_145' title='bbox 1566 1925 1759 2010; x_wconf 87' lang='lat' dir='ltr'><strong>neglegitur.</strong></span> <span class='ocrx_word' id='word_1_146' title='bbox 1808 1924 1905 2005; x_wconf 83' lang='lat' dir='ltr'><strong>Quod</strong></span> 
     </span>
     <span class='ocr_line' id='line_1_14' title="bbox 256 2028 1905 2118; baseline 0.002 -26"><span class='ocrx_word' id='word_1_147' title='bbox 256 2052 296 2092; x_wconf 88' lang='lat' dir='ltr'><strong>ne</strong></span> <span class='ocrx_word' id='word_1_148' title='bbox 319 2028 457 2093; x_wconf 77' lang='lat' dir='ltr'><strong>ulterius</strong></span> <span class='ocrx_word' id='word_1_149' title='bbox 477 2053 497 2092; x_wconf 90' lang='lat' dir='ltr'><strong>a</strong></span> <span class='ocrx_word' id='word_1_150' title='bbox 520 2054 684 2117; x_wconf 88' lang='lat' dir='ltr'><strong>quoquam</strong></span> <span class='ocrx_word' id='word_1_151' title='bbox 707 2032 776 2095; x_wconf 91' lang='lat' dir='ltr'><strong>sine</strong></span> <span class='ocrx_word' id='word_1_152' title='bbox 801 2029 982 2095; x_wconf 88' lang='lat' dir='ltr'><strong>inevitabili</strong></span> <span class='ocrx_word' id='word_1_153' title='bbox 1005 2033 1198 2096; x_wconf 89' lang='lat' dir='ltr'><strong>necessitate</strong></span> <span class='ocrx_word' id='word_1_154' title='bbox 1224 2044 1255 2096; x_wconf 93' lang='lat' dir='ltr'><strong>et</strong></span> <span class='ocrx_word' id='word_1_155' title='bbox 1279 2045 1368 2097; x_wconf 89' lang='lat' dir='ltr'><strong>certa</strong></span> <span class='ocrx_word' id='word_1_156' title='bbox 1391 2031 1527 2096; x_wconf 90' lang='lat' dir='ltr'><strong>utilitate</strong></span> <span class='ocrx_word' id='word_1_157' title='bbox 1552 2032 1617 2112; x_wconf 89' lang='lat' dir='ltr'><strong>fiat,</strong></span> <span class='ocrx_word' id='word_1_158' title='bbox 1642 2032 1714 2118; x_wconf 88' lang='lat' dir='ltr'><strong>pari</strong></span> <span class='ocrx_word' id='word_1_159' title='bbox 1745 2053 1905 2095; x_wconf 90' lang='lat' dir='ltr'><strong>consensu</strong></span> 
     </span>
     <span class='ocr_line' id='line_1_15' title="bbox 256 2135 464 2200; baseline 0.005 -1"><span class='ocrx_word' id='word_1_160' title='bbox 256 2135 464 2200; x_wconf 86' lang='lat' dir='ltr'><strong>inhibuimus.</strong></span> 
     </span>
     <span class='ocr_line' id='line_1_16' title="bbox 212 2259 1903 2349; baseline 0 -24"><span class='ocrx_word' id='word_1_161' title='bbox 212 2287 238 2325; x_wconf 79' lang='lat' dir='ltr'><strong>is</strong></span> <span class='ocrx_word' id='word_1_162' title='bbox 363 2259 574 2346; x_wconf 75' lang='lat' dir='ltr'><strong>Capitulo</strong></span> <span class='ocrx_word' id='word_1_163' title='bbox 599 2261 711 2327; x_wconf 82' lang='lat' dir='ltr'><strong>XXII.</strong></span> <span class='ocrx_word' id='word_1_164' title='bbox 758 2263 819 2327; x_wconf 89' lang='lat' dir='ltr'><strong>De</strong></span> <span class='ocrx_word' id='word_1_165' title='bbox 843 2262 1060 2327; x_wconf 89' lang='lat' dir='ltr'><strong>laicorum</strong></span> <span class='ocrx_word' id='word_1_166' title='bbox 1085 2262 1275 2328; x_wconf 87' lang='lat' dir='ltr'><strong>clericis</strong></span> <span class='ocrx_word' id='word_1_167' title='bbox 1299 2285 1537 2349; x_wconf 89' lang='lat' dir='ltr'><strong>eorumque</strong></span> <span class='ocrx_word' id='word_1_168' title='bbox 1562 2263 1903 2327; x_wconf 84' lang='lat' dir='ltr'><strong>examinatione</strong></span> 
     </span>
     <span class='ocr_line' id='line_1_17' title="bbox 256 2368 1904 2454; baseline 0.001 -24"><span class='ocrx_word' id='word_1_169' title='bbox 256 2379 299 2430; x_wconf 91' lang='lat' dir='ltr'><strong>ct</strong></span> <span class='ocrx_word' id='word_1_170' title='bbox 332 2369 644 2453; x_wconf 89' lang='lat' dir='ltr'><strong>promotione.</strong></span> <span class='ocrx_word' id='word_1_171' title='bbox 702 2368 777 2432; x_wconf 72' lang='lat' dir='ltr'><strong>De2&#39;</strong></span> <span class='ocrx_word' id='word_1_172' title='bbox 812 2368 939 2433; x_wconf 90' lang='lat' dir='ltr'><strong>clericis</strong></span> <span class='ocrx_word' id='word_1_173' title='bbox 974 2393 1052 2434; x_wconf 86' lang='lat' dir='ltr'><strong>vero</strong></span> <span class='ocrx_word' id='word_1_174' title='bbox 1090 2370 1264 2450; x_wconf 85' lang='lat' dir='ltr'><strong>laicorum,</strong></span> <span class='ocrx_word' id='word_1_175' title='bbox 1300 2369 1385 2433; x_wconf 88' lang='lat' dir='ltr'><strong>unde</strong></span> <span class='ocrx_word' id='word_1_176' title='bbox 1420 2369 1565 2434; x_wconf 87' lang='lat' dir='ltr'><strong>nonnulli</strong></span> <span class='ocrx_word' id='word_1_177' title='bbox 1601 2392 1713 2433; x_wconf 89' lang='lat' dir='ltr'><strong>eorum</strong></span> <span class='ocrx_word' id='word_1_178' title='bbox 1748 2369 1904 2454; x_wconf 88' lang='lat' dir='ltr'><strong>conqueri</strong></span> 
     </span>
     <span class='ocr_line' id='line_1_18' title="bbox 255 2472 1905 2563; baseline 0.003 -28"><span class='ocrx_word' id='word_1_179' title='bbox 255 2472 415 2552; x_wconf 82' lang='lat' dir='ltr'><strong>ridentur,</strong></span> <span class='ocrx_word' id='word_1_180' title='bbox 441 2497 479 2538; x_wconf 91' lang='lat' dir='ltr'><strong>eo</strong></span> <span class='ocrx_word' id='word_1_181' title='bbox 504 2475 590 2560; x_wconf 90' lang='lat' dir='ltr'><strong>quod</strong></span> <span class='ocrx_word' id='word_1_182' title='bbox 615 2474 747 2561; x_wconf 87' lang='lat' dir='ltr'><strong>quidam</strong></span> <span class='ocrx_word' id='word_1_183' title='bbox 771 2477 916 2563; x_wconf 89' lang='lat' dir='ltr'><strong>episcopi</strong></span> <span class='ocrx_word' id='word_1_184' title='bbox 940 2475 981 2540; x_wconf 89' lang='lat' dir='ltr'><strong>ad</strong></span> <span class='ocrx_word' id='word_1_185' title='bbox 1006 2499 1117 2541; x_wconf 89' lang='lat' dir='ltr'><strong>eorunr</strong></span> <span class='ocrx_word' id='word_1_186' title='bbox 1141 2499 1256 2562; x_wconf 90' lang='lat' dir='ltr'><strong>preces</strong></span> <span class='ocrx_word' id='word_1_187' title='bbox 1280 2476 1382 2539; x_wconf 90' lang='lat' dir='ltr'><strong>nolint</strong></span> <span class='ocrx_word' id='word_1_188' title='bbox 1405 2478 1438 2539; x_wconf 91' lang='lat' dir='ltr'><strong>in</strong></span> <span class='ocrx_word' id='word_1_189' title='bbox 1462 2475 1610 2541; x_wconf 89' lang='lat' dir='ltr'><strong>ecclesiis</strong></span> <span class='ocrx_word' id='word_1_190' title='bbox 1634 2476 1701 2540; x_wconf 92' lang='lat' dir='ltr'><strong>suis</strong></span> <span class='ocrx_word' id='word_1_191' title='bbox 1732 2498 1798 2554; x_wconf 88' lang='lat' dir='ltr'><strong>eos,</strong></span> <span class='ocrx_word' id='word_1_192' title='bbox 1831 2498 1905 2540; x_wconf 91' lang='lat' dir='ltr'><strong>curu</strong></span> 
     </span>
     <span class='ocr_line' id='line_1_19' title="bbox 256 2578 1905 2669; baseline 0.002 -26"><span class='ocrx_word' id='word_1_193' title='bbox 256 2578 350 2644; x_wconf 90' lang='lat' dir='ltr'><strong>utiles</strong></span> <span class='ocrx_word' id='word_1_194' title='bbox 381 2582 454 2660; x_wconf 90' lang='lat' dir='ltr'><strong>sint,</strong></span> <span class='ocrx_word' id='word_1_195' title='bbox 486 2581 647 2661; x_wconf 89' lang='lat' dir='ltr'><strong>ordinare,</strong></span> <span class='ocrx_word' id='word_1_196' title='bbox 677 2583 784 2646; x_wconf 89' lang='lat' dir='ltr'><strong>visum</strong></span> <span class='ocrx_word' id='word_1_197' title='bbox 814 2581 907 2647; x_wconf 92' lang='lat' dir='ltr'><strong>nobis</strong></span> <span class='ocrx_word' id='word_1_198' title='bbox 938 2583 1007 2662; x_wconf 87' lang='lat' dir='ltr'><strong>fuit,</strong></span> <span class='ocrx_word' id='word_1_199' title='bbox 1044 2595 1079 2647; x_wconf 92' lang='lat' dir='ltr'><strong>ut</strong></span> <span class='ocrx_word' id='word_1_200' title='bbox 1112 2585 1145 2646; x_wconf 94' lang='lat' dir='ltr'><strong>in</strong></span> <span class='ocrx_word' id='word_1_201' title='bbox 1180 2585 1347 2669; x_wconf 89' lang='lat' dir='ltr'><strong>utriusque</strong></span> <span class='ocrx_word' id='word_1_202' title='bbox 1382 2581 1528 2668; x_wconf 82' lang='lat' dir='ltr'><strong>partibus</strong></span> <span class='ocrx_word' id='word_1_203' title='bbox 1563 2605 1630 2668; x_wconf 83' lang='lat' dir='ltr'><strong>pax</strong></span> <span class='ocrx_word' id='word_1_204' title='bbox 1664 2592 1696 2647; x_wconf 96' lang='lat' dir='ltr'><strong>et</strong></span> <span class='ocrx_word' id='word_1_205' title='bbox 1731 2581 1905 2646; x_wconf 89' lang='lat' dir='ltr'><strong>concordia</strong></span> 
     </span>
     <span class='ocr_line' id='line_1_20' title="bbox 257 2688 1904 2774; baseline 0.002 -25"><span class='ocrx_word' id='word_1_206' title='bbox 257 2697 403 2750; x_wconf 77' lang='lat' dir='ltr'><strong>servetur</strong></span> <span class='ocrx_word' id='word_1_207' title='bbox 425 2700 457 2751; x_wconf 88' lang='lat' dir='ltr'><strong>et</strong></span> <span class='ocrx_word' id='word_1_208' title='bbox 482 2711 554 2753; x_wconf 88' lang='lat' dir='ltr'><strong>curn</strong></span> <span class='ocrx_word' id='word_1_209' title='bbox 580 2690 714 2753; x_wconf 89' lang='lat' dir='ltr'><strong>caritate</strong></span> <span class='ocrx_word' id='word_1_210' title='bbox 739 2700 771 2753; x_wconf 93' lang='lat' dir='ltr'><strong>et</strong></span> <span class='ocrx_word' id='word_1_211' title='bbox 794 2690 918 2754; x_wconf 85' lang='lat' dir='ltr'><strong>ratione</strong></span> <span class='ocrx_word' id='word_1_212' title='bbox 942 2689 1036 2753; x_wconf 88' lang='lat' dir='ltr'><strong>utiles</strong></span> <span class='ocrx_word' id='word_1_213' title='bbox 1060 2702 1092 2753; x_wconf 91' lang='lat' dir='ltr'><strong>et</strong></span> <span class='ocrx_word' id='word_1_214' title='bbox 1122 2688 1232 2753; x_wconf 91' lang='lat' dir='ltr'><strong>idonei</strong></span> <span class='ocrx_word' id='word_1_215' title='bbox 1264 2688 1434 2774; x_wconf 86' lang='lat' dir='ltr'><strong>eligantur.</strong></span> <span class='ocrx_word' id='word_1_216' title='bbox 1487 2689 1532 2752; x_wconf 89' lang='lat' dir='ltr'><strong>Et</strong></span> <span class='ocrx_word' id='word_1_217' title='bbox 1561 2690 1588 2752; x_wconf 94' lang='lat' dir='ltr'><strong>si</strong></span> <span class='ocrx_word' id='word_1_218' title='bbox 1619 2688 1722 2752; x_wconf 91' lang='lat' dir='ltr'><strong>laicus</strong></span> <span class='ocrx_word' id='word_1_219' title='bbox 1752 2688 1904 2752; x_wconf 88' lang='lat' dir='ltr'><strong>idoneum</strong></span> 
     </span>
     <span class='ocr_line' id='line_1_21' title="bbox 212 2793 1904 2882; baseline -0.001 -22"><span class='ocrx_word' id='word_1_220' title='bbox 212 2822 238 2860; x_wconf 77' lang='lat' dir='ltr'><strong>so</strong></span> <span class='ocrx_word' id='word_1_221' title='bbox 256 2793 431 2880; x_wconf 87' lang='lat' dir='ltr'><strong>utilemque</strong></span> <span class='ocrx_word' id='word_1_222' title='bbox 456 2793 608 2860; x_wconf 84' lang='lat' dir='ltr'><strong>clericum</strong></span> <span class='ocrx_word' id='word_1_223' title='bbox 633 2794 794 2876; x_wconf 89' lang='lat' dir='ltr'><strong>obtulerit,</strong></span> <span class='ocrx_word' id='word_1_224' title='bbox 818 2795 906 2860; x_wconf 89' lang='lat' dir='ltr'><strong>nulla</strong></span> <span class='ocrx_word' id='word_1_225' title='bbox 929 2795 1074 2882; x_wconf 91' lang='lat' dir='ltr'><strong>qualibet</strong></span> <span class='ocrx_word' id='word_1_226' title='bbox 1101 2797 1272 2860; x_wconf 89' lang='lat' dir='ltr'><strong>occasione</strong></span> <span class='ocrx_word' id='word_1_227' title='bbox 1304 2794 1345 2859; x_wconf 91' lang='lat' dir='ltr'><strong>ab</strong></span> <span class='ocrx_word' id='word_1_228' title='bbox 1376 2797 1529 2881; x_wconf 90' lang='lat' dir='ltr'><strong>episcopo</strong></span> <span class='ocrx_word' id='word_1_229' title='bbox 1561 2796 1630 2859; x_wconf 90' lang='lat' dir='ltr'><strong>sine</strong></span> <span class='ocrx_word' id='word_1_230' title='bbox 1661 2807 1750 2859; x_wconf 86' lang='lat' dir='ltr'><strong>certa</strong></span> <span class='ocrx_word' id='word_1_231' title='bbox 1780 2797 1904 2859; x_wconf 90' lang='lat' dir='ltr'><strong>ratione</strong></span> 
     </span>
     <span class='ocr_line' id='line_1_22' title="bbox 257 2899 1905 2988; baseline 0.002 -25"><span class='ocrx_word' id='word_1_232' title='bbox 257 2899 446 2986; x_wconf 74' lang='lat' dir='ltr'><strong>repellatur,</strong></span> <span class='ocrx_word' id='word_1_233' title='bbox 483 2912 523 2980; x_wconf 90' lang='lat' dir='ltr'><strong>et,</strong></span> <span class='ocrx_word' id='word_1_234' title='bbox 560 2904 587 2965; x_wconf 93' lang='lat' dir='ltr'><strong>si</strong></span> <span class='ocrx_word' id='word_1_235' title='bbox 617 2903 801 2967; x_wconf 90' lang='lat' dir='ltr'><strong>reiciendus</strong></span> <span class='ocrx_word' id='word_1_236' title='bbox 832 2915 889 2985; x_wconf 86' lang='lat' dir='ltr'><strong>est,</strong></span> <span class='ocrx_word' id='word_1_237' title='bbox 915 2902 1053 2988; x_wconf 91' lang='lat' dir='ltr'><strong>diligens</strong></span> <span class='ocrx_word' id='word_1_238' title='bbox 1077 2903 1273 2966; x_wconf 85' lang='lat' dir='ltr'><strong>examinatio</strong></span> <span class='ocrx_word' id='word_1_239' title='bbox 1298 2915 1330 2967; x_wconf 89' lang='lat' dir='ltr'><strong>ct</strong></span> <span class='ocrx_word' id='word_1_240' title='bbox 1354 2900 1488 2966; x_wconf 81' lang='lat' dir='ltr'><strong>evidens</strong></span> <span class='ocrx_word' id='word_1_241' title='bbox 1515 2903 1607 2982; x_wconf 89' lang='lat' dir='ltr'><strong>ratio,</strong></span> <span class='ocrx_word' id='word_1_242' title='bbox 1643 2924 1684 2966; x_wconf 91' lang='lat' dir='ltr'><strong>ne</strong></span> <span class='ocrx_word' id='word_1_243' title='bbox 1715 2901 1905 2966; x_wconf 84' lang='lat' dir='ltr'><strong>scandalum</strong></span> 
     </span>
     <span class='ocr_line' id='line_1_23' title="bbox 256 3009 801 3090; baseline 0.004 -20"><span class='ocrx_word' id='word_1_244' title='bbox 256 3019 439 3090; x_wconf 85' lang='lat' dir='ltr'><strong>generetur,</strong></span> <span class='ocrx_word' id='word_1_245' title='bbox 463 3009 670 3072; x_wconf 87' lang='lat' dir='ltr'><strong>manifestum</strong></span> <span class='ocrx_word' id='word_1_246' title='bbox 693 3009 801 3073; x_wconf 87' lang='lat' dir='ltr'><strong>faciat.</strong></span> 
     </span>
    </p>
   </div>
   <div class='ocr_carea' id='block_1_3' title="bbox 209 3130 2085 5034">
    <p class='ocr_par' dir='ltr' id='par_1_3' title="bbox 209 3130 2085 5034">
     <span class='ocr_line' id='line_1_24' title="bbox 364 3130 1906 3219; baseline 0.001 -24"><span class='ocrx_word' id='word_1_247' title='bbox 364 3130 465 3218; x_wconf 84' lang='lat' dir='ltr'><strong>Cap.</strong></span> <span class='ocrx_word' id='word_1_248' title='bbox 502 3131 631 3195; x_wconf 86' lang='lat' dir='ltr'><strong>XXIII.</strong></span> <span class='ocrx_word' id='word_1_249' title='bbox 690 3132 746 3196; x_wconf 94' lang='lat' dir='ltr'><strong>Ut</strong></span> <span class='ocrx_word' id='word_1_250' title='bbox 783 3146 1006 3218; x_wconf 90' lang='lat' dir='ltr'><strong>pastores</strong></span> <span class='ocrx_word' id='word_1_251' title='bbox 1045 3156 1234 3219; x_wconf 90' lang='lat' dir='ltr'><strong>gregem</strong></span> <span class='ocrx_word' id='word_1_252' title='bbox 1269 3131 1364 3196; x_wconf 92' lang='lat' dir='ltr'><strong>sibi</strong></span> <span class='ocrx_word' id='word_1_253' title='bbox 1399 3134 1694 3198; x_wconf 88' lang='lat' dir='ltr'><strong>commissum</strong></span> <span class='ocrx_word' id='word_1_254' title='bbox 1733 3156 1819 3197; x_wconf 90' lang='lat' dir='ltr'><strong>non</strong></span> <span class='ocrx_word' id='word_1_255' title='bbox 1859 3145 1906 3196; x_wconf 90' lang='lat' dir='ltr'><strong>ut</strong></span> 
     </span>
     <span class='ocr_line' id='line_1_25' title="bbox 257 3238 1906 3324; baseline 0.002 -24"><span class='ocrx_word' id='word_1_256' title='bbox 257 3239 524 3324; x_wconf 89' lang='lat' dir='ltr'><strong>proprium,</strong></span> <span class='ocrx_word' id='word_1_257' title='bbox 564 3238 644 3302; x_wconf 93' lang='lat' dir='ltr'><strong>sed</strong></span> <span class='ocrx_word' id='word_1_258' title='bbox 683 3252 728 3303; x_wconf 94' lang='lat' dir='ltr'><strong>ut</strong></span> <span class='ocrx_word' id='word_1_259' title='bbox 767 3239 1051 3305; x_wconf 89' lang='lat' dir='ltr'><strong>dominicum</strong></span> <span class='ocrx_word' id='word_1_260' title='bbox 1086 3252 1302 3304; x_wconf 90' lang='lat' dir='ltr'><strong>tractare</strong></span> <span class='ocrx_word' id='word_1_261' title='bbox 1337 3240 1651 3304; x_wconf 87' lang='lat' dir='ltr'><strong>meminerint.</strong></span> <span class='ocrx_word' id='word_1_262' title='bbox 1710 3239 1797 3320; x_wconf 82' lang='lat' dir='ltr'><strong>Quia</strong></span> <span class='ocrx_word' id='word_1_263' title='bbox 1831 3250 1906 3303; x_wconf 89' lang='lat' dir='ltr'><strong>sunt</strong></span> 
     </span>
     <span class='ocr_line' id='line_1_26' title="bbox 211 3344 1904 3431; baseline 0.001 -22"><span class='ocrx_word' id='word_1_264' title='bbox 211 3370 239 3409; x_wconf 75' lang='lat' dir='ltr'><strong>as</strong></span> <span class='ocrx_word' id='word_1_265' title='bbox 257 3344 414 3431; x_wconf 90' lang='lat' dir='ltr'><strong>plerique,</strong></span> <span class='ocrx_word' id='word_1_266' title='bbox 444 3345 587 3430; x_wconf 91' lang='lat' dir='ltr'><strong>quinon</strong></span> <span class='ocrx_word' id='word_1_267' title='bbox 618 3357 788 3431; x_wconf 87' lang='lat' dir='ltr'><strong>paternum</strong></span> <span class='ocrx_word' id='word_1_268' title='bbox 818 3347 971 3411; x_wconf 80' lang='lat' dir='ltr'><strong>affectunt</strong></span> <span class='ocrx_word' id='word_1_269' title='bbox 1007 3349 1095 3411; x_wconf 90' lang='lat' dir='ltr'><strong>circa</strong></span> <span class='ocrx_word' id='word_1_270' title='bbox 1129 3368 1263 3431; x_wconf 90' lang='lat' dir='ltr'><strong>gregem</strong></span> <span class='ocrx_word' id='word_1_271' title='bbox 1298 3344 1361 3410; x_wconf 91' lang='lat' dir='ltr'><strong>sibi</strong></span> <span class='ocrx_word' id='word_1_272' title='bbox 1396 3348 1613 3428; x_wconf 88' lang='lat' dir='ltr'><strong>commissum,</strong></span> <span class='ocrx_word' id='word_1_273' title='bbox 1649 3345 1707 3410; x_wconf 90' lang='lat' dir='ltr'><strong>sed</strong></span> <span class='ocrx_word' id='word_1_274' title='bbox 1741 3345 1904 3431; x_wconf 89' lang='lat' dir='ltr'><strong>quendam</strong></span> 
     </span>
     <span class='ocr_line' id='line_1_27' title="bbox 258 3450 1905 3540; baseline 0.001 -25"><span class='ocrx_word' id='word_1_275' title='bbox 258 3473 412 3515; x_wconf 86' lang='lat' dir='ltr'><strong>exercerc</strong></span> <span class='ocrx_word' id='word_1_276' title='bbox 437 3450 589 3515; x_wconf 83' lang='lat' dir='ltr'><strong>ridentur</strong></span> <span class='ocrx_word' id='word_1_277' title='bbox 613 3451 812 3517; x_wconf 86' lang='lat' dir='ltr'><strong>dominatum</strong></span> <span class='ocrx_word' id='word_1_278' title='bbox 836 3476 974 3540; x_wconf 90' lang='lat' dir='ltr'><strong>eumque</strong></span> <span class='ocrx_word' id='word_1_279' title='bbox 997 3477 1062 3518; x_wconf 91' lang='lat' dir='ltr'><strong>non</strong></span> <span class='ocrx_word' id='word_1_280' title='bbox 1086 3467 1121 3518; x_wconf 91' lang='lat' dir='ltr'><strong>ut</strong></span> <span class='ocrx_word' id='word_1_281' title='bbox 1143 3453 1353 3534; x_wconf 87' lang='lat' dir='ltr'><strong>dominicum,</strong></span> <span class='ocrx_word' id='word_1_282' title='bbox 1378 3453 1446 3533; x_wconf 90' lang='lat' dir='ltr'><strong>sed,</strong></span> <span class='ocrx_word' id='word_1_283' title='bbox 1477 3451 1608 3517; x_wconf 86' lang='lat' dir='ltr'><strong>flatibus</strong></span> <span class='ocrx_word' id='word_1_284' title='bbox 1632 3464 1787 3517; x_wconf 85' lang='lat' dir='ltr'><strong>ventosae</strong></span> <span class='ocrx_word' id='word_1_285' title='bbox 1818 3475 1905 3516; x_wconf 84' lang='lat' dir='ltr'><strong>arro·</strong></span> 
     </span>
     <span class='ocr_line' id='line_1_28' title="bbox 257 3557 1904 3647; baseline 0.001 -26"><span class='ocrx_word' id='word_1_286' title='bbox 257 3559 386 3643; x_wconf 87' lang='lat' dir='ltr'><strong>gantiae</strong></span> <span class='ocrx_word' id='word_1_287' title='bbox 409 3557 522 3636; x_wconf 85' lang='lat' dir='ltr'><strong>inflati,</strong></span> <span class='ocrx_word' id='word_1_288' title='bbox 546 3570 582 3623; x_wconf 93' lang='lat' dir='ltr'><strong>ut</strong></span> <span class='ocrx_word' id='word_1_289' title='bbox 605 3582 698 3623; x_wconf 92' lang='lat' dir='ltr'><strong>suum</strong></span> <span class='ocrx_word' id='word_1_290' title='bbox 722 3562 888 3647; x_wconf 91' lang='lat' dir='ltr'><strong>proprium</strong></span> <span class='ocrx_word' id='word_1_291' title='bbox 912 3571 1049 3624; x_wconf 88' lang='lat' dir='ltr'><strong>tractare</strong></span> <span class='ocrx_word' id='word_1_292' title='bbox 1074 3582 1138 3624; x_wconf 90' lang='lat' dir='ltr'><strong>non</strong></span> <span class='ocrx_word' id='word_1_293' title='bbox 1161 3570 1325 3642; x_wconf 84' lang='lat' dir='ltr'><strong>verentur,</strong></span> <span class='ocrx_word' id='word_1_294' title='bbox 1350 3571 1504 3647; x_wconf 88' lang='lat' dir='ltr'><strong>quantum</strong></span> <span class='ocrx_word' id='word_1_295' title='bbox 1528 3583 1548 3624; x_wconf 91' lang='lat' dir='ltr'><strong>a</strong></span> <span class='ocrx_word' id='word_1_296' title='bbox 1571 3560 1773 3647; x_wconf 88' lang='lat' dir='ltr'><strong>paternitatis</strong></span> <span class='ocrx_word' id='word_1_297' title='bbox 1797 3559 1904 3623; x_wconf 86' lang='lat' dir='ltr'><strong>officio</strong></span> 
     </span>
     <span class='ocr_line' id='line_1_29' title="bbox 257 3663 2054 3754; baseline 0 -27"><span class='ocrx_word' id='word_1_298' title='bbox 257 3663 417 3747; x_wconf 85' lang='lat' dir='ltr'><strong>aberrent,</strong></span> <span class='ocrx_word' id='word_1_299' title='bbox 442 3664 554 3730; x_wconf 89' lang='lat' dir='ltr'><strong>subter</strong></span> <span class='ocrx_word' id='word_1_300' title='bbox 577 3665 715 3731; x_wconf 89' lang='lat' dir='ltr'><strong>collecta</strong></span> <span class='ocrx_word' id='word_1_301' title='bbox 738 3666 933 3732; x_wconf 85' lang='lat' dir='ltr'><strong>documenta</strong></span> <span class='ocrx_word' id='word_1_302' title='bbox 956 3666 1133 3732; x_wconf 89' lang='lat' dir='ltr'><strong>declarant.</strong></span> <span class='ocrx_word' id='word_1_303' title='bbox 1179 3668 1341 3732; x_wconf 87' lang='lat' dir='ltr'><strong>Dominus</strong></span> <span class='ocrx_word' id='word_1_304' title='bbox 1364 3668 1397 3730; x_wconf 92' lang='lat' dir='ltr'><strong>in</strong></span> <span class='ocrx_word' id='word_1_305' title='bbox 1422 3665 1610 3752; x_wconf 86' lang='lat' dir='ltr'><strong>evangelio:</strong></span> <span class='ocrx_word' id='word_1_306' title='bbox 1643 3667 1684 3732; x_wconf 76' lang='lat' dir='ltr'><strong>Si</strong></span> <span class='ocrx_word' id='word_1_307' title='bbox 1705 3667 1818 3754; x_wconf 63' lang='lat' dir='ltr'><strong>diligis</strong></span> <span class='ocrx_word' id='word_1_308' title='bbox 1848 3691 1904 3744; x_wconf 76' lang='lat' dir='ltr'><strong>tue,</strong></span> <span class='ocrx_word' id='word_1_309' title='bbox 1922 3686 2054 3735; x_wconf 71' lang='lat' dir='ltr'><strong>isurun.</strong></span> 
     </span>
     <span class='ocr_line' id='line_1_30' title="bbox 253 3772 2085 3859; baseline -0.002 -24"><span class='ocrx_word' id='word_1_310' title='bbox 253 3797 351 3858; x_wconf 83' lang='lat' dir='ltr'><strong>pasce</strong></span> <span class='ocrx_word' id='word_1_311' title='bbox 374 3797 445 3836; x_wconf 78' lang='lat' dir='ltr'><strong>ores</strong></span> <span class='ocrx_word' id='word_1_312' title='bbox 469 3797 561 3836; x_wconf 69' lang='lat' dir='ltr'><strong>viteus.</strong></span> <span class='ocrx_word' id='word_1_313' title='bbox 602 3772 713 3836; x_wconf 85' lang='lat' dir='ltr'><strong>‘Meas’</strong></span> <span class='ocrx_word' id='word_1_314' title='bbox 739 3772 861 3859; x_wconf 90' lang='lat' dir='ltr'><strong>inquid,</strong></span> <span class='ocrx_word' id='word_1_315' title='bbox 885 3797 948 3838; x_wconf 92' lang='lat' dir='ltr'><strong>uon</strong></span> <span class='ocrx_word' id='word_1_316' title='bbox 974 3773 1075 3838; x_wconf 82' lang='lat' dir='ltr'><strong>‘tuas&#39;.</strong></span> <span class='ocrx_word' id='word_1_317' title='bbox 1115 3774 1215 3838; x_wconf 90' lang='lat' dir='ltr'><strong>Item:</strong></span> <span class='ocrx_word' id='word_1_318' title='bbox 1244 3774 2085 3851; x_wconf 77' lang='lat' dir='ltr'><strong>Qus&#39;rnaiorcstuestruuseritmsiu&#39;sternnu.2a,11.</strong></span> 
     </span>
     <span class='ocr_line' id='line_1_31' title="bbox 212 3878 2038 3966; baseline 0 -24"><span class='ocrx_word' id='word_1_319' title='bbox 212 3902 240 3942; x_wconf 82' lang='lat' dir='ltr'><strong>so</strong></span> <span class='ocrx_word' id='word_1_320' title='bbox 258 3893 363 3943; x_wconf 80' lang='lat' dir='ltr'><strong>cester.</strong></span> <span class='ocrx_word' id='word_1_321' title='bbox 411 3878 454 3942; x_wconf 81' lang='lat' dir='ltr'><strong>Et</strong></span> <span class='ocrx_word' id='word_1_322' title='bbox 477 3901 540 3943; x_wconf 91' lang='lat' dir='ltr'><strong>non</strong></span> <span class='ocrx_word' id='word_1_323' title='bbox 564 3890 637 3965; x_wconf 88' lang='lat' dir='ltr'><strong>post</strong></span> <span class='ocrx_word' id='word_1_324' title='bbox 660 3878 776 3945; x_wconf 81' lang='lat' dir='ltr'><strong>multa:</strong></span> <span class='ocrx_word' id='word_1_325' title='bbox 800 3880 873 3944; x_wconf 85' lang='lat' dir='ltr'><strong>Non</strong></span> <span class='ocrx_word' id='word_1_326' title='bbox 899 3884 944 3945; x_wconf 82' lang='lat' dir='ltr'><strong>ita</strong></span> <span class='ocrx_word' id='word_1_327' title='bbox 967 3884 1036 3960; x_wconf 81' lang='lat' dir='ltr'><strong>erit,</strong></span> <span class='ocrx_word' id='word_1_328' title='bbox 1059 3881 1174 3966; x_wconf 90' lang='lat' dir='ltr'><strong>inquit,</strong></span> <span class='ocrx_word' id='word_1_329' title='bbox 1207 3884 1287 3945; x_wconf 77' lang='lat' dir='ltr'><strong>inter</strong></span> <span class='ocrx_word' id='word_1_330' title='bbox 1311 3905 1382 3962; x_wconf 70' lang='lat' dir='ltr'><strong>vos,</strong></span> <span class='ocrx_word' id='word_1_331' title='bbox 1411 3881 1468 3946; x_wconf 80' lang='lat' dir='ltr'><strong>sed</strong></span> <span class='ocrx_word' id='word_1_332' title='bbox 1489 3883 1549 3966; x_wconf 81' lang='lat' dir='ltr'><strong>qui</strong></span> <span class='ocrx_word' id='word_1_333' title='bbox 1578 3882 1711 3946; x_wconf 79' lang='lat' dir='ltr'><strong>coluerit</strong></span> <span class='ocrx_word' id='word_1_334' title='bbox 1742 3883 1821 3944; x_wconf 80' lang='lat' dir='ltr'><strong>inter</strong></span> <span class='ocrx_word' id='word_1_335' title='bbox 1852 3904 1905 3943; x_wconf 82' lang='lat' dir='ltr'><strong>eos</strong></span> <span class='ocrx_word' id='word_1_336' title='bbox 1923 3900 2038 3948; x_wconf 76' lang='lat' dir='ltr'><strong>tarum</strong></span> 
     </span>
     <span class='ocr_line' id='line_1_32' title="bbox 258 3987 2066 4074; baseline -0.001 -27"><span class='ocrx_word' id='word_1_337' title='bbox 258 3988 459 4072; x_wconf 69' lang='lat' dir='ltr'><strong>ramici-fieri</strong></span> <span class='ocrx_word' id='word_1_338' title='bbox 479 3989 540 4051; x_wconf 79' lang='lat' dir='ltr'><strong>erit</strong></span> <span class='ocrx_word' id='word_1_339' title='bbox 571 4003 666 4051; x_wconf 74' lang='lat' dir='ltr'><strong>uester</strong></span> <span class='ocrx_word' id='word_1_340' title='bbox 694 4011 811 4050; x_wconf 80' lang='lat' dir='ltr'><strong>aereus.</strong></span> <span class='ocrx_word' id='word_1_341' title='bbox 863 3987 997 4050; x_wconf 84' lang='lat' dir='ltr'><strong>Petrus:</strong></span> <span class='ocrx_word' id='word_1_342' title='bbox 1030 3987 1139 4073; x_wconf 78' lang='lat' dir='ltr'><strong>Neque</strong></span> <span class='ocrx_word' id='word_1_343' title='bbox 1171 3988 1367 4052; x_wconf 80' lang='lat' dir='ltr'><strong>dominantes</strong></span> <span class='ocrx_word' id='word_1_344' title='bbox 1394 3990 1429 4050; x_wconf 80' lang='lat' dir='ltr'><strong>in</strong></span> <span class='ocrx_word' id='word_1_345' title='bbox 1459 3989 1552 4066; x_wconf 82' lang='lat' dir='ltr'><strong>clero,</strong></span> <span class='ocrx_word' id='word_1_346' title='bbox 1587 3988 1645 4052; x_wconf 86' lang='lat' dir='ltr'><strong>sed</strong></span> <span class='ocrx_word' id='word_1_347' title='bbox 1670 3989 1786 4074; x_wconf 81' lang='lat' dir='ltr'><strong>formu</strong></span> <span class='ocrx_word' id='word_1_348' title='bbox 1814 3988 1908 4071; x_wconf 78' lang='lat' dir='ltr'><strong>fusti</strong></span> <span class='ocrx_word' id='word_1_349' title='bbox 1926 4005 2066 4059; x_wconf 60' lang='lat' dir='ltr'><strong>tremus.</strong></span> 
     </span>
     <span class='ocr_line' id='line_1_33' title="bbox 253 4092 2064 4180; baseline 0.001 -25"><span class='ocrx_word' id='word_1_350' title='bbox 253 4095 361 4178; x_wconf 71' lang='lat' dir='ltr'><strong>yreffl&#39;a</strong></span> <span class='ocrx_word' id='word_1_351' title='bbox 384 4118 423 4157; x_wconf 74' lang='lat' dir='ltr'><strong>esc</strong></span> <span class='ocrx_word' id='word_1_352' title='bbox 444 4096 560 4161; x_wconf 72' lang='lat' dir='ltr'><strong>ont‘nso.</strong></span> <span class='ocrx_word' id='word_1_353' title='bbox 608 4092 775 4157; x_wconf 85' lang='lat' dir='ltr'><strong>Salomon:</strong></span> <span class='ocrx_word' id='word_1_354' title='bbox 808 4093 990 4180; x_wconf 70' lang='lat' dir='ltr'><strong>Principem</strong></span> <span class='ocrx_word' id='word_1_355' title='bbox 1018 4109 1045 4158; x_wconf 87' lang='lat' dir='ltr'><strong>te</strong></span> <span class='ocrx_word' id='word_1_356' title='bbox 1074 4097 1321 4158; x_wconf 75' lang='lat' dir='ltr'><strong>constituerunt?</strong></span> <span class='ocrx_word' id='word_1_357' title='bbox 1366 4094 1449 4159; x_wconf 71' lang='lat' dir='ltr'><strong>Noli·</strong></span> <span class='ocrx_word' id='word_1_358' title='bbox 1468 4095 1586 4174; x_wconf 62' lang='lat' dir='ltr'><strong>emilii,</strong></span> <span class='ocrx_word' id='word_1_359' title='bbox 1616 4094 1674 4158; x_wconf 81' lang='lat' dir='ltr'><strong>aad</strong></span> <span class='ocrx_word' id='word_1_360' title='bbox 1702 4108 1763 4159; x_wconf 82' lang='lat' dir='ltr'><strong>cato</strong></span> <span class='ocrx_word' id='word_1_361' title='bbox 1796 4096 1826 4158; x_wconf 77' lang='lat' dir='ltr'><strong>iu</strong></span> <span class='ocrx_word' id='word_1_362' title='bbox 1859 4095 1904 4158; x_wconf 80' lang='lat' dir='ltr'><strong>et&#39;s</strong></span> <span class='ocrx_word' id='word_1_363' title='bbox 1921 4112 2064 4163; x_wconf 66' lang='lat' dir='ltr'><strong>mussat.</strong></span> 
     </span>
     <span class='ocr_line' id='line_1_34' title="bbox 257 4198 1904 4285; baseline 0.002 -25"><span class='ocrx_word' id='word_1_364' title='bbox 257 4202 354 4284; x_wconf 84' lang='lat' dir='ltr'><strong>qnasi</strong></span> <span class='ocrx_word' id='word_1_365' title='bbox 376 4225 454 4263; x_wconf 74' lang='lat' dir='ltr'><strong>uitus</strong></span> <span class='ocrx_word' id='word_1_366' title='bbox 477 4225 516 4263; x_wconf 72' lang='lat' dir='ltr'><strong>ea</strong></span> <span class='ocrx_word' id='word_1_367' title='bbox 539 4201 636 4264; x_wconf 81' lang='lat' dir='ltr'><strong>aubia</strong></span> <span class='ocrx_word' id='word_1_368' title='bbox 674 4199 866 4285; x_wconf 86' lang='lat' dir='ltr'><strong>Fulgentius</strong></span> <span class='ocrx_word' id='word_1_369' title='bbox 889 4201 923 4263; x_wconf 93' lang='lat' dir='ltr'><strong>in</strong></span> <span class='ocrx_word' id='word_1_370' title='bbox 946 4198 1029 4263; x_wconf 91' lang='lat' dir='ltr'><strong>libro</strong></span> <span class='ocrx_word' id='word_1_371' title='bbox 1054 4199 1094 4264; x_wconf 90' lang='lat' dir='ltr'><strong>de</strong></span> <span class='ocrx_word' id='word_1_372' title='bbox 1119 4202 1254 4265; x_wconf 87' lang='lat' dir='ltr'><strong>veritate</strong></span> <span class='ocrx_word' id='word_1_373' title='bbox 1278 4199 1583 4285; x_wconf 88' lang='lat' dir='ltr'><strong>praedestinationis</strong></span> <span class='ocrx_word' id='word_1_374' title='bbox 1608 4211 1640 4264; x_wconf 90' lang='lat' dir='ltr'><strong>et</strong></span> <span class='ocrx_word' id='word_1_375' title='bbox 1655 4201 1797 4284; x_wconf 83' lang='lat' dir='ltr'><strong>gratIae:</strong></span> <span class='ocrx_word' id='word_1_376' title='bbox 1819 4205 1904 4265; x_wconf 70' lang='lat' dir='ltr'><strong>lion3</strong></span> 
     </span>
     <span class='ocr_line' id='line_1_35' title="bbox 257 4306 1904 4392; baseline 0.001 -24"><span class='ocrx_word' id='word_1_377' title='bbox 257 4315 333 4382; x_wconf 88' lang='lat' dir='ltr'><strong>ideo,</strong></span> <span class='ocrx_word' id='word_1_378' title='bbox 358 4306 472 4392; x_wconf 86' lang='lat' dir='ltr'><strong>inquit,</strong></span> <span class='ocrx_word' id='word_1_379' title='bbox 497 4332 527 4369; x_wconf 90' lang='lat' dir='ltr'><strong>se</strong></span> <span class='ocrx_word' id='word_1_380' title='bbox 551 4314 638 4369; x_wconf 88' lang='lat' dir='ltr'><strong>solum</strong></span> <span class='ocrx_word' id='word_1_381' title='bbox 663 4316 783 4386; x_wconf 89' lang='lat' dir='ltr'><strong>quilibet</strong></span> <span class='ocrx_word' id='word_1_382' title='bbox 815 4318 965 4389; x_wconf 88' lang='lat' dir='ltr'><strong>episcopus</strong></span> <span class='ocrx_word' id='word_1_383' title='bbox 992 4335 1040 4371; x_wconf 80' lang='lat' dir='ltr'><strong>vas</strong></span> <span class='ocrx_word' id='word_1_384' title='bbox 1069 4317 1275 4371; x_wconf 83' lang='lat' dir='ltr'><strong>misericordiae</strong></span> <span class='ocrx_word' id='word_1_385' title='bbox 1307 4324 1391 4387; x_wconf 91' lang='lat' dir='ltr'><strong>putet</strong></span> <span class='ocrx_word' id='word_1_386' title='bbox 1420 4316 1449 4371; x_wconf 92' lang='lat' dir='ltr'><strong>in</strong></span> <span class='ocrx_word' id='word_1_387' title='bbox 1479 4316 1568 4388; x_wconf 88' lang='lat' dir='ltr'><strong>gloria</strong></span> <span class='ocrx_word' id='word_1_388' title='bbox 1596 4325 1805 4388; x_wconf 87' lang='lat' dir='ltr'><strong>praeparatum,</strong></span> <span class='ocrx_word' id='word_1_389' title='bbox 1837 4316 1904 4387; x_wconf 90' lang='lat' dir='ltr'><strong>quia</strong></span> 
     </span>
     <span class='ocr_line' id='line_1_36' title="bbox 211 4420 1903 4496; baseline 0.001 -21"><span class='ocrx_word' id='word_1_390' title='bbox 211 4436 238 4476; x_wconf 80' lang='lat' dir='ltr'><strong>so</strong></span> <span class='ocrx_word' id='word_1_391' title='bbox 256 4420 412 4491; x_wconf 83' lang='lat' dir='ltr'><strong>pontificali</strong></span> <span class='ocrx_word' id='word_1_392' title='bbox 440 4421 538 4476; x_wconf 87' lang='lat' dir='ltr'><strong>militia</strong></span> <span class='ocrx_word' id='word_1_393' title='bbox 571 4421 707 4492; x_wconf 83' lang='lat' dir='ltr'><strong>fungitur,</strong></span> <span class='ocrx_word' id='word_1_394' title='bbox 738 4424 789 4478; x_wconf 89' lang='lat' dir='ltr'><strong>sed</strong></span> <span class='ocrx_word' id='word_1_395' title='bbox 819 4425 841 4478; x_wconf 91' lang='lat' dir='ltr'><strong>si</strong></span> <span class='ocrx_word' id='word_1_396' title='bbox 865 4442 916 4495; x_wconf 93' lang='lat' dir='ltr'><strong>pro</strong></span> <span class='ocrx_word' id='word_1_397' title='bbox 945 4441 1033 4496; x_wconf 88' lang='lat' dir='ltr'><strong>grege</strong></span> <span class='ocrx_word' id='word_1_398' title='bbox 1063 4424 1117 4477; x_wconf 90' lang='lat' dir='ltr'><strong>sibi</strong></span> <span class='ocrx_word' id='word_1_399' title='bbox 1140 4423 1249 4479; x_wconf 90' lang='lat' dir='ltr'><strong>credite</strong></span> <span class='ocrx_word' id='word_1_400' title='bbox 1275 4423 1411 4478; x_wconf 87' lang='lat' dir='ltr'><strong>sollicitus</strong></span> <span class='ocrx_word' id='word_1_401' title='bbox 1441 4440 1554 4495; x_wconf 85' lang='lat' dir='ltr'><strong>semper</strong></span> <span class='ocrx_word' id='word_1_402' title='bbox 1583 4423 1724 4494; x_wconf 82' lang='lat' dir='ltr'><strong>invigilet,</strong></span> <span class='ocrx_word' id='word_1_403' title='bbox 1755 4423 1903 4494; x_wconf 88' lang='lat' dir='ltr'><strong>praedicet</strong></span> 
     </span>
     <span class='ocr_line' id='line_1_37' title="bbox 256 4528 1902 4601; baseline 0.002 -22"><span class='ocrx_word' id='word_1_404' title='bbox 256 4528 354 4596; x_wconf 88' lang='lat' dir='ltr'><strong>verbo,</strong></span> <span class='ocrx_word' id='word_1_405' title='bbox 385 4528 473 4582; x_wconf 89' lang='lat' dir='ltr'><strong>instet</strong></span> <span class='ocrx_word' id='word_1_406' title='bbox 503 4538 671 4599; x_wconf 84' lang='lat' dir='ltr'><strong>oportunae,</strong></span> <span class='ocrx_word' id='word_1_407' title='bbox 702 4537 811 4600; x_wconf 86' lang='lat' dir='ltr'><strong>arguat,</strong></span> <span class='ocrx_word' id='word_1_408' title='bbox 840 4530 981 4598; x_wconf 87' lang='lat' dir='ltr'><strong>obsecret,</strong></span> <span class='ocrx_word' id='word_1_409' title='bbox 1013 4531 1142 4601; x_wconf 87' lang='lat' dir='ltr'><strong>increpet</strong></span> <span class='ocrx_word' id='word_1_410' title='bbox 1172 4531 1201 4584; x_wconf 90' lang='lat' dir='ltr'><strong>in</strong></span> <span class='ocrx_word' id='word_1_411' title='bbox 1231 4531 1305 4585; x_wconf 88' lang='lat' dir='ltr'><strong>omui</strong></span> <span class='ocrx_word' id='word_1_412' title='bbox 1339 4532 1481 4601; x_wconf 86' lang='lat' dir='ltr'><strong>patientia</strong></span> <span class='ocrx_word' id='word_1_413' title='bbox 1515 4539 1544 4585; x_wconf 90' lang='lat' dir='ltr'><strong>ct</strong></span> <span class='ocrx_word' id='word_1_414' title='bbox 1579 4530 1724 4598; x_wconf 80' lang='lat' dir='ltr'><strong>‹Ioctrina3</strong></span> <span class='ocrx_word' id='word_1_415' title='bbox 1761 4547 1814 4584; x_wconf 89' lang='lat' dir='ltr'><strong>nec</strong></span> <span class='ocrx_word' id='word_1_416' title='bbox 1848 4529 1902 4582; x_wconf 86' lang='lat' dir='ltr'><strong>sibi</strong></span> 
     </span>
     <span class='ocr_line' id='line_1_38' title="bbox 255 4634 1900 4708; baseline 0.001 -20"><span class='ocrx_word' id='word_1_417' title='bbox 255 4634 427 4690; x_wconf 88' lang='lat' dir='ltr'><strong>dominatum</strong></span> <span class='ocrx_word' id='word_1_418' title='bbox 464 4635 603 4706; x_wconf 91' lang='lat' dir='ltr'><strong>superbus</strong></span> <span class='ocrx_word' id='word_1_419' title='bbox 641 4653 776 4706; x_wconf 88' lang='lat' dir='ltr'><strong>usurpare</strong></span> <span class='ocrx_word' id='word_1_420' title='bbox 815 4638 989 4704; x_wconf 87' lang='lat' dir='ltr'><strong>contendat,</strong></span> <span class='ocrx_word' id='word_1_421' title='bbox 1031 4637 1096 4702; x_wconf 89' lang='lat' dir='ltr'><strong>sed,</strong></span> <span class='ocrx_word' id='word_1_422' title='bbox 1136 4636 1297 4708; x_wconf 81' lang='lat' dir='ltr'><strong>apostohcis</strong></span> <span class='ocrx_word' id='word_1_423' title='bbox 1332 4637 1496 4692; x_wconf 84' lang='lat' dir='ltr'><strong>informatus</strong></span> <span class='ocrx_word' id='word_1_424' title='bbox 1532 4637 1651 4707; x_wconf 84' lang='lat' dir='ltr'><strong>eloquiis</strong></span> <span class='ocrx_word' id='word_1_425' title='bbox 1691 4645 1720 4691; x_wconf 91' lang='lat' dir='ltr'><strong>et</strong></span> <span class='ocrx_word' id='word_1_426' title='bbox 1756 4636 1900 4706; x_wconf 85' lang='lat' dir='ltr'><strong>exemplis,</strong></span> 
     </span>
     <span class='ocr_line' id='line_1_39' title="bbox 254 4742 1901 4814; baseline 0.001 -19"><span class='ocrx_word' id='word_1_427' title='bbox 254 4759 365 4796; x_wconf 84' lang='lat' dir='ltr'><strong>serrum</strong></span> <span class='ocrx_word' id='word_1_428' title='bbox 396 4760 426 4796; x_wconf 90' lang='lat' dir='ltr'><strong>se</strong></span> <span class='ocrx_word' id='word_1_429' title='bbox 462 4742 571 4796; x_wconf 88' lang='lat' dir='ltr'><strong>cunctis</strong></span> <span class='ocrx_word' id='word_1_430' title='bbox 606 4743 755 4810; x_wconf 69' lang='lat' dir='ltr'><strong>exhibeat,</strong></span> <span class='ocrx_word' id='word_1_431' title='bbox 792 4761 886 4814; x_wconf 89' lang='lat' dir='ltr'><strong>neque</strong></span> <span class='ocrx_word' id='word_1_432' title='bbox 921 4745 997 4799; x_wconf 87' lang='lat' dir='ltr'><strong>sedis</strong></span> <span class='ocrx_word' id='word_1_433' title='bbox 1030 4743 1104 4797; x_wconf 87' lang='lat' dir='ltr'><strong>illius</strong></span> <span class='ocrx_word' id='word_1_434' title='bbox 1138 4743 1290 4798; x_wconf 88' lang='lat' dir='ltr'><strong>altitudine</strong></span> <span class='ocrx_word' id='word_1_435' title='bbox 1325 4744 1467 4798; x_wconf 89' lang='lat' dir='ltr'><strong>conlatum</strong></span> <span class='ocrx_word' id='word_1_436' title='bbox 1496 4744 1550 4799; x_wconf 92' lang='lat' dir='ltr'><strong>sibi</strong></span> <span class='ocrx_word' id='word_1_437' title='bbox 1584 4744 1709 4814; x_wconf 90' lang='lat' dir='ltr'><strong>gaudeat</strong></span> <span class='ocrx_word' id='word_1_438' title='bbox 1744 4742 1901 4814; x_wconf 88' lang='lat' dir='ltr'><strong>temporale</strong></span> 
     </span>
     <span class='ocr_line' id='line_1_40' title="bbox 255 4839 1902 4924; baseline 0 -22"><span class='ocrx_word' id='word_1_439' title='bbox 255 4848 407 4919; x_wconf 79' lang='lat' dir='ltr'><strong>fastigium,</strong></span> <span class='ocrx_word' id='word_1_440' title='bbox 438 4850 490 4903; x_wconf 89' lang='lat' dir='ltr'><strong>sed</strong></span> <span class='ocrx_word' id='word_1_441' title='bbox 520 4849 616 4903; x_wconf 88' lang='lat' dir='ltr'><strong>humili</strong></span> <span class='ocrx_word' id='word_1_442' title='bbox 647 4851 732 4904; x_wconf 90' lang='lat' dir='ltr'><strong>corde</strong></span> <span class='ocrx_word' id='word_1_443' title='bbox 766 4848 899 4904; x_wconf 87' lang='lat' dir='ltr'><strong>fidelibus</strong></span> <span class='ocrx_word' id='word_1_444' title='bbox 933 4851 1070 4921; x_wconf 83' lang='lat' dir='ltr'><strong>praebeat</strong></span> <span class='ocrx_word' id='word_1_445' title='bbox 1104 4851 1177 4905; x_wconf 89' lang='lat' dir='ltr'><strong>bone</strong></span> <span class='ocrx_word' id='word_1_446' title='bbox 1212 4851 1431 4906; x_wconf 77' lang='lat' dir='ltr'><strong>conuersationis</strong></span> <span class='ocrx_word' id='word_1_447' title='bbox 1467 4850 1637 4921; x_wconf 85' lang='lat' dir='ltr'><strong>exemplum.</strong></span> <span class='ocrx_word' id='word_1_448' title='bbox 1697 4839 1902 4924; x_wconf 76' lang='lat' dir='ltr'><strong>Quicumque</strong></span> 
     </span>
     <span class='ocr_line' id='line_1_41' title="bbox 209 4944 1903 5034; baseline 0 -26"><span class='ocrx_word' id='word_1_449' title='bbox 209 4970 237 5008; x_wconf 82' lang='lat' dir='ltr'><strong>so</strong></span> <span class='ocrx_word' id='word_1_450' title='bbox 254 4945 355 5030; x_wconf 86' lang='lat' dir='ltr'><strong>igitur</strong></span> <span class='ocrx_word' id='word_1_451' title='bbox 378 4946 479 5009; x_wconf 86' lang='lat' dir='ltr'><strong>sacris</strong></span> <span class='ocrx_word' id='word_1_452' title='bbox 511 4945 627 5009; x_wconf 85' lang='lat' dir='ltr'><strong>officiis</strong></span> <span class='ocrx_word' id='word_1_453' title='bbox 658 4948 808 5010; x_wconf 88' lang='lat' dir='ltr'><strong>servituri</strong></span> <span class='ocrx_word' id='word_1_454' title='bbox 840 4946 900 5011; x_wconf 92' lang='lat' dir='ltr'><strong>sub</strong></span> <span class='ocrx_word' id='word_1_455' title='bbox 932 4945 1075 5034; x_wconf 85' lang='lat' dir='ltr'><strong>quolibet</strong></span> <span class='ocrx_word' id='word_1_456' title='bbox 1105 4946 1218 5011; x_wconf 91' lang='lat' dir='ltr'><strong>ordine</strong></span> <span class='ocrx_word' id='word_1_457' title='bbox 1250 4946 1465 5033; x_wconf 88' lang='lat' dir='ltr'><strong>adplicantur,</strong></span> <span class='ocrx_word' id='word_1_458' title='bbox 1496 4947 1630 5032; x_wconf 89' lang='lat' dir='ltr'><strong>dignum</strong></span> <span class='ocrx_word' id='word_1_459' title='bbox 1662 4958 1721 5028; x_wconf 91' lang='lat' dir='ltr'><strong>est,</strong></span> <span class='ocrx_word' id='word_1_460' title='bbox 1752 4958 1786 5011; x_wconf 92' lang='lat' dir='ltr'><strong>ut</strong></span> <span class='ocrx_word' id='word_1_461' title='bbox 1817 4944 1903 5009; x_wconf 89' lang='lat' dir='ltr'><strong>illius</strong></span> 
     </span>
    </p>
   </div>
   <div class='ocr_carea' id='block_1_4' title="bbox 209 5159 1904 5585">
    <p class='ocr_par' dir='ltr' id='par_1_4' title="bbox 209 5159 1904 5585">
     <span class='ocr_line' id='line_1_42' title="bbox 361 5159 1904 5231; baseline 0.001 -19"><span class='ocrx_word' id='word_1_462' title='bbox 361 5163 436 5213; x_wconf 81' lang='lat' dir='ltr'><strong>xxl.</strong></span> <span class='ocrx_word' id='word_1_463' title='bbox 465 5165 481 5213; x_wconf 80' lang='lat'><strong>2</strong></span> <span class='ocrx_word' id='word_1_464' title='bbox 501 5159 633 5226; x_wconf 84' lang='lat' dir='ltr'><strong>extitisse]</strong></span> <span class='ocrx_word' id='word_1_465' title='bbox 655 5164 800 5214; x_wconf 87' lang='lat' dir='ltr'><strong>didicimus</strong></span> <span class='ocrx_word' id='word_1_466' title='bbox 817 5165 952 5215; x_wconf 84' lang='lat' dir='ltr'><strong>secundam</strong></span> <span class='ocrx_word' id='word_1_467' title='bbox 970 5166 1113 5216; x_wconf 67' lang='lat' dir='ltr'><strong>relationem</strong></span> <span class='ocrx_word' id='word_1_468' title='bbox 1131 5166 1300 5231; x_wconf 81' lang='lat' dir='ltr'><strong>episcoporum</strong></span> <span class='ocrx_word' id='word_1_469' title='bbox 1317 5165 1485 5231; x_wconf 78' lang='lat' dir='ltr'><strong>sttppleudum</strong></span> <span class='ocrx_word' id='word_1_470' title='bbox 1502 5165 1608 5216; x_wconf 75' lang='lat' dir='ltr'><strong>videusr.</strong></span> <span class='ocrx_word' id='word_1_471' title='bbox 1689 5167 1703 5216; x_wconf 81' lang='lat'><strong>7</strong></span> <span class='ocrx_word' id='word_1_472' title='bbox 1724 5163 1904 5215; x_wconf 79' lang='lat' dir='ltr'><strong>excellentiae</strong></span> 
     </span>
     <span class='ocr_line' id='line_1_43' title="bbox 254 5248 1601 5319; baseline 0.003 -20"><span class='ocrx_word' id='word_1_473' title='bbox 254 5248 372 5314; x_wconf 80' lang='lat' dir='ltr'><strong>vestrae]</strong></span> <span class='ocrx_word' id='word_1_474' title='bbox 393 5253 445 5304; x_wconf 83' lang='lat' dir='ltr'><strong>scil.</strong></span> <span class='ocrx_word' id='word_1_475' title='bbox 465 5255 665 5318; x_wconf 88' lang='lat' dir='ltr'><strong>imperatorum.</strong></span> <span class='ocrx_word' id='word_1_476' title='bbox 740 5257 773 5304; x_wconf 87' lang='lat'><strong>10</strong></span> <span class='ocrx_word' id='word_1_477' title='bbox 791 5256 967 5319; x_wconf 82' lang='lat' dir='ltr'><strong>saepissimae</strong></span> <span class='ocrx_word' id='word_1_478' title='bbox 988 5255 1014 5305; x_wconf 84' lang='lat' dir='ltr'><strong>V.</strong></span> <span class='ocrx_word' id='word_1_479' title='bbox 1090 5258 1118 5305; x_wconf 93' lang='lat' dir='ltr'><strong>ll</strong></span> <span class='ocrx_word' id='word_1_480' title='bbox 1141 5250 1183 5318; x_wconf 90' lang='lat' dir='ltr'><strong>de]</strong></span> <span class='ocrx_word' id='word_1_481' title='bbox 1203 5255 1239 5304; x_wconf 88' lang='lat' dir='ltr'><strong>da</strong></span> <span class='ocrx_word' id='word_1_482' title='bbox 1258 5254 1288 5305; x_wconf 88' lang='lat' dir='ltr'><strong>P.</strong></span> <span class='ocrx_word' id='word_1_483' title='bbox 1365 5257 1396 5305; x_wconf 83' lang='lat'><strong>13</strong></span> <span class='ocrx_word' id='word_1_484' title='bbox 1415 5253 1553 5304; x_wconf 87' lang='lat' dir='ltr'><strong>invitabili</strong></span> <span class='ocrx_word' id='word_1_485' title='bbox 1573 5254 1601 5303; x_wconf 82' lang='lat'><strong>1&#39;.</strong></span> 
     </span>
     <span class='ocr_line' id='line_1_44' title="bbox 362 5341 648 5410; baseline 0 -20"><span class='ocrx_word' id='word_1_486' title='bbox 362 5341 453 5391; x_wconf 82' lang='lat' dir='ltr'><strong>xxn.</strong></span> <span class='ocrx_word' id='word_1_487' title='bbox 485 5345 516 5392; x_wconf 82' lang='lat'><strong>15</strong></span> <span class='ocrx_word' id='word_1_488' title='bbox 536 5343 602 5410; x_wconf 71' lang='lat' dir='ltr'><strong>cap.</strong></span> <span class='ocrx_word' id='word_1_489' title='bbox 622 5342 648 5391; x_wconf 76' lang='lat' dir='ltr'><strong>r.</strong></span> 
     </span>
     <span class='ocr_line' id='line_1_45' title="bbox 363 5427 1903 5498; baseline 0.003 -19"><span class='ocrx_word' id='word_1_490' title='bbox 363 5430 469 5481; x_wconf 79' lang='lat' dir='ltr'><strong>xxm.</strong></span> <span class='ocrx_word' id='word_1_491' title='bbox 498 5433 532 5482; x_wconf 76' lang='lat'><strong>32</strong></span> <span class='ocrx_word' id='word_1_492' title='bbox 551 5427 594 5495; x_wconf 80' lang='lat' dir='ltr'><strong>er]</strong></span> <span class='ocrx_word' id='word_1_493' title='bbox 614 5439 641 5482; x_wconf 89' lang='lat' dir='ltr'><strong>et</strong></span> <span class='ocrx_word' id='word_1_494' title='bbox 662 5432 688 5482; x_wconf 72' lang='grc' dir='ltr'><strong>Γ.</strong></span> <span class='ocrx_word' id='word_1_495' title='bbox 780 5435 813 5484; x_wconf 83' lang='lat'><strong>28</strong></span> <span class='ocrx_word' id='word_1_496' title='bbox 833 5434 960 5484; x_wconf 89' lang='lat' dir='ltr'><strong>oberrent</strong></span> <span class='ocrx_word' id='word_1_497' title='bbox 980 5434 1005 5484; x_wconf 89' lang='lat' dir='ltr'><strong>V.</strong></span> <span class='ocrx_word' id='word_1_498' title='bbox 1026 5432 1056 5483; x_wconf 88' lang='lat' dir='ltr'><strong>P.</strong></span> <span class='ocrx_word' id='word_1_499' title='bbox 1141 5436 1174 5484; x_wconf 87' lang='lat'><strong>33</strong></span> <span class='ocrx_word' id='word_1_500' title='bbox 1195 5427 1284 5498; x_wconf 80' lang='lat' dir='ltr'><strong>quasi]</strong></span> <span class='ocrx_word' id='word_1_501' title='bbox 1304 5449 1337 5483; x_wconf 85' lang='lat' dir='ltr'><strong>ex</strong></span> <span class='ocrx_word' id='word_1_502' title='bbox 1355 5432 1415 5483; x_wconf 79' lang='lat' dir='ltr'><strong>add.</strong></span> <span class='ocrx_word' id='word_1_503' title='bbox 1435 5433 1462 5483; x_wconf 77' lang='lat' dir='ltr'><strong>t&#39;.</strong></span> <span class='ocrx_word' id='word_1_504' title='bbox 1552 5434 1585 5483; x_wconf 82' lang='grc'><strong>36</strong></span> <span class='ocrx_word' id='word_1_505' title='bbox 1604 5427 1743 5496; x_wconf 84' lang='lat' dir='ltr'><strong>patientia]</strong></span> <span class='ocrx_word' id='word_1_506' title='bbox 1762 5432 1856 5497; x_wconf 78' lang='lat' dir='ltr'><strong>petitia</strong></span> <span class='ocrx_word' id='word_1_507' title='bbox 1876 5429 1903 5484; x_wconf 79' lang='lat' dir='ltr'><strong>t&#39;.</strong></span> 
     </span>
     <span class='ocr_line' id='line_1_46' title="bbox 209 5518 508 5585; baseline 0.007 -17"><span class='ocrx_word' id='word_1_508' title='bbox 209 5537 238 5577; x_wconf 65' lang='grc' dir='ltr'><strong>ω</strong></span> <span class='ocrx_word' id='word_1_509' title='bbox 256 5522 291 5570; x_wconf 78' lang='grc'><strong>40</strong></span> <span class='ocrx_word' id='word_1_510' title='bbox 309 5518 462 5585; x_wconf 85' lang='lat' dir='ltr'><strong>adplicatur</strong></span> <span class='ocrx_word' id='word_1_511' title='bbox 482 5520 508 5570; x_wconf 78' lang='lat' dir='ltr'><strong>V.</strong></span> 
     </span>
    </p>
   </div>
   <div class='ocr_carea' id='block_1_5' title="bbox 254 5700 1906 6088">
    <p class='ocr_par' dir='ltr' id='par_1_5' title="bbox 254 5700 1906 6088">
     <span class='ocr_line' id='line_1_47' title="bbox 367 5700 1903 5780; baseline 0.001 -25"><span class='ocrx_word' id='word_1_512' title='bbox 367 5701 395 5770; x_wconf 88' lang='lat'><strong>1)</strong></span> <span class='ocrx_word' id='word_1_513' title='bbox 420 5700 469 5773; x_wconf 76' lang='lat' dir='ltr'><strong>Cf.</strong></span> <span class='ocrx_word' id='word_1_514' title='bbox 494 5701 593 5759; x_wconf 80' lang='lat' dir='ltr'><strong>relatio</strong></span> <span class='ocrx_word' id='word_1_515' title='bbox 616 5702 806 5777; x_wconf 80' lang='lat' dir='ltr'><strong>episcoporum</strong></span> <span class='ocrx_word' id='word_1_516' title='bbox 832 5706 928 5772; x_wconf 82' lang='lat' dir='ltr'><strong>c.17,·</strong></span> <span class='ocrx_word' id='word_1_517' title='bbox 959 5704 977 5759; x_wconf 83' lang='lat' dir='ltr'><strong>l.</strong></span> <span class='ocrx_word' id='word_1_518' title='bbox 994 5705 1013 5759; x_wconf 88' lang='lat' dir='ltr'><strong>l.</strong></span> <span class='ocrx_word' id='word_1_519' title='bbox 1038 5703 1077 5773; x_wconf 72' lang='grc' dir='ltr'><strong>ΙΙ,</strong></span> <span class='ocrx_word' id='word_1_520' title='bbox 1097 5706 1189 5779; x_wconf 72' lang='lat' dir='ltr'><strong>atsq.</strong></span> <span class='ocrx_word' id='word_1_521' title='bbox 1228 5701 1333 5761; x_wconf 83' lang='lat' dir='ltr'><strong>Concil.</strong></span> <span class='ocrx_word' id='word_1_522' title='bbox 1358 5703 1588 5780; x_wconf 71' lang='lat' dir='ltr'><strong>Aquisqranense</strong></span> <span class='ocrx_word' id='word_1_523' title='bbox 1610 5705 1671 5761; x_wconf 82' lang='lat'><strong>836</strong></span> <span class='ocrx_word' id='word_1_524' title='bbox 1695 5702 1795 5776; x_wconf 74' lang='lat' dir='ltr'><strong>cap]</strong></span> <span class='ocrx_word' id='word_1_525' title='bbox 1813 5721 1836 5757; x_wconf 91' lang='lat' dir='ltr'><strong>c.</strong></span> <span class='ocrx_word' id='word_1_526' title='bbox 1854 5704 1903 5760; x_wconf 79' lang='lat'><strong>12.</strong></span> 
     </span>
     <span class='ocr_line' id='line_1_48' title="bbox 258 5805 1906 5887; baseline 0.002 -25"><span class='ocrx_word' id='word_1_527' title='bbox 258 5807 290 5876; x_wconf 86' lang='lat'><strong>2)</strong></span> <span class='ocrx_word' id='word_1_528' title='bbox 315 5805 363 5879; x_wconf 83' lang='lat' dir='ltr'><strong>Cs.</strong></span> <span class='ocrx_word' id='word_1_529' title='bbox 388 5808 488 5865; x_wconf 84' lang='lat' dir='ltr'><strong>relatio</strong></span> <span class='ocrx_word' id='word_1_530' title='bbox 511 5809 702 5885; x_wconf 72' lang='lat' dir='ltr'><strong>episcoporum</strong></span> <span class='ocrx_word' id='word_1_531' title='bbox 727 5813 824 5879; x_wconf 79' lang='lat' dir='ltr'><strong>c.1e;</strong></span> <span class='ocrx_word' id='word_1_532' title='bbox 848 5811 867 5865; x_wconf 88' lang='lat' dir='ltr'><strong>l.</strong></span> <span class='ocrx_word' id='word_1_533' title='bbox 891 5811 911 5865; x_wconf 85' lang='lat' dir='ltr'><strong>I.</strong></span> <span class='ocrx_word' id='word_1_534' title='bbox 935 5809 975 5880; x_wconf 90' lang='lat' dir='ltr'><strong>II,</strong></span> <span class='ocrx_word' id='word_1_535' title='bbox 992 5812 1040 5869; x_wconf 85' lang='lat'><strong>35.</strong></span> <span class='ocrx_word' id='word_1_536' title='bbox 1130 5810 1160 5879; x_wconf 85' lang='lat'><strong>3)</strong></span> <span class='ocrx_word' id='word_1_537' title='bbox 1185 5808 1359 5887; x_wconf 70' lang='lat' dir='ltr'><strong>Fulgentius,</strong></span> <span class='ocrx_word' id='word_1_538' title='bbox 1382 5811 1429 5867; x_wconf 88' lang='lat' dir='ltr'><strong>De</strong></span> <span class='ocrx_word' id='word_1_539' title='bbox 1452 5810 1567 5867; x_wconf 78' lang='lat' dir='ltr'><strong>veritate</strong></span> <span class='ocrx_word' id='word_1_540' title='bbox 1587 5808 1856 5883; x_wconf 73' lang='lat' dir='ltr'><strong>praedestInatiom&#39;s</strong></span> <span class='ocrx_word' id='word_1_541' title='bbox 1880 5816 1906 5866; x_wconf 82' lang='lat' dir='ltr'><strong>et</strong></span> 
     </span>
     <span class='ocr_line' id='line_1_49' title="bbox 254 5913 724 5991; baseline 0.006 -21"><span class='ocrx_word' id='word_1_542' title='bbox 254 5913 370 5989; x_wconf 71' lang='lat' dir='ltr'><strong>gratiae</strong></span> <span class='ocrx_word' id='word_1_543' title='bbox 385 5914 421 5971; x_wconf 84' lang='grc' dir='ltr'><strong><em>Π</em></strong></span> <span class='ocrx_word' id='word_1_544' title='bbox 438 5935 463 5972; x_wconf 88' lang='lat' dir='ltr'><strong>c.</strong></span> <span class='ocrx_word' id='word_1_545' title='bbox 480 5918 538 5985; x_wconf 79' lang='lat'><strong>38;</strong></span> <span class='ocrx_word' id='word_1_546' title='bbox 562 5915 636 5991; x_wconf 79' lang='lat' dir='ltr'><strong>Opp</strong></span> <span class='ocrx_word' id='word_1_547' title='bbox 653 5919 724 5976; x_wconf 63' lang='lat'><strong>477.</strong></span> 
     </span>
     <span class='ocr_line' id='line_1_50' title="bbox 1641 6031 1692 6088; baseline -0.039 0"><span class='ocrx_word' id='word_1_548' title='bbox 1641 6031 1692 6088; x_wconf 71' lang='grc'><strong>79*</strong></span> 
     </span>
    </p>
   </div>
   <div class='ocr_carea' id='block_1_6' title="bbox 0 0 2452 6708">
    <p class='ocr_par' dir='ltr' id='par_1_6' title="bbox 0 0 2452 6708">
     <span class='ocr_line' id='line_1_51' title="bbox 0 0 2452 6708; baseline 0 0"><span class='ocrx_word' id='word_1_549' title='bbox 0 0 2452 6708; x_wconf 95' lang='lat' dir='ltr'><strong> </strong></span> 
     </span>
    </p>
   </div>
  </div>
 </body>
</html>
