4884 6717
718 505 770 559 44.
807 503 1026 560 coxclulusl
1051 503 1278 561 PARISIEXSE
1302 506 1338 560 A.
1360 504 1434 560 825.
1841 496 1905 559 523

248 690 388 777 qualiter
418 691 503 755 idem
536 690 673 777 populus
704 690 821 754 aDco
845 714 904 777 per
934 704 1075 755 vestram
1105 690 1350 756 conservandus
1381 690 1594 756 orthodoxam
1625 691 1830 755 sanctitatem
1863 689 1906 754 ad

248 821 359 862 reram
384 797 592 861 concordiam
617 799 765 862 revocari
790 799 956 883 potuisset,
982 811 1016 862 ut
1041 821 1119 862 vera
1143 820 1225 884 pace
1250 797 1463 882 conglutinati
1486 808 1519 861 ct
1542 798 1576 860 in
1600 797 1661 861 hoc
1685 798 1774 862 etin
1798 798 1906 862 futuro

248 904 380 968 saeculo
415 905 559 968 omniurn
590 904 732 968 Domino
767 904 898 991 plaeere
934 905 1123 991 potuissent.
1176 904 1220 968 Et
1255 903 1412 990 quioquid
1447 904 1566 968 exindo
1602 903 1731 968 salubre
1762 904 1905 968 Domino

248 1011 428 1098 inspirante
459 1012 607 1074 invenire
639 1012 812 1097 potuimus,
844 1012 1032 1097 paternitati
1058 1024 1185 1075 vestrae
1210 1033 1270 1097 per
1293 1021 1483 1096 praesentes
1514 1010 1597 1074 filios
1621 1024 1756 1090 vestros,
1788 1011 1905 1075 fratres

217 1131 386 1197 snostros,
412 1117 574 1204 quaedam
599 1117 704 1192 dictis,
729 1118 891 1204 quaedam
915 1118 1045 1204 scriptis
1069 1118 1248 1182 intimando
1273 1117 1451 1181 direximus
1462 1123 1482 1181 ¹.
1507 1157 1550 1166 —

358 1226 447 1289 Oro²
471 1237 579 1288 antem
604 1235 636 1288 et
660 1223 797 1288 obsecro
822 1226 855 1287 in
880 1224 1032 1288 universo
1056 1224 1177 1288 mundo
1201 1262 1243 1273 -
1268 1237 1303 1288 ut
1327 1224 1415 1288 beati
1432 1224 1695 1310 praedecessoris
1711 1227 1775 1288 rnei
1795 1224 1904 1288 domni

250 1331 402 1416 Gregorii
427 1353 532 1417 papae
557 1341 630 1395 utar
653 1330 772 1408 verbis,
798 1331 914 1395 fratres
939 1342 970 1394 ct
995 1330 1104 1395 domni
1135 1332 1199 1394 mei
1232 1333 1265 1395 in
1297 1341 1453 1416 quantum
1477 1342 1677 1416 peccatores,
1701 1330 1817 1394 fratres
1841 1331 1904 1395 mei

248 1439 462 1525 inquantum
493 1439 569 1501 iusti
599 1436 708 1501 domni
741 1440 815 1516 mei,
847 1449 1004 1523 quantum
1035 1461 1077 1501 cx
1108 1460 1159 1501 me
1190 1437 1354 1501 humiliter
1384 1436 1543 1524 supplico,
1574 1449 1731 1523 quantum
1760 1460 1839 1501 vcro
1863 1461 1906 1501 ex

249 1557 339 1609 tanta
362 1545 555 1608 auctoritate
581 1542 762 1607 sublimiter
785 1566 901 1608 moneo
925 1582 978 1624 -‚
1011 1556 1046 1607 ut
1070 1566 1164 1608 nemo
1189 1567 1240 1607 me
1265 1543 1325 1608 hoc
1349 1545 1383 1608 in
1407 1543 1478 1608 loco
1503 1555 1635 1630 propter
1657 1567 1709 1608 me
1734 1542 1904 1630 despiciat,

205 1678 231 1716 ro
253 1652 339 1737 quin.
364 1651 423 1714 etsi
449 1653 491 1714 ad
515 1649 719 1714 invitandum
743 1671 950 1737 nequaquam
975 1648 1093 1734 dignus
1117 1672 1272 1735 appareo,
1296 1673 1414 1736 magna
1439 1660 1611 1714 esttamen
1628 1651 1730 1713 virtus
1748 1652 1904 1730 caritatis,

249 1759 340 1843 pacis
365 1771 397 1821 et
427 1757 571 1830 unitatis,
602 1756 644 1820 nd
670 1779 768 1842 quam
791 1780 850 1820 ros
881 1756 946 1821 alta
976 1769 1136 1843 potestate
1168 1758 1201 1820 in
1227 1758 1298 1820 ricc
1324 1756 1492 1821 beatorum
1516 1756 1735 1843 apostolorum
1759 1757 1848 1821 Petri
1873 1768 1906 1821 ct

249 1864 342 1929 Pauli
373 1865 406 1927 in
438 1865 568 1927 nomine
600 1863 720 1927 domini
751 1865 853 1928 nostri
884 1863 960 1928 Iesu
991 1862 1112 1928 Christi
1144 1864 1283 1928 invitare
1314 1886 1497 1950 praesumo.
1552 1863 1635 1928 Cum
1666 1864 1752 1927 enim
1783 1863 1905 1928 Paulus

248 1970 396 2034 veridica
419 1992 501 2033 voce
525 1970 629 2034 dicat:
655 1971 767 2034 Ilicem
791 1974 966 2056 sequimini
986 1997 1053 2034 rura
1080 1973 1223 2034 transitus
1247 1986 1274 2034 et
1288 1973 1540 2050 aurrctr'oronr‘um,
1564 1973 1725 2057 quiescite
1742 1972 1800 2036 illa
1818 1997 1905 2035 neruo
1923 1993 2079 2045 astaram.

251 2078 369 2142 ridebit
399 2078 512 2156 Deum,
543 2076 622 2163 quid
652 2075 779 2140 felicius
812 2099 909 2162 quam
940 2089 971 2140 et
1001 2077 1035 2140 in
1066 2075 1127 2140 hoc
1159 2076 1290 2141 saeculo
1322 2076 1539 2141 desiderando
1571 2089 1602 2141 et
1631 2076 1742 2141 inille
1766 2076 1904 2140 fruendo

207 2211 231 2250 rs
250 2184 360 2247 Deum
384 2183 523 2247 videre?
571 2183 659 2263 Quid
684 2205 701 2246 e
726 2182 856 2246 diverso
887 2183 1050 2247 infelicius
1081 2206 1178 2269 quam
1210 2205 1271 2247 nec
1302 2184 1336 2246 in
1359 2183 1420 2247 hoc
1444 2183 1575 2248 saeculo
1599 2183 1739 2248 feliciter
1762 2183 1904 2269 optando

249 2314 310 2354 nec
335 2292 366 2353 in
391 2290 444 2354 illo
469 2289 597 2354 felicius
621 2289 757 2354 fruendo
782 2289 894 2354 sidere
926 2292 1043 2354 mereri
1067 2291 1202 2354 Deum‘.>
1250 2290 1292 2353 Et
1316 2313 1390 2354 cum
1414 2290 1509 2354 huius
1533 2291 1721 2354 assertionis
1744 2289 1797 2353 vel
1821 2291 1905 2353 veri·

250 2398 324 2461 tatis
348 2399 381 2461 in
406 2398 559 2461 universo
584 2397 704 2461 mundo
729 2409 819 2460 tanta
843 2398 907 2461 sint
930 2398 1126 2474 testimonia,
1157 2418 1242 2483 quae
1273 2397 1306 2460 in
1338 2398 1502 2482 praesenti
1531 2409 1677 2483 tompore
1706 2395 1794 2460 nulla
1818 2395 1904 2459 evol·

249 2527 327 2568 vere
351 2503 540 2590 praevaleat
563 2502 674 2589 lingua
699 2503 870 2589 nullusque
894 2503 1077 2567 mortalium
1102 2504 1266 2589 praescire
1291 2502 1408 2582 valeat,
1433 2502 1563 2589 quando
1580 2503 1633 2567 vel
1649 2504 1905 2589 uniuscuiusque

250 2610 312 2688 vel,
337 2610 424 2696 quod
449 2612 552 2676 maius
576 2624 635 2690 est,
666 2611 764 2674 totius
794 2609 906 2675 mundi
931 2633 1067 2675 occasus
1091 2611 1291 2674 terminusve
1315 2611 1385 2673 lieri
1410 2608 1540 2690 debeat,
1571 2632 1691 2696 magna
1719 2633 1781 2683 me,
1811 2621 1848 2673 ut
1871 2611 1905 2673 in

204 2744 231 2783 so
250 2716 400 2781 omnibus
425 2728 536 2781 notum
561 2729 619 2796 est,
644 2731 738 2802 urget
762 2718 952 2794 necessitas,
977 2731 1011 2780 nt
1035 2716 1080 2796 id,
1105 2717 1193 2802 quod
1217 2739 1259 2781 ex
1277 2714 1385 2780 debito
1410 2716 1548 2780 reddere
1566 2715 1681 2794 debeo,
1706 2716 1827 2781 diutins
1844 2716 1904 2780 dif-

250 2824 335 2888 ferre
359 2847 424 2887 non
448 2822 597 2904 audeam,
622 2846 663 2887 nc
687 2824 769 2887 forte
794 2835 883 2888 tanto
907 2824 1052 2887 caritatis
1077 2821 1187 2887 debito
1212 2821 1378 2887 subtracto
1403 2824 1434 2886 in
1453 2835 1630 2909 conspeetu
1647 2823 1771 2887 aeterni
1787 2822 1905 2886 iudicis

250 2953 308 3016 pro
332 2929 425 2994 robis
449 2929 599 2994 omnibus
623 2952 697 2994 reus
721 2953 909 3016 appaream.

359 3036 579 3118 Quamobrem
604 3060 661 3100 oro
686 3037 737 3100 rel
761 3059 888 3116 rnoneo,
913 3049 947 3100 ut
971 3038 1075 3123 primo
1099 3059 1161 3116 me,
1186 3038 1303 3100 summi
1320 3036 1386 3100 Dei
1410 3035 1568 3101 ccclesiae
1593 3036 1661 3117 filii,
1685 3035 1849 3100 Michahel
1873 3049 1906 3101 et

251 3143 441 3231 Theophile‚
473 3143 605 3229 gloriosi
636 3167 714 3206 xero
746 3156 778 3207 et
809 3141 990 3208 sublimiter
1017 3167 1036 3206 a
1061 3144 1134 3208 Deo
1165 3142 1299 3207 exaltati
1333 3144 1543 3229 imperatores
1574 3143 1805 3224 Romanorum,
1841 3167 1907 3208 una

204 3277 232 3316 ss
251 3274 324 3315 cum
349 3252 501 3314 universo
526 3249 686 3314 catholieo
710 3249 976 3336 nobilissimoque
1001 3262 1118 3313 senatu
1142 3273 1180 3313 ao
1205 3248 1325 3335 populo
1341 3248 1435 3313 vobis
1459 3250 1567 3314 aDco
1592 3249 1634 3314 ad
1657 3249 1907 3336 gubernandum

251 3358 385 3434 credito,
411 3373 445 3420 ut
469 3379 518 3436 ea,
543 3379 626 3443 quae
651 3379 710 3443 pro
735 3356 837 3420 salute
861 3370 970 3420 restra
995 3379 1037 3419 ex
1061 3357 1254 3420 auctoritate
1278 3353 1367 3419 beati
1391 3357 1491 3436 Petri,
1516 3358 1569 3421 cui
1592 3356 1742 3422 dominus
1766 3371 1798 3422 ct
1813 3358 1906 3422 Deus

250 3476 360 3528 noster
383 3464 475 3527 Iesus
500 3463 649 3527 Christus
680 3463 790 3527 clares
821 3464 1023 3528 committere
1055 3463 1207 3548 dignatus
1239 3475 1288 3525 cst
1318 3464 1410 3546 regni
1442 3462 1606 3528 caelorum
1637 3463 1766 3528 dicens:
1801 3465 1906 3544 Quod·
1926 3483 2086 3534 uersuram.

251 3597 380 3657 curaque
405 3573 557 3656 lr'purrrr's
586 3597 682 3656 anper
712 3586 825 3634 terrum
859 3572 990 3654 dirrutum
1014 3573 1075 3634 erit
1097 3585 1125 3634 et
1150 3573 1180 3634 r'a
1210 3571 1319 3650 caelia,
1349 3585 1378 3634 et
1406 3571 1621 3656 qrtodcumque
1650 3573 1783 3636 astla-eris
1812 3597 1908 3659 serpet·

252 3693 366 3742 terrem
391 3679 522 3742 solutum
548 3680 609 3741 erit
624 3692 652 3741 et
669 3681 701 3742 ia
718 3679 825 3744 ecelis.
849 3676 1025 3740 admonere
1043 3692 1074 3740 et
1092 3675 1255 3740 exhortari
1274 3690 1306 3739 ct
1322 3677 1487 3739 insinuare
1505 3678 1725 3743 necessarium
1740 3677 1905 3758 duximus,

207 3810 235 3850 so
253 3785 414 3870 patienter
443 3784 583 3848 audiatis
613 3784 822 3869 animumque
846 3783 919 3847 Deo
949 3782 1102 3869 placitum
1127 3795 1271 3846 restrum
1295 3805 1359 3845 non
1390 3781 1433 3846 ad
1462 3783 1745 3864 contemnendum,
1776 3785 1834 3849 sed
1865 3784 1908 3849 ad

253 3890 492 3955 oboediendum
528 3903 560 3954 et
595 3889 855 3955 conservandum
892 3912 1090 3975 praeparare
1121 3888 1290 3953 studeatis.
1344 3888 1423 3953 Ideo
1454 3900 1562 3953 autem
1594 3890 1636 3955 ad
1667 3889 1908 3956 oboediendum

253 3996 347 4061 nobis
371 3997 546 4074 hortamur,
572 3997 649 4082 quia
673 3997 791 4076 onmia,
816 4018 901 4082 quac
926 3994 1019 4059 vobis
1044 3995 1085 4059 de
1109 3995 1170 4059 hae
1194 4017 1295 4059 causa
1318 3994 1437 4059 dicturi
1461 4019 1582 4076 sumus,
1608 3997 1710 4061 tribus
1734 3997 1795 4062 hoc
1819 3999 1907 4084 capi·

254 4103 329 4168 tulis
353 4102 577 4190 principaliter
601 4117 632 4166 ct
656 4102 806 4166 ordinare
832 4115 863 4166 ct
888 4103 1079 4167 confirmare
1106 4103 1210 4187 parati
1236 4125 1356 4178 sumus,
1381 4101 1415 4165 id
1435 4115 1484 4166 cst
1500 4104 1634 4184 ratione,
1659 4106 1851 4169 auctoritate
1876 4117 1909 4169 et

254 4209 388 4275 consilio
399 4215 421 4290 ³,
446 4209 601 4273 videlicet
624 4211 782 4273 rationem
807 4209 949 4273 texendo
974 4222 1007 4273 et
1030 4208 1168 4273 caridcm
1193 4210 1351 4273 rationem
1376 4210 1409 4272 in
1433 4222 1589 4295 quantum
1614 4211 1826 4292 rationabilis,
1845 4212 1908 4276 dis-

211 4344 237 4384 to
255 4329 354 4392 creta,
379 4317 513 4381 honesta
538 4333 570 4380 ct
587 4317 673 4381 utilis
691 4317 797 4394 suerit,
823 4317 1015 4380 auctoritate
1032 4315 1202 4394 firmando,
1227 4315 1365 4379 candent
1382 4339 1460 4380 vcro
1480 4319 1707 4383 anctoritatem
1730 4318 1908 4384 secundum

255 4424 435 4489 catholicae
459 4423 535 4486 fidei
561 4424 731 4487 veritatem
756 4435 787 4486 ct
807 4422 1035 4486 rectitudinem
1053 4421 1227 4485 salubriter
1242 4421 1464 4507 intelligendo,
1489 4422 1530 4487 ad
1553 4423 1700 4489 ultimum
1717 4447 1806 4504 vero,
1830 4423 1910 4510 quid

254 4531 362 4595 inhia
387 4529 589 4593 adsalutem
619 4529 813 4593 universalis
845 4528 1004 4593 eeclesiae
1036 4527 1210 4593 tenendum
1243 4529 1293 4608 sit,
1325 4527 1495 4593 consilium
1519 4530 1592 4594 Deo
1616 4529 1771 4616 placitum
1800 4530 1909 4595 dando

255 4649 288 4702 ct
311 4637 397 4701 idern
422 4635 593 4700 consilium
619 4635 850 4700 confirmando.
897 4636 940 4699 Et
964 4636 1123 4721 quamvis,
1155 4647 1190 4698 ut
1213 4634 1348 4720 dignum
1373 4647 1432 4714 est,
1464 4634 1575 4700 divina
1598 4636 1774 4722 praecellat
1797 4652 1908 4702 aucto·

254 4746 345 4822 ritas,
377 4744 481 4830 primo
513 4755 620 4806 tamen
652 4742 694 4806 ad
726 4741 922 4827 mitigandos
953 4754 1050 4828 atquc
1082 4741 1123 4805 ad
1154 4741 1346 4806 adunandos
1377 4742 1502 4806 animos
1526 4743 1559 4805 in
1584 4742 1714 4808 diversa
1738 4744 1909 4809 tendentes

207 4877 236 4916 to
255 4849 479 4915 ratiocinando
504 4847 654 4913 omnibus
679 4849 869 4913 satisfacere
894 4848 1053 4922 volumus,
1087 4861 1121 4911 ut
1151 4871 1189 4911 co
1220 4848 1349 4913 facilius
1380 4860 1413 4912 ct
1441 4848 1582 4912 divinam
1609 4852 1834 4916 auctoritatem
1859 4875 1908 4914 se·

256 4957 397 5022 cundum
422 4979 536 5020 sanum
562 4955 742 5020 catholicae
767 4954 844 5019 fidei
868 4954 1068 5019 intellectum
1093 4955 1270 5018 concordes
1287 4956 1467 5041 suscipiant
1483 4978 1521 5020 ac
1538 4954 1657 5020 deinde
1676 4973 1799 5022 certum
1816 4958 1910 5022 nobis

256 5063 425 5130 consilium
450 5064 583 5127 suarius
608 5062 847 5149 amplectantur
870 5061 1123 5148 amplexumque
1148 5063 1181 5125 in
1205 5063 1313 5126 futuro
1338 5061 1531 5126 custodiant.

363 5231 378 5278 5
392 5225 548 5291 direximus}
558 5237 614 5293 post
626 5237 715 5293 septem
729 5229 851 5278 linearum
866 5228 1024 5278 interrallunr
1037 5236 1176 5292 rearmatur
1189 5227 1215 5276 in
1227 5224 1262 5276 P:
1273 5231 1327 5277 (Jro
1341 5235 1430 5277 auteur
1444 5237 1495 5284 etc,
1508 5228 1597 5293 paribus
1605 5229 1806 5293 praemittuntur
1815 5229 1842 5278 in
1855 5229 1911 5279 edd.

255 5319 328 5385 quasi
346 5319 448 5368 amare:
469 5318 591 5382 Epistola
611 5319 719 5367 nornine
734 5319 848 5367 Romani
868 5317 1003 5382 pontificis
1023 5317 1055 5366 ad
1071 5315 1231 5366 Michaelern
1251 5325 1332 5381 atque
1346 5316 1528 5383 Theophilum
1545 5318 1723 5383 imperatores
1737 5319 1911 5368 Graecorum.

209 5416 238 5456 4⁶
258 5410 291 5458 16
310 5401 415 5470 mereri]
430 5408 560 5457 meruerit
574 5405 603 5456 P.
659 5409 693 5457 20
711 5408 815 5457 deferre
830 5402 860 5455 P.
916 5407 950 5456 26
969 5402 1006 5468 utl
1021 5406 1142 5470 repetitur
1156 5414 1185 5454 nt
1199 5405 1226 5454 in
1239 5405 1256 5455 l.
1271 5411 1313 5455 23.
1368 5408 1402 5456 29
1422 5405 1610 5456 exhortarol'.
1667 5409 1700 5457 38
1718 5407 1867 5473 praecellet
1883 5406 1913 5458 Ρ.

367 5549 396 5630 l)
427 5553 458 5608 Γ.
483 5553 567 5624 infra
593 5551 705 5609 C-E
726 5552 800 5608 inter
823 5561 888 5608 arta
913 5551 993 5606 hrrirss
1014 5550 1124 5622 synodi.
1240 5547 1271 5626 ⁶2)
1304 5551 1438 5606 Ferarum
1463 5550 1596 5626 epistolae
1619 5551 1655 5607 ab
1678 5551 1845 5609 lerdou·ico
1874 5554 1917 5610 ad

259 5660 416 5737 Buprasium
442 5659 609 5734 diripeudae
628 5654 669 5733 (p.
687 5663 749 5717 520
768 5661 785 5713 l.
804 5665 948 5734 32-1).
966 5661 1028 5716 523
1047 5658 1065 5712 l.
1083 5655 1114 5731 5)
1131 5657 1257 5732 sequitur
1276 5651 1332 5730 s-
1346 5662 1460 5733 1).de
1478 5660 1496 5713 l.
1514 5654 1564 5730 31)
1577 5659 1683 5730 firrrna
1699 5659 1840 5734 epistolae,
1857 5680 1914 5736 qua

253 5787 375 5842 popam,
389 5786 448 5822 cunr
465 5767 508 5822 ad
520 5765 685 5821 ultroneam
702 5765 844 5832 srrrbmct,
858 5785 916 5820 uara
933 5783 992 5819 curn
1009 5763 1098 5820 libello
1111 5763 1174 5819 huic
1183 5764 1304 5834 soranae
1320 5763 1423 5820 inserto
1439 5757 1480 5839 (p.
1494 5768 1557 5823 525
1572 5766 1590 5820 l.
1605 5768 1646 5824 27
1657 5795 1692 5803 -
1704 5785 1737 5840 p.
1751 5769 1815 5824 526
1830 5768 1848 5821 l.
1863 5763 1913 5840 33)

257 5873 298 5928 uti
321 5872 449 5930 colebant
470 5873 629 5946 synodales.
734 5867 764 5946 3)
791 5870 822 5925 Γ.
847 5870 931 5942 infra
958 5890 990 5944 p.
1016 5873 1076 5928 521
1107 5872 1124 5924 l.
1151 5873 1245 5944 lsqq.
1273 5891 1304 5943 p.
1330 5874 1393 5928 5:26
1419 5871 1438 5925 l.
1464 5873 1502 5929 df
1518 5891 1580 5946 sqq.
1607 5893 1639 5946 p.
1665 5875 1727 5930 529
1754 5874 1772 5928 l.
1797 5875 1914 5948 ddsqq.

1647 5986 1698 6042 66*
