4884 6717
544 515 608 576 812
962 521 1013 575 61.
1049 519 1267 576 CONCILIUM
1289 520 1608 577 INGELHEIMENSE
1632 522 1670 577 A.
1691 519 1765 577 840.

543 705 642 771 Cuius
665 707 835 793 imperium
859 716 955 792 atque
980 706 1120 771 furorem
1144 718 1291 771 metuens
1315 708 1380 771 iam
1403 730 1501 793 saepe
1525 708 1631 773 dictus
1654 706 1750 773 Ebbo
1774 709 1957 794 episcopus,
1987 708 2107 794 quippe
2131 712 2188 796 qui

542 811 679 875 necdum
710 834 783 877 cum
814 812 927 876 eodem
959 835 1036 897 rege
1067 811 1257 898 pacificatus
1292 823 1371 894 erat,
1407 836 1481 878 cum
1510 814 1677 896 Lothario,
1713 816 1765 878 cui
1799 815 1948 900 primitus
1982 813 2187 894 adhaeserat,

541 916 735 982 remanendo
767 919 902 982 secessit
931 929 964 981 et
994 941 1068 982 cum
1092 940 1130 982 eo
1153 930 1306 1002 moratus,
1337 921 1465 1000 timeus,
1497 921 1574 1006 quia
1596 920 1778 985 nullatenus
1801 943 1894 984 suam
1916 920 2055 1006 adipisci
2078 939 2189 1007 posset

540 1024 677 1110 pacifice
702 1023 822 1104 sedern,
853 1024 1032 1110 apostolica
1061 1027 1253 1090 auctoritate
1278 1037 1311 1090 et
1334 1049 1494 1090 consensu
1522 1029 1758 1113 episcoporum,
1789 1025 1874 1091 dono
1905 1028 2003 1090 ctiam
2026 1026 2186 1092 Ludovici

539 1132 624 1215 regis
642 1129 848 1213 Germaniae,
874 1132 1011 1217 adeptus
1035 1145 1093 1214 cst,
1118 1156 1176 1219 pro
1200 1145 1346 1218 tempore
1362 1133 1432 1219 ipse
1448 1155 1582 1214 vacans,
1606 1143 1779 1198 vacantem
1795 1131 1907 1197 sedem
1923 1132 2153 1197 Hiltinesheinr
2166 1141 2186 1210 ¹,
2206 1153 2219 1191 ο

538 1237 708 1322 adspirans
732 1261 861 1324 semper
884 1238 926 1302 ad
950 1240 1113 1325 propriam
1138 1239 1280 1303 sedem2.
1329 1239 1434 1319 Quam
1466 1239 1626 1325 siquidem
1651 1262 1672 1302 a
1695 1238 1812 1303 domno
1837 1238 1961 1303 Karolo
1991 1262 2080 1326 rege,
2111 1239 2188 1305 licet

537 1343 646 1407 valida
670 1344 788 1429 pedum
811 1345 997 1408 infirmitate
1021 1357 1224 1430 gravaretur,
1248 1347 1405 1431 repetisse
1429 1345 1602 1410 multorum
1626 1346 1810 1410 testimonio
1827 1343 2076 1431 comprobatum
2100 1347 2186 1410 unde

537 1452 727 1514 necessitate
753 1451 938 1537 compulsus
963 1452 1004 1514 ad
1028 1451 1229 1536 praedictam
1254 1450 1365 1516 sedem
1389 1451 1616 1516 Hiltinesheim
1640 1463 1818 1532 revertens,
1849 1452 2029 1517 secundum
2059 1454 2186 1516 restitu-

536 1559 656 1621 tionem
679 1558 877 1643 apostolicae
902 1558 988 1621 sedis
1013 1558 1190 1643 episcopali
1215 1558 1323 1621 officio
1347 1559 1477 1622 functus
1508 1580 1612 1644 usque
1642 1560 1676 1621 in
1706 1558 1805 1622 finem
1827 1560 1914 1622 vitae
1942 1557 2187 1623 immutabiliter

535 1665 633 1727 fuisse
658 1666 870 1746 convincitur,
895 1663 951 1728 ubi
975 1666 1060 1727 inter
1087 1678 1196 1728 cetera
1219 1664 1321 1728 multa
1343 1663 1430 1728 bona
1453 1665 1600 1728 diversas
1624 1667 1722 1728 ctiam
1745 1664 1824 1731 feeit
1847 1666 2076 1746 ordinationes,
2101 1688 2185 1751 quae
2206 1685 2231 1723 10

535 1770 657 1856 absque
681 1770 748 1834 nlla
763 1795 917 1857 umquam
935 1772 1185 1856 reprehensione
1203 1770 1245 1834 ab
1262 1771 1411 1835 omnibus
1427 1772 1500 1835 Deo
1517 1770 1712 1835 amabilibus
1729 1771 1911 1856 gaudenter
1925 1771 2153 1858 amplexantur
2162 1779 2183 1836 ³.

640 1878 768 1941 Interea
798 1901 876 1941 vcro
906 1880 1129 1963 unusquisque
1160 1889 1305 1941 nostrum
1328 1879 1361 1940 iu
1385 1901 1443 1941 suo
1468 1878 1580 1941 ordine
1605 1879 1742 1964 pacifice
1766 1879 1963 1942 ministravit
1986 1889 2084 1964 atquc
2109 1902 2182 1942 cmn

535 1984 683 2048 omuibus
707 1985 747 2048 ad
772 1985 909 2048 eandem
934 1997 1069 2047 matrem
1094 1983 1246 2048 eclesiam
1272 1983 1519 2066 confluentibuS,
1543 1996 1610 2048 tarn
1627 1985 1789 2070 episcopis
1806 2007 1904 2070 quarn
1928 1987 2026 2048 etiarn
2050 1985 2182 2070 regibus

534 2104 630 2177 atquc
656 2093 780 2154 cunctis
805 2090 1000 2176 potentibrm,
1034 2092 1295 2172 communicavit,
1327 2092 1430 2155 donec
1462 2093 1527 2155 iarn
1557 2091 1762 2176 supradictus
1786 2091 1928 2155 Karolus
1959 2115 2020 2155 rex
2044 2092 2180 2155 eandem

535 2199 706 2262 ecclesiam
736 2197 832 2282 longo
860 2209 934 2282 post
957 2209 1101 2283 ternpore
1125 2198 1305 2261 reverendo
1330 2199 1399 2260 viro
1423 2198 1601 2261 Hinemaro
1625 2196 1872 2282 gubernandam
1904 2200 2094 2280 commisit¹,
2126 2201 2182 2284 qui
2202 2221 2226 2260 rs

535 2307 642 2369 statim
666 2317 739 2390 post
765 2305 1001 2367 ordinationem
1028 2327 1118 2367 suam
1142 2303 1236 2367 nobis
1261 2304 1396 2368 infestus
1419 2306 1602 2368 ministrare
1627 2303 1802 2390 prohibuit.
1840 2303 1902 2369 Cui
1926 2327 2000 2368 cum
2019 2305 2182 2368 humiliter

534 2435 663 2475 causam
695 2422 823 2474 nostrae
855 2410 1046 2474 abiectionis
1079 2411 1265 2495 quaerendo
1298 2412 1597 2495 interrogassemus,
1629 2409 1750 2473 nullam
1780 2409 1874 2474 uobis
1899 2410 2027 2496 culpam
2051 2410 2181 2475 obicere

534 2517 643 2599 voluit,
669 2518 726 2580 sed
750 2529 859 2580 tamen
878 2541 898 2579 a
914 2519 1053 2602 propriis
1078 2517 1194 2580 officiis
1219 2539 1348 2580 cessare
1372 2519 1550 2602 praecepit.
1587 2516 1652 2596 Qui
1676 2526 1784 2580 autem
1808 2516 1849 2580 ab
1874 2517 2014 2581 ecclesia
2029 2518 2181 2582 Remcnsi

533 2648 575 2688 ex
598 2624 691 2688 nobis
716 2624 869 2687 recedere
894 2647 952 2709 pro
977 2624 1037 2686 bac
1062 2624 1176 2686 eadem
1204 2623 1431 2687 interdictione
1462 2623 1643 2704 uoluerunt,
1675 2622 1798 2709 absque
1827 2622 1894 2687 ulla
1925 2624 2181 2688 contradictione

533 2741 646 2817 postea
681 2753 809 2815 semper
843 2731 1117 2793 ministraverunt.
1171 2730 1268 2794 Unde
1304 2740 1425 2815 quanta
1460 2731 1565 2815 iurgia
1600 2740 1632 2793 ct
1666 2731 1888 2793 contentiones
1923 2732 2008 2794 inter
2042 2754 2116 2795 eum
2151 2743 2183 2794 et
2201 2754 2228 2792 ro

533 2849 675 2901 nostrum
702 2837 919 2900 ordinatorem
943 2838 1007 2900 iam
1039 2837 1228 2922 saepissime
1260 2837 1382 2900 dictum
1413 2836 1585 2900 Ebbouenr
1615 2837 1791 2917 extiterint,
1827 2836 1960 2922 longum
1990 2848 2038 2901 est
2067 2837 2181 2902 litteris

533 2944 820 3031 comprehendere,
852 2945 929 3029 quia
954 2944 1040 3029 quod
1065 2945 1247 3029 expetierat
1272 2945 1428 3029 consequi
1452 2944 1607 3029 nequivit.
1656 2942 1805 3007 Obtinuit
1832 2945 1917 3008 enim
1941 2944 2071 3008 tandem
2096 2944 2183 3031 apud

532 3053 713 3137 piissimum
744 3051 887 3114 Leonem
919 3073 1047 3136 papam,
1078 3062 1113 3113 ut
1145 3050 1238 3114 daret
1269 3052 1298 3114 oi
1330 3050 1455 3114 iudices
1486 3073 1563 3113 suae
1596 3050 1838 3128 vicissitudinis,
1874 3050 2086 3134 Drogonem⁵
2116 3053 2181 3137 epi·

533 3182 677 3244 scopum,
714 3158 906 3242 Otgarium¹
939 3157 1238 3243 archiepiscopum,
1273 3157 1394 3220 Heeti¹
1429 3156 1709 3243 archiepiscopum
1744 3168 1776 3220 et
1811 3155 2044 3220 Gnmbaldum8
2078 3158 2181 3221 arcbi-

533 3267 737 3351 episcopum3
762 3264 848 3327 unde
873 3275 905 3327 et
928 3263 1042 3327 litteris
1066 3266 1131 3327 iarn
1155 3264 1242 3327 dicto
1259 3264 1436 3327 Hinemaro
1460 3264 1590 3326 mittens
1613 3263 1790 3349 praecepit,
1814 3273 1850 3326 ut
1873 3264 1919 3326 eis
1943 3286 2035 3326 suam
2057 3266 2181 3327 vicissi-
2200 3286 2227 3325 as

533 3373 677 3435 tudinem
708 3370 903 3434 habentibus
935 3370 976 3433 ad
1008 3393 1123 3433 causas
1155 3370 1339 3434 reddendas
1371 3381 1483 3434 contra
1504 3368 1678 3434 Ebbonem
1708 3392 1742 3432 se
1767 3370 1920 3433 Treveris
1949 3383 2180 3456 praesentaret.

534 3479 630 3559 Quod
654 3480 795 3558 minime,
821 3478 920 3539 variis
944 3476 1235 3540 intervenientibus
1261 3476 1495 3556 occasionibus,
1520 3477 1562 3539 ad
1587 3477 1737 3540 effectum
1761 3478 1941 3562 pervenit¹.
1989 3477 2066 3556 Ista,
2097 3500 2180 3563 quac

534 3588 617 3648 inter
640 3586 721 3648 hacc
746 3585 809 3647 duo
834 3585 925 3667 signa
950 3582 1119 3664 habentur,
1144 3582 1185 3645 ab
1210 3585 1281 3669 ipso
1301 3584 1459 3647 monacho
1477 3595 1508 3646 ct
1524 3583 1565 3646 ab
1583 3583 1641 3664 his,
1667 3584 1723 3669 qui
1738 3583 1962 3665 interfuerunt,
1987 3584 2180 3664 audivimus,

533 3715 591 3755 nos
622 3705 729 3755 tamen
760 3691 822 3775 ipsi
852 3713 916 3752 non
947 3689 1098 3752 vidimus
1145 3691 1164 3772 {s
1188 3688 1344 3753 Similiter
1368 3692 1474 3768 etiarn,
1505 3701 1541 3752 ut
1570 3690 1681 3768 fertur,
1714 3691 1797 3753 sicut
1827 3690 2020 3772 audivimus,
2051 3690 2181 3776 quando

533 3798 666 3883 pallium
691 3796 731 3860 ab
756 3796 935 3883 apostolica
958 3798 1149 3858 auctoritate
1173 3797 1276 3860 isdem
1294 3797 1491 3860 llinernarus
1514 3798 1653 3882 petiit10,
1678 3819 1743 3860 non
1759 3807 1856 3859 antea
1871 3797 2044 3882 impetrare
2067 3800 2180 3883 potuit,
2200 3818 2227 3856 ao

534 3927 631 3990 quarn
656 3902 697 3966 ab
715 3902 915 3967 Ermerrardo
933 3902 1074 3987 quodam
1092 3901 1274 3966 Orbaccnsi
1287 3908 1312 3945 ¹¹
1336 3902 1492 3966 monacho
1517 3903 1622 3966 eidem
1643 3915 1775 3966 sanctae
1792 3903 1956 3966 Romanae
1981 3903 2051 3967 sedi
2076 3927 2181 3967 saera·

641 4143 653 4188 1
675 4142 756 4205 quipe
777 4139 806 4188 Ρ.
880 4141 895 4188 3
915 4139 1016 4204 adipici
1037 4138 1066 4187 P.
1141 4143 1156 4188 4
1176 4135 1258 4200 dono]
1278 4140 1313 4188 ita
1332 4141 1365 4198 il,
1395 4141 1493 4189 domno
1514 4140 1544 4189 P.
1609 4143 1624 4190 5
1646 4138 1830 4190 Hiltinelreum
1850 4139 1880 4188 P.
1946 4143 1961 4188 8
1981 4139 2181 4190 Heltinesbeiur

532 4230 572 4278 bie
590 4237 612 4278 et
631 4228 702 4293 infra
717 4229 747 4278 P.
814 4231 829 4276 9
850 4227 1013 4292 espiscopali
1035 4227 1064 4276 P.
1134 4231 1164 4276 13
1184 4228 1218 4276 ad
1240 4223 1364 4290 candem]
1384 4230 1418 4277 ab
1439 4230 1533 4277 eadem
1553 4228 1584 4277 P.
1659 4232 1691 4277 14
1711 4230 1912 4279 communicant
1931 4228 1961 4278 P.
2036 4230 2130 4279 eadem
2151 4229 2181 4278 P.

536 4322 567 4368 15
588 4315 747 4378 reverendo]
768 4317 930 4367 revertendo
951 4316 981 4364 P.
1057 4319 1086 4366 li
1108 4334 1217 4365 causum
1237 4313 1358 4379 nostrae}
1379 4318 1414 4366 itu
1433 4335 1445 4366 e
1464 4317 1536 4376 coni,
1556 4318 1662 4383 culpam
1682 4327 1801 4367 nostram
1823 4317 1854 4366 A.
1875 4317 1906 4368 P.
1979 4319 2130 4368 abieciouis
2151 4318 2180 4368 P.

535 4406 607 4457 nulla
628 4407 658 4456 P.
749 4409 783 4455 20
803 4401 1001 4467 contentiones]
1022 4407 1197 4454 condiciones
1219 4405 1248 4453 Ρ.
1340 4407 1371 4455 ‘21
1401 4405 1509 4470 lungum
1530 4405 1561 4455 P.
1653 4408 1685 4456 27
1706 4407 1831 4455 allectum
1852 4406 1882 4454 P.
1974 4410 2009 4456 30
2026 4407 2130 4457 hisdem
2150 4407 2181 4456 P·
2201 4421 2227 4460 st

535 4500 563 4545 31
588 4490 715 4561 quodam]
736 4495 843 4543 cuidam
864 4494 893 4542 P.

646 4687 672 4768 1)
703 4694 749 4749 De
778 4702 909 4768 ternpore,
940 4712 994 4767 quo
1026 4692 1087 4746 Ede
1118 4692 1382 4748 Hildeslreirnenseru
1413 4693 1600 4767 episcopatum
1631 4695 1749 4768 adqrtus
1777 4695 1814 4750 sit
1842 4689 1933 4760 (anno
1960 4696 2071 4752 circiter
2094 4701 2180 4772 815.)

536 4823 559 4859 v.
578 4799 931 4858 Poenitentr'ulellrabuni
953 4820 977 4855 c.
996 4803 1044 4868 al,
1071 4798 1143 4856 llG.
1162 4799 1240 4873 Epp.
1265 4800 1382 4868 V,514.
1420 4800 1551 4869 Schro'm,
1575 4802 1593 4856 l.
1611 4802 1629 4856 l.
1648 4820 1682 4875 p.
1699 4804 1762 4859 476
1773 4822 1834 4876 sqq.
1905 4791 1935 4877 2)
1958 4803 1989 4858 V.
2009 4803 2112 4859 Leonis
2126 4802 2180 4859 IV.

536 4910 679 4983 qristolunr
704 4903 792 4980 (lIG.
811 4907 888 4981 Epp.
913 4907 944 4974 V,
963 4911 1040 4973 ona·
1063 4905 1164 4977 Juste'·
1174 4906 1212 4960 E.
1238 4927 1265 4962 n.
1282 4903 1388 4980 tols),
1412 4907 1458 4962 ubi
1479 4907 1564 4963 umba
1580 4907 1659 4984 fiunt
1681 4907 1715 4962 de
1739 4907 1845 4977 Elone,
1870 4910 1918 4979 qui
1934 4928 1985 4980 pro
2001 4909 2099 4964 illicita
2114 4912 2180 4966 sub-

535 5017 693 5072 sectatione
719 5007 898 5088 (Hirunrari)
926 5055 932 5066 .
959 5055 965 5066 .
993 5055 999 5066 .
1024 5023 1069 5066 ter
1092 5015 1189 5068 sedem
1214 5015 1397 5084 apostolicam
1420 5015 1663 5085 interpellaverat.
1735 5006 1765 5092 3)
1790 5014 1836 5070 De
1857 5015 1964 5071 Edonis
1987 5015 2031 5071 die
2052 5036 2183 5090 mprenro
2199 5035 2227 5071 eo

536 5116 609 5179 (851
637 5121 726 5176 illurt.
743 5127 797 5196 20)
824 5128 849 5174 et
870 5118 1095 5174 ordinationibus
1118 5118 1153 5174 ab
1169 5118 1305 5202 ¹rlltfrr'rlo
1328 5139 1486 5176 successore
1509 5121 1663 5176 annullatis
1686 5122 1725 5192 cs.
1750 5121 1905 5190 Diiuunler,
1936 5120 2111 5178 ‘Gesclriclrte
2134 5124 2182 5178 des

534 5227 764 5299 ostjrr'r'nliselren
788 5227 920 5281 Reicies'
945 5227 987 5281 ed.
1013 5233 1042 5283 2.
1068 5224 1179 5292 Lana.
1273 5221 1303 5302 4)
1328 5226 1502 5282 Hincnrarus
1526 5228 1624 5283 electus
1647 5227 1737 5283 estin
1760 5229 1866 5300 synodo
1889 5227 2085 5285 Bellouacensi
2106 5224 2180 5302 (845

535 5337 606 5409 Apr.
633 5331 694 5407 18),
729 5333 877 5388 ordinatus
909 5337 937 5390 3.
970 5333 1014 5386 die
1048 5332 1148 5387 arensis
1181 5332 1255 5388 Maii
1289 5332 1408 5388 eundern
1443 5333 1530 5402 unni,·
1565 5334 1606 5404 qs.
1638 5335 1769 5403 Sclrrdrs,
1804 5336 1821 5390 l.
1853 5336 1871 5390 l.
1904 5355 1936 5409 p.
1962 5339 2002 5394 39
2032 5355 2102 5393 ann.
2130 5341 2180 5396 60.

536 5442 566 5508 5.)
593 5441 763 5496 lletterrsern.
842 5439 872 5505 6)
899 5438 1104 5514 llopuntinuru.
1182 5439 1212 5502 i)
1244 5439 1448 5496 Treoerensern.
1524 5439 1555 5508 8)
1579 5440 1821 5516 Botoruugenscrn.
1899 5441 1930 5510 9)
1957 5440 2006 5513 Os.
2031 5441 2185 5499 lsrncrnuri

534 5548 576 5602 ud
597 5546 745 5602 Nicolmuu
766 5567 875 5620 popum
900 5547 1033 5620 qrt'stolm
1059 5545 1132 5620 opp.
1158 5546 1199 5598 ed.
1223 5545 1360 5602 Sirrnond
1381 5546 1420 5616 II,
1437 5550 1507 5604 304.
1555 5546 1686 5615 Sctrers,
1710 5549 1728 5602 l.
1746 5548 1764 5602 l.
1783 5567 1817 5622 p.
1834 5551 1876 5606 53
1886 5568 1928 5623 sq.
1947 5551 1995 5607 61.
2074 5551 2124 5616 10)
2149 5550 2180 5606 V.
2198 5565 2227 5605 ts

536 5653 685 5709 Illotlrarr'r'
708 5653 730 5708 I.
763 5653 905 5727 qristoluru
936 5654 978 5707 ad
1007 5653 1126 5708 Leonem
1152 5651 1169 5706 l
1176 5652 1205 5706 V.
1239 5645 1460 5724 (illillrllruclreri
1491 5673 1518 5708 n.
1544 5649 1636 5728 1149)
1673 5652 1783 5728 eiusque
1818 5672 1980 5729 responsura
2016 5648 2131 5727 (Jaffl-
2143 5656 2180 5712 Ε.

535 5781 562 5814 n.
588 5763 695 5834 2607),
730 5760 800 5814 lnr.
827 5759 903 5833 lippa.
932 5759 962 5826 V,
995 5765 1063 5814 (509.
1090 5761 1157 5816 aar.
1215 5759 1352 5826 ascaron,
1388 5761 1406 5812 Ι.
1430 5760 1448 5812 1.
1475 5778 1507 5832 p.
1531 5763 1572 5817 58
1602 5778 1671 5815 ann.
1695 5764 1746 5818 28.
1864 5760 1914 5829 11)
1951 5761 2044 5818 Hodie
2079 5761 2182 5820 Ordaia

535 5866 741 5921 nrornrsteriuru.
