4884 6717
692 483 745 541 56.
780 482 1000 541 CONCILIUM
1023 481 1354 548 AQUISGRANENSE
1378 485 1414 541 Α.
1436 484 1511 542 886.
1865 477 1928 540 763

273 671 389 737 eodem
412 684 487 758 post
509 694 631 759 peuce:
663 676 749 737 Non¹
772 681 809 735 sit
832 681 861 735 iu
884 681 966 736 domo
989 683 1112 753 pectoris
1134 683 1222 737 nostri
1244 683 1407 754 negotiatio,
1431 699 1488 738 non
1510 682 1693 737 vendentium
1717 682 1928 752 ementiumque

273 789 449 856 commercia,
479 805 537 844 non
564 789 700 843 donorum
723 787 873 860 cupiditas,
903 806 940 844 ne
964 789 1141 859 ingrediatur
1169 788 1251 844 Iesus
1274 790 1360 844 iratus
1391 796 1421 845 et
1444 789 1552 861 rigidus
1576 795 1606 845 et
1628 807 1684 844 non
1707 788 1790 844 aliter
1812 789 1931 844 mundet

272 895 409 968 templum
432 913 513 950 sunm
536 896 590 950 uisi
612 894 725 967 flagello
749 894 885 962 adhibito,
909 901 941 949 ut
963 896 1000 950 de
1025 895 1163 967 spelunca
1184 896 1324 951 latronum
1349 903 1378 952 et
1400 897 1483 951 domo
1498 896 1698 967 negotiationis
1714 897 1828 951 domum
1843 894 1931 950 iaciat
1948 910 2067 952 ermen.

271 1002 417 1058 orationis.
463 991 640 1057 Terribilia
667 991 764 1057 valde
795 1003 870 1056 sunt
900 1014 985 1079 quae
1016 1015 1036 1056 a
1066 1003 1155 1058 tanto
1187 992 1319 1058 doctore
1351 993 1518 1075 dicuntur3
1555 1004 1588 1057 et
1621 991 1745 1058 idcirco
1779 991 1929 1057 omnibus
1969 966 2045 1017 Μ’

240 1122 255 1161 s
273 1099 440 1165 ordinibus
464 1099 499 1163 in
514 1097 672 1184 religione
688 1097 874 1164 Christiane
889 1097 1141 1164 consistentibus
1157 1099 1404 1187 precavendum
1426 1111 1485 1182 est,
1508 1121 1550 1164 ne
1575 1099 1744 1187 quippiam
1768 1097 1929 1164 inlicitum

271 1207 307 1270 in
329 1205 450 1293 templo
474 1205 541 1270 Dei
564 1204 693 1291 egendo
723 1227 744 1269 e
766 1204 842 1269 Iesu
872 1206 955 1270 irato
985 1205 1072 1270 fores
1103 1207 1262 1271 eiciamur
1292 1216 1325 1271 et
1354 1206 1511 1293 templum
1541 1229 1646 1288 suum,
1678 1205 1765 1294 quod
1796 1214 1930 1293 propter

272 1312 445 1378 avaritiam
468 1323 613 1378 nostram
635 1312 758 1377 fectum
781 1323 831 1377 est
854 1311 1012 1399 spelunca
1035 1312 1208 1396 latronum,
1232 1313 1333 1379 faciet
1356 1314 1511 1378 orationis
1535 1312 1676 1379 domum.
1948 1339 2018 1379 uu.

380 1475 459 1557 (83).
484 1471 597 1537 XIIII.
634 1471 807 1554 Quoniam,
835 1471 913 1537 licet
936 1472 1076 1537 ecclesie
1100 1472 1221 1538 Christi
1244 1483 1378 1560 propter
1400 1474 1503 1539 multa
1525 1485 1664 1559 peccata
1688 1473 1826 1538 diversis
1850 1482 1929 1537 tem-

272 1579 407 1666 poribus
426 1580 630 1665 diversisque
649 1579 755 1644 modis
774 1601 795 1643 e
813 1578 922 1643 multis
941 1601 1040 1666 saepe
1060 1581 1102 1644 sit
1120 1590 1320 1667 expugnata,
1340 1602 1424 1667 quae
1441 1578 1683 1664 gratulabunde
1699 1582 1803 1645 canit:
1828 1580 1930 1667 Saepe
1949 1606 2070 1658 rausa

229 1716 256 1756 ro
273 1701 531 1775 expugnaverunt
551 1712 600 1751 me
619 1713 640 1752 a
658 1690 812 1752 iuventute
835 1712 923 1769 mea‚·
946 1690 1056 1752 etenim
1076 1711 1138 1753 non
1156 1701 1328 1774 potuerunt
1343 1687 1434 1766 milri,
1458 1686 1543 1751 hanc
1562 1696 1681 1768 tamen,
1706 1688 1761 1773 qui
1780 1709 1852 1751 eam
1872 1708 1930 1750 suo

273 1795 416 1880 pretioso
440 1794 598 1879 sangnine
621 1792 769 1874 redemit,
792 1815 970 1880 numquam
993 1791 1180 1857 deserturus
1204 1805 1263 1876 est,
1294 1795 1340 1858 ita
1363 1794 1394 1857 ei
1416 1792 1591 1879 pollicens:
1622 1794 1705 1859 Ecce
1727 1792 1852 1880 inquid,
1877 1817 1931 1882 epo
1950 1819 2109 1870 aaronem.

273 1902 432 1966 vobiscum
454 1925 522 1965 sum
547 1902 691 1965 ominibus
715 1900 825 1966 diebus
847 1925 945 1987 usque
968 1901 1014 1965 ad
1035 1904 1330 1966 consarcinationem
1353 1901 1483 1965 saeculi.

380 2061 460 2143 (84).
485 2059 560 2123 XV.
596 2057 719 2124 Scribit
748 2061 846 2124 etiam
875 2058 961 2124 idern
984 2057 1101 2124 beatus
1125 2060 1336 2125 Hieronimus
1363 2062 1397 2125 iu
1421 2061 1624 2147 expositione
1649 2060 1835 2148 Sophoniee
1857 2083 1931 2147 pro-

272 2167 407 2253 phetae:
432 2167 495 2232 Vae
511 2170 723 2254 provocatrix
740 2181 769 2231 et
784 2166 946 2254 redempta
964 2170 1088 2246 ciuitas,
1112 2169 1264 2232 columba.
1304 2167 1379 2233 Non
1402 2169 1529 2234 audiuit
1551 2193 1654 2234 uocem
1677 2183 1707 2234 et
1727 2193 1789 2233 non
1812 2171 1934 2256 sucepit
1950 2175 2075 2269 &gh-⁰3¹³·

231 2301 256 2339 rs
274 2274 493 2361 disciplinam.
524 2273 693 2360 Principes
711 2276 779 2338 eius
799 2276 831 2338 in
848 2274 952 2339 medio
969 2278 1037 2339 eius
1052 2278 1150 2360 qnasi
1165 2275 1268 2340 leones
1283 2278 1455 2364 ruyientm5
1474 2275 1596 2341 iudices
1611 2279 1690 2356 eius,
1710 2277 1783 2363 lupi
1795 2300 1932 2362 vespere,
2037 2262 2042 2273 ⁶

273 2405 336 2446 non
358 2383 542 2468 relinquunt
563 2384 598 2446 in
621 2406 722 2446 mane.
768 2386 919 2444 Inlustris²
950 2398 979 2445 et
1000 2392 1151 2463 redempta
1173 2391 1274 2446 civitas
1297 2391 1375 2447 iuxta
1398 2392 1546 2463 superiore
1567 2392 1718 2464 perspicue
1743 2390 1866 2448 ecclesie
1888 2390 1931 2445 in-

273 2497 431 2569 tellegitur,
460 2515 533 2569 quae
557 2506 674 2553 vocatur
696 2497 826 2553 columba
848 2505 965 2569 propter
987 2498 1195 2569 simplicitatem
1218 2498 1404 2553 multitudinis
1428 2498 1457 2553 iu
1481 2515 1516 2554 ee
1538 2499 1725 2554 credentium.
1771 2496 1853 2552 Haec
1876 2514 1932 2552 uon

275 2604 383 2659 audivit
413 2621 511 2660 rocem
541 2604 654 2660 Domini
684 2622 778 2676 neque
810 2605 954 2676 suscipere
985 2604 1074 2659 voluit
1104 2604 1297 2677 disciplinarn3
1332 2605 1404 2660 haec
1435 2604 1552 2661 confusa
1581 2613 1634 2673 est,
1665 2606 1734 2676 quie
1762 2603 1852 2659 noluit
1880 2604 1931 2659 ed-

274 2712 466 2784 propinquare
490 2712 601 2767 domino
625 2711 688 2767 Deo
712 2729 774 2767 suo.
812 2712 929 2767 Frustra
952 2712 1026 2768 enim
1055 2712 1118 2783 quis
1141 2728 1241 2767 vocem
1268 2711 1373 2767 domini
1395 2712 1452 2766 Dei
1475 2711 1519 2766 sui
1541 2711 1640 2767 audire
1664 2729 1695 2766 se
1720 2711 1789 2766 dicit
1813 2717 1842 2765 et
1864 2728 1932 2766 con·

230 2833 259 2874 so
275 2816 366 2874 fidere
390 2819 419 2872 in
442 2818 574 2885 Domino,
599 2819 713 2890 quando
736 2819 871 2891 operibns
893 2817 980 2874 fidem
1003 2818 1134 2874 destruit.
1173 2818 1267 2874 Huius
1289 2818 1434 2892 principes
1457 2818 1529 2873 sicut
1551 2818 1650 2874 leones
1671 2819 1828 2900 rugientes.
1869 2817 1933 2872 Non

276 2925 442 2996 ambigimus
465 2924 502 2980 de
525 2925 620 2997 rugitu
649 2925 773 2993 leonum,
805 2926 917 2998 quando
940 2926 1093 2980 viderimus
1117 2925 1260 2997 principes
1289 2925 1350 2981 eius
1373 2925 1412 2981 ita
1435 2926 1463 2980 in
1488 2925 1630 2980 subiectos
1652 2925 1772 2997 populos
1796 2925 1932 2980 detonare

278 3038 307 3087 et
335 3049 406 3086 voce
436 3031 585 3102 tyrannice
613 3031 776 3103 rabidisque
807 3032 935 3087 convitiis
962 3031 1077 3104 plebem
1107 3038 1265 3099 conterere,
1300 3040 1331 3087 ut
1359 3050 1416 3086 non
1446 3039 1588 3103 pastorem
1617 3032 1692 3087 inter
1721 3049 1849 3104 gregem,
1880 3031 1933 3086 sed

276 3138 388 3194 leonem
412 3137 488 3192 inter
510 3137 634 3192 oviculas
657 3144 752 3209 putas.
790 3137 903 3194 Iudices
926 3156 1040 3211 qnoque
1065 3139 1124 3193 eius
1149 3139 1229 3210 quasi
1252 3138 1311 3211 lupi
1335 3139 1437 3206 rabidi,
1467 3139 1630 3195 occidentes
1660 3145 1691 3194 et
1714 3156 1846 3210 vespere,
1877 3156 1934 3193 non

277 3244 447 3317 aspicientes
470 3246 506 3300 ad
530 3251 621 3300 ortum
643 3244 721 3311 solis,
744 3246 796 3300 sed
818 3253 961 3301 morantes
984 3264 1097 3319 semper
1120 3246 1149 3300 in
1171 3245 1300 3302 tenebris
1322 3245 1563 3318 possessiunculas
1587 3245 1727 3301 ecclesiae
1744 3251 1774 3301 et
1790 3262 1834 3312 ea,
1859 3262 1933 3316 quae

232 3367 259 3408 se
277 3352 306 3406 in
330 3351 387 3407 Dei
409 3352 527 3407 donaria
549 3351 743 3419 conferuntur,
774 3359 921 3407 vertentes
950 3352 980 3406 in
1008 3352 1116 3408 lucrum
1146 3370 1238 3420 suum,
1268 3359 1301 3406 ut
1330 3370 1385 3407 non
1415 3352 1542 3408 habeant
1571 3370 1714 3424 pauperes
1744 3353 1821 3424 quod
1850 3370 1933 3408 mene

278 3460 438 3525 comedent,
470 3465 499 3514 et
529 3458 610 3530 quasi
637 3458 666 3513 in
689 3466 773 3514 nocte
797 3464 826 3513 et
849 3457 926 3512 nullo
949 3458 1067 3515 vidente
1091 3459 1262 3531 populantur
1285 3467 1326 3527 et,
1350 3478 1414 3515 cum
1436 3459 1565 3532 luporum
1588 3477 1664 3515 more
1689 3465 1791 3514 cuncte
1813 3460 1933 3531 repient,

278 3583 332 3622 nec
354 3582 457 3638 perros
481 3565 595 3636 quidem
618 3565 695 3621 cibos
719 3565 912 3637 indigentibus
935 3564 1145 3637 derelinquunt.

386 3719 466 3800 (85).
491 3715 583 3781 XVI.
618 3715 702 3781 Item
724 3715 811 3780 idem
835 3717 869 3781 in
893 3716 1009 3782 eodem
1032 3717 1207 3804 prophete:
1240 3717 1280 3784 Ut
1296 3718 1379 3804 quid
1399 3719 1483 3784 mili
1503 3719 1573 3784 tirus
1596 3718 1634 3784 de
1653 3717 1740 3784 Saba
1761 3721 1886 3806 affertis
1908 3732 1937 3784 et
1953 3739 2113 3792 maso.

278 3825 434 3889 calamum
453 3825 680 3890 suaveolentem
699 3823 738 3888 de
756 3837 841 3888 terra
865 3825 1063 3912 lonqinquo?
1096 3824 1376 3891 Holocaustomata
1394 3840 1496 3891 autem
1516 3839 1619 3891 vestm
1638 3850 1699 3890 non
1719 3840 1792 3890 sunt
1808 3839 1936 3913 accepta

233 3955 261 3996 so
280 3945 308 3996 et
329 3932 475 3996 victimae
499 3944 618 3997 ucenae
641 3955 703 3995 non
723 3931 913 4017 placuerunt
935 3931 1025 3996 milri.
1072 3935 1157 3995 Hoc³
1179 3947 1276 3996 eutem
1306 3941 1421 4013 proprie
1452 3942 1587 3997 convenit
1612 3941 1667 4008 his,
1698 3942 1746 4013 qui
1769 3943 1806 3997 de
1830 3941 1936 4013 rapinis

281 4054 311 4103 et
333 4047 487 4102 nudatione
511 4046 675 4102 miserorum
697 4046 820 4101 offerunt
843 4045 982 4101 sacrificia
1005 4054 1035 4103 et
1053 4047 1242 4121 eelemosynis
1262 4066 1298 4104 er
1315 4048 1465 4119 iniquitate
1481 4065 1513 4104 se
1529 4055 1633 4120 putant
1648 4048 1788 4104 redimere
1804 4055 1935 4121 peccata,

280 4154 393 4211 dicente
417 4154 570 4226 scripture:
602 4151 768 4228 Redemptio
796 4152 854 4210 oiri
870 4151 1014 4228 propriae
1036 4152 1160 4222 dimdae,
1190 4172 1265 4226 quae
1296 4171 1352 4209 non
1382 4155 1419 4209 de
1450 4154 1612 4226 iniquitate,
1643 4154 1695 4210 sed
1725 4156 1762 4212 de
1785 4154 1883 4210 labore
1908 4161 1937 4209 ct
1954 4167 2093 4219 reseras.

280 4260 385 4316 institia
408 4266 627 4332 congregantur.
672 4250 755 4315 Item
787 4248 874 4315 idem
904 4252 938 4315 in
961 4250 1132 4316 Hieremia
1161 4251 1338 4338 propheta:
1371 4252 1461 4317 Haec
1484 4252 1565 4317 dicit
1586 4252 1763 4318 Dominus:
1792 4251 1936 4317 Iudicate
1956 4274 2116 4324 romanu.

279 4384 371 4424 mane
395 4358 550 4423 iudicium
574 4372 603 4423 et
625 4361 722 4423 eruite
745 4361 782 4424 oi
801 4359 982 4445 obpressum
1013 4357 1052 4422 de
1075 4383 1170 4423 manu
1193 4359 1430 4440 calumniantis,
1460 4383 1498 4424 ne
1520 4360 1612 4447 forte
1635 4358 1816 4446 egrediamur
1843 4361 1940 4445 quasi

234 4488 262 4529 ss
281 4467 366 4554 ignis
391 4464 567 4552 indignatio
591 4490 660 4530 mea
683 4479 712 4529 et
732 4465 940 4531 succmdatnr
962 4480 992 4530 et
1012 4489 1075 4530 non
1096 4467 1140 4531 eit
1161 4467 1221 4552 qui
1242 4467 1410 4553 eetinquat.
1450 4470 1607 4546 Propriae⁴
1625 4481 1722 4531 sutem
1740 4492 1833 4531 sermo
1851 4472 1884 4528 fit
1901 4474 1938 4530 ed

387 4718 468 4768 XIII·
496 4717 726 4771 2cormertie11.
800 4719 932 4769 donorum
952 4710 990 4770 Μ.
1063 4716 1231 4784 Bspslonce
1248 4717 1288 4770 lrie
1305 4726 1330 4769 et
1346 4716 1420 4784 infra
1438 4711 1475 4768 Μ.

387 4825 485 4875 Xllll.
513 4825 717 4892 8temporibns
737 4824 908 4891 diversisque
926 4825 1019 4876 desum
1036 4824 1074 4876 Μ
1147 4827 1355 4890 terpuncnstn
1374 4826 1411 4876 Μ.
1486 4828 1520 4876 10
1538 4831 1766 4891 sxpnnnsveruut
1784 4827 1822 4879 Μ.

388 4932 449 4983 XV.
478 4934 512 4983 18
531 4933 613 4983 stiam
631 4930 750 4982 deestds.
806 4932 925 4997 Sophiae
941 4929 980 4983 Μ.
1036 4935 1069 4982 14
1089 4933 1215 4997 excoepit
1231 4930 1257 4982 B
1266 4933 1290 4994 2,
1310 4931 1514 4998 excaepith·
1571 4934 1604 4983 18
1624 4933 1683 4984 slus
1699 4928 1784 4998 quesil
1804 4934 1884 4999 qussi
1900 4933 1939 4986 Μ.

282 5024 316 5075 20
334 5022 415 5073 fidem
432 5020 500 5072 deut
517 5019 577 5072 Be.
597 5016 634 5071 Μ
689 5015 790 5084 Huius]
811 5022 940 5086 operibus
958 5020 1071 5072 odem
1126 5022 1158 5071 21
1174 5022 1202 5071 in
1219 5020 1287 5072 dem
1304 5020 1331 5072 B
1340 5024 1364 5071 2.
1384 5019 1421 5071 Μ.
1477 5022 1510 5073 22
1529 5019 1695 5073 tirsnieedi.
1751 5024 1785 5074 28
1804 5018 1938 5089 oviculas]

235 5127 264 5166 eo
282 5109 429 5162 vocabulas
448 5107 485 5160 Μ.
558 5109 647 5176 rapidi
665 5110 703 5162 Μ.
783 5104 820 5172 et]
846 5109 939 5170 0133,
964 5109 1032 5161 derat
1050 5108 1109 5161 132.
1183 5112 1217 5161 24
1235 5105 1366 5174 tenebris]
1394 5118 1422 5162 et
1442 5110 1503 5162 add.
1523 5110 1583 5162 132.
1657 5113 1690 5161 28
1716 5112 1888 5164 commodant
1906 5111 1938 5173 L,

281 5199 447 5267 quomedent
465 5198 525 5250 Be.
598 5193 718 5262 ridente]
739 5200 830 5250 omnis
847 5197 909 5249 add.
928 5198 988 5249 Be.
1062 5200 1095 5250 27
1116 5193 1177 5263 nec]
1196 5216 1231 5251 ne
1250 5199 1311 5252 Be.
1383 5198 1702 5267 derelinqueutC.B1.

389 5306 464 5360 xvl.
497 5301 864 5358 taurianensis.
955 5300 1000 5369 Ut]
1019 5305 1092 5356 XVI.
1112 5306 1149 5357 Ut
1168 5305 1228 5356 Bi.
1242 5309 1267 5358 3.
1288 5303 1324 5356 Μ.
1415 5306 1509 5358 Sebbs
1526 5306 1558 5358 L.
1650 5309 1684 5358 88
1703 5307 1776 5359 idem
1793 5307 1861 5359 deae
1878 5301 1939 5359 Bt.

283 5397 425 5447 Hieremia
442 5389 583 5461 propheta]
603 5395 760 5446 Hieremiae
778 5395 929 5462 prophetae
948 5393 980 5455 L,
1000 5395 1117 5445 lsrsmis
1136 5396 1271 5461 prophete
1289 5399 1326 5450 Μ.
1400 5397 1434 5446 88
1454 5404 1545 5447 eutem
1562 5395 1630 5446 deut
1648 5393 1685 5447 Μ.

393 5628 423 5699 1)
448 5629 647 5704 Hieronymus,
673 5627 825 5687 Commmt.
849 5628 878 5686 in
896 5628 1091 5698 Matthaeum5
1115 5627 1189 5706 Opp.
1213 5630 1278 5700 VII,
1294 5633 1366 5690 263.
1436 5629 1467 5699 2)
1492 5630 1579 5700 Idan,
1605 5629 1757 5689 Commeat.
1781 5629 1811 5688 in
1832 5629 1941 5707 Sopho·

236 5762 265 5802 rs
282 5737 378 5807 niam;
407 5735 482 5814 Opp
505 5736 553 5806 VI,
574 5739 643 5797 717.
759 5734 789 5805 3)
814 5735 1014 5810 Hieronymum,
1041 5733 1191 5794 Gmument.
1220 5735 1250 5793 in
1274 5736 1440 5807 Ieremiam‚·
1470 5738 1489 5794 l.
1506 5738 1525 5794 l.
1550 5737 1604 5808 IV,
1629 5741 1703 5798 888.
1818 5737 1850 5806 t)
1875 5737 1941 5808 Ia,-

283 5845 302 5902 1.
317 5845 336 5902 1.
360 5843 382 5901 Ι
385 5844 416 5916 V,
432 5847 504 5904 895.

1675 5959 1728 6018 98*
