4884 6717
604 489 669 553 512
1072 493 1124 550 44.
1161 494 1380 551 CONCILIUM
1403 495 1629 551 PARISIENSE
1654 496 1691 550 Α.
1712 494 1786 549 825.

604 700 632 748 et
661 693 729 749 fecit
756 692 894 748 hominem
924 691 1036 763 imagini
1060 691 1124 745 Dei.
1171 690 1243 755 Quid
1273 690 1367 744 enim?
1412 691 1486 762 Ergo
1518 691 1583 761 quia
1613 691 1705 761 imago
1738 700 1781 744 est
1803 692 1883 745 homo
1907 692 1972 756 Dei,
2001 692 2128 746 idolatria
2153 699 2203 758 est,
2231 692 2261 745 id

605 807 646 855 est
668 802 801 854 idolorum
826 799 932 853 cultura
957 804 998 852 est
1021 806 1049 852 et
1072 798 1220 869 impietas?
1258 798 1444 867 Nequaquam
1467 796 1524 851 fiat.
1564 797 1592 852 Si
1616 798 1689 852 enirn
1711 798 1801 854 Adam
1824 799 1916 868 imago
1939 799 2112 866 daemonius,
2135 799 2262 852 abiectus

603 908 655 962 fuit
678 916 705 961 et
728 905 952 975 inacceptabilis,
980 906 1029 959 sed
1052 905 1118 974 qnia
1141 904 1232 974 imago
1257 904 1311 957 Dei
1335 910 1386 971 est,
1409 904 1577 958 honorabilis
1601 912 1641 958 est
1665 911 1693 958 et
1716 905 1903 974 acceptabilis.
1952 907 2047 959 Omnis
2070 906 2143 959 enim
2166 906 2259 975 imago

603 1014 631 1067 in
659 1014 767 1066 nomine
790 1012 902 1066 Domini
934 1018 981 1065 aut
1011 1012 1172 1082 angelorum
1202 1016 1250 1063 aut
1279 1010 1474 1080 prophetarum
1505 1017 1552 1064 aut
1582 1012 1768 1081 apostolomm
1798 1019 1846 1066 aut
1876 1023 2027 1084 martynum
2055 1021 2102 1066 aut
2125 1013 2259 1065 iustorum

603 1126 697 1172 sancta
721 1125 778 1186 est,
801 1136 855 1172 non
880 1119 952 1171 enim
976 1118 1079 1188 lignum
1095 1118 1235 1184 adoratur,
1257 1118 1306 1170 sed
1329 1117 1361 1182 is,
1384 1117 1431 1186 qui
1448 1117 1475 1170 in
1491 1118 1565 1188 ligno
1582 1126 1808 1171 commemoratur
1824 1127 1852 1172 et
1867 1120 2077 1189 contemplatur,
2100 1119 2292 1172 honoratum

604 1226 706 1280 Omnes
728 1226 800 1278 enim
823 1243 874 1278 nos
895 1224 1060 1278 honoramus
1083 1224 1186 1278 indices
1210 1231 1238 1277 et
1261 1224 1422 1286 salutamus,
1452 1224 1558 1277 etiamsi
1586 1232 1748 1294 peccatores
1778 1226 1839 1278 sint.
1886 1227 1959 1291 Quid
1982 1225 2070 1296 ergo?
2115 1225 2258 1295 Numquid

602 1351 657 1386 non
680 1333 812 1386 debemus
835 1332 952 1385 adorare
975 1339 1085 1384 sanctos
1100 1330 1154 1383 Dei
1170 1346 1264 1383 servos
1281 1337 1308 1383 et
1323 1338 1435 1399 propter
1450 1330 1607 1385 memoriam
1628 1348 1721 1384 eorum
1744 1332 1909 1386 constituere
1934 1339 1962 1386 et
1985 1332 2090 1402 erigere
2113 1332 2258 1402 imagines,

602 1441 678 1510 quod
700 1457 756 1493 non
779 1437 996 1492 obliviscantur?
1031 1436 1086 1490 Sed
1109 1438 1193 1504 dices,
1216 1437 1282 1507 quia
1305 1436 1363 1505 ipse
1380 1438 1457 1505 Deus
1480 1437 1623 1507 praecepit
1646 1446 1674 1490 et
1697 1455 1752 1491 non
1776 1439 1891 1492 adorare
1915 1457 1965 1492 nos
1988 1440 2167 1492 manufactos.
2202 1439 2257 1491 Dic

602 1547 706 1617 itaque,
729 1565 745 1598 o
770 1546 884 1614 ludaee,
907 1545 992 1614 quale
1015 1549 1221 1613 superterram
1244 1560 1298 1596 non
1323 1551 1364 1597 est
1387 1543 1573 1597 manufactum
1597 1551 1659 1613 post
1681 1543 1815 1597 facturam
1839 1545 1915 1599 Dei?
1960 1545 2032 1609 Quid
2056 1545 2143 1616 ergo?
2180 1545 2256 1598 Area

602 1653 666 1718 Dei,
689 1669 763 1723 quae
787 1669 821 1705 ex
845 1651 927 1722 lignis
950 1650 1053 1704 Sethim
1077 1649 1214 1703 fabricata
1238 1657 1322 1719 atque
1345 1657 1500 1702 constructa
1524 1657 1575 1719 est,
1597 1668 1652 1704 non
1675 1650 1727 1704 fnit
1749 1651 1916 1714 manufacta,
1946 1659 1975 1705 et
1997 1652 2085 1705 altare
2113 1659 2141 1705 et
2164 1653 2254 1721 propi·
2277 1662 2304 1701 rc

603 1759 740 1812 tiator-ium
770 1765 799 1812 et
821 1777 899 1826 runa,
929 1774 1001 1827 quae
1034 1756 1129 1810 habuit
1152 1775 1263 1824 manna,
1293 1766 1321 1809 et
1351 1773 1445 1810 mensa
1475 1765 1502 1810 et
1526 1757 1637 1811 lucerna
1666 1765 1695 1811 et
1717 1757 1925 1812 tabernaculum
1949 1759 2061 1812 interius
2084 1765 2112 1811 ct
2135 1759 2256 1812 exterius

603 1884 657 1919 non
680 1866 790 1919 fuenmt
814 1882 846 1918 ex
871 1864 998 1935 operibus
1020 1881 1148 1917 rnanuum
1171 1862 1320 1930 homimun,
1343 1880 1416 1933 quae
1440 1862 1571 1916 Salomon
1593 1863 1680 1916 fecit?
1715 1864 1750 1916 Et
1769 1882 1818 1917 cur
1833 1874 1928 1918 saneta
1944 1873 2098 1918 sanctorum
2115 1876 2255 1926 vocannrr,

604 1972 762 2027 manufacta
786 1971 951 2025 existentia?
986 1971 1029 2024 Ita
1048 1969 1197 2023 Cherubim
1216 1976 1245 2023 et
1267 1986 1394 2022 senarum
1417 1970 1522 2022 alarum
1546 1971 1573 2023 in
1596 1969 1710 2023 circuitu
1732 1971 1914 2040 propitiatorii
1938 1989 1991 2025 non
2014 1972 2123 2025 fuemnt
2147 1980 2254 2026 statuae

604 2086 633 2134 et
656 2078 789 2149 imagines
817 2078 987 2149 angelorum,
1017 2093 1102 2146 opera
1132 2093 1260 2129 marnmm
1289 2076 1448 2129 hominurn?
1493 2077 1530 2130 Et
1557 2078 1694 2146 quomodo
1724 2095 1778 2130 non
1809 2078 1983 2131 abiciuntur?
2029 2077 2083 2132 Sed
2116 2079 2179 2148 quia
2204 2095 2255 2147 per

603 2191 781 2256 praeceptum
806 2184 859 2237 Dei
889 2183 1021 2254 imagines
1051 2183 1143 2235 factae
1167 2189 1229 2235 sunt
1252 2183 1422 2252 angelorum,
1451 2192 1546 2236 sancta
1570 2191 1640 2248 sunt,
1671 2184 1735 2237 licet
1763 2191 1870 2237 statuae
1893 2185 2002 2238 fuerint.
2047 2185 2156 2238 Etenim
2179 2185 2253 2238 idola
2275 2197 2301 2240 rs

603 2293 736 2364 gentium,
766 2290 831 2361 quia
861 2290 993 2361 imagines
1023 2289 1134 2342 fuenmt
1163 2290 1336 2350 daemonum,
1368 2289 1445 2342 Deus
1474 2288 1613 2358 prohibuit
1642 2296 1671 2342 et
1701 2291 1892 2344 condemnarit
1923 2308 1965 2345 ea.
2011 2292 2068 2344 Nos
2095 2301 2188 2345 autern
2217 2293 2252 2344 ad

604 2399 763 2452 nrernoriam
785 2404 940 2451 sanctorum
964 2396 1096 2467 imagines
1118 2395 1234 2449 fachnus
1257 2394 1397 2463 Abrahae,
1420 2396 1511 2465 Moysi
1535 2404 1563 2448 et
1578 2396 1689 2464 Heliae,
1711 2397 1801 2450 Isaiae
1818 2406 1846 2450 et
1862 2398 2012 2452 Zachariae
2036 2405 2063 2452 et
2084 2399 2252 2468 reliquorum

603 2506 808 2576 prophetanim,
830 2504 1016 2573 apostolorum
1040 2509 1067 2556 et
1089 2509 1239 2573 martyrum
1263 2511 1426 2564 sanctorum,
1449 2502 1496 2571 qui
1520 2509 1634 2571 propter
1649 2504 1740 2557 Deum
1760 2504 1917 2574 interempti
1940 2512 2012 2573 sunt,
2034 2513 2064 2558 ut
2088 2506 2183 2568 omnis,
2206 2506 2251 2575 qui

603 2614 679 2666 videt
703 2630 750 2666 eos
773 2612 800 2665 in
823 2610 952 2681 imagine,
981 2614 1147 2663 memoretur
1177 2627 1270 2663 eorum
1300 2616 1328 2660 et
1349 2607 1486 2678 glorificet
1510 2609 1610 2672 Ileum,
1640 2610 1686 2678 qui
1709 2609 1873 2680 glorificavit
1897 2629 1952 2664 eos.
1998 2612 2088 2665 Decet
2111 2613 2181 2666 enim
2205 2630 2252 2666 eos

603 2719 690 2773 honor
712 2726 740 2773 et
762 2717 887 2771 adoratio
911 2723 939 2770 et
961 2715 1161 2769 commendatio
1185 2716 1333 2769 seeundum
1357 2715 1486 2768 iustitiam
1510 2733 1613 2776 eorum,
1636 2723 1666 2768 nt
1689 2734 1793 2784 omnes,
1817 2718 1864 2787 qui
1888 2718 1981 2770 n'dnn
2000 2735 2056 2784 eos,
2080 2718 2209 2771 festinent
2225 2726 2253 2770 et
2272 2734 2300 2773 aa

602 2827 654 2896 ipsi
677 2826 827 2879 imitatores
851 2822 924 2878 effici
948 2822 1084 2876 actionmn
1108 2840 1210 2876 eorum.
1246 2821 1325 2885 Quae
1350 2821 1421 2874 enirn
1446 2830 1487 2874 cst
1510 2822 1633 2874 adoratio
1657 2823 1707 2875 nisi
1731 2823 1819 2876 honor
1841 2825 2038 2883 tantummodo,
2062 2824 2130 2878 sieut
2153 2833 2180 2878 et
2203 2843 2252 2877 nos

602 2938 762 3003 peccatores
785 2932 930 2984 adoramus
954 2937 982 2983 et
1004 2929 1154 2983 salutamus
1176 2946 1227 2982 nos
1250 2929 1410 2981 alterutrum
1433 2929 1581 2982 seeundum
1604 2929 1735 2982 honorem
1759 2937 1787 2982 et
1809 2930 2004 2984 dilectionem?
2038 2931 2147 2984 Etenim
2163 2932 2251 2984 Deum

602 3046 723 3094 nostmm
745 3056 800 3092 nou
823 3037 904 3090 aliter
927 3037 1072 3089 adoramus
1095 3041 1123 3089 et
1144 3033 1331 3106 glorificamus
1355 3043 1382 3087 et
1405 3035 1643 3088 contremiscimus.
1691 3036 1786 3107 Imago
1810 3044 1852 3090 est
1874 3037 2021 3091 similitudo
2051 3038 2118 3105 eius,
2148 3039 2194 3107 qui
2224 3038 2251 3090 in

603 3163 638 3199 ea
666 3146 835 3214 conscriptus
866 3151 915 3196 est.
961 3143 1041 3213 Impii
1072 3149 1173 3212 autem,
1206 3142 1254 3211 qui
1285 3142 1386 3194 bonum
1415 3159 1469 3194 non
1501 3149 1594 3212 agunt,
1624 3160 1715 3213 neque
1745 3151 1900 3197 sanctonun
1927 3152 2169 3198 commemorantes
2198 3162 2251 3197 nen

601 3252 766 3322 prohibeant
795 3269 888 3321 neque
918 3249 1107 3303 scandalizent
1136 3266 1193 3318 eos,
1222 3249 1272 3318 qui
1301 3248 1477 3302 benefaciunt
1507 3255 1536 3302 et
1564 3247 1699 3302 honorant
1729 3256 1836 3304 sanctos
1867 3259 1894 3303 et
1923 3269 2016 3304 serios
2039 3251 2094 3305 Dei
2123 3258 2151 3304 et
2180 3268 2251 3304 com·
2271 3262 2299 3303 ιθ

603 3366 788 3412 memorantur
810 3375 919 3425 eonrm3
943 3357 1097 3410 mercedem
1121 3355 1191 3408 enim
1214 3355 1306 3408 bonae
1330 3355 1496 3424 operationis
1520 3355 1663 3424 accipient.
1698 3356 1777 3426 Impii
1801 3375 1866 3410 vero
1889 3359 2036 3411 secundum
2059 3359 2135 3428 quod
2149 3358 2252 3428 cogita·

603 3473 702 3518 verunt
724 3464 864 3519 habebunt
890 3463 1067 3517 desolationis
1090 3461 1327 3515 inhonorationem
1350 3462 1419 3514 sieut
1442 3462 1478 3524 id,
1507 3462 1582 3531 quod
1612 3463 1711 3516 iustum
1741 3470 1810 3530 erat,
1839 3465 2012 3535 negligentes
2043 3471 2070 3518 et
2094 3483 2111 3518 a
2134 3464 2252 3518 Domino

602 3574 772 3626 recedentes.
806 3571 925 3640 Propter·
946 3568 1106 3622 memoriam
1129 3585 1250 3638 namque
1274 3567 1301 3620 in
1323 3567 1486 3638 imaginibus
1502 3568 1707 3623 conscribuntur
1723 3577 1751 3624 et
1765 3570 1941 3634 honorantur,
1964 3571 2045 3624 immo
2061 3581 2089 3625 et
2105 3572 2254 3625 adorantur

603 3678 690 3732 sancti
714 3679 783 3731 sicut
806 3677 876 3731 servi
900 3676 965 3744 Dei,
989 3682 1019 3728 ut
1041 3692 1090 3745 pro
1113 3675 1192 3728 nobis
1216 3674 1387 3727 divinitatem
1410 3675 1462 3726 sint
1486 3683 1630 3728 exorantes
1653 3684 1738 3747 atque
1762 3677 1954 3747 implorantes,
1982 3679 2092 3748 dignum
2117 3679 2187 3732 enim
2210 3685 2254 3730 est

603 3785 808 3839 commemorari
832 3785 972 3837 doctorum
996 3790 1147 3835 nostrorum
1171 3787 1199 3834 et
1221 3781 1325 3852 gratias
1348 3781 1450 3834 referre
1475 3780 1544 3833 Deo.
2272 3796 2299 3835 so

710 3899 792 3963 Item
817 3899 920 3962 sancti
944 3896 1098 3982 Dyonisii
1121 3895 1333 3981 Ariopagitae
1356 3893 1566 3958 Atheniensis
1591 3898 1736 3983 episcopi
1760 3899 1792 3960 in
1817 3897 1964 3984 epistola,
1995 3920 2093 3985 quam
2123 3900 2252 3984 scripsit

604 4006 647 4070 ad
671 4017 815 4069 sanctum
840 4003 1018 4068 Iohannem
1044 4001 1291 4087 evangelistam,
1315 4002 1400 4064 inter
1424 4012 1533 4064 cetera
1556 4003 1686 4088 inquid:
1711 4010 1804 4077 (Quidl
1827 4015 1961 4083 mirabile,
1984 4015 2005 4068 si
2022 4014 2145 4068 Christus
2160 4032 2253 4080 verax,

604 4131 633 4177 et
656 4122 802 4192 discipulos
826 4120 910 4190 iniqui
934 4122 969 4173 de
992 4119 1147 4173 cisitatibus
1171 4118 1281 4184 eiciunt,
1304 4118 1356 4187 ipsi
1380 4118 1462 4188 digne
1486 4118 1536 4171 sibi
1559 4119 1720 4182 iudicantes,
1743 4129 1771 4174 et
1794 4123 1828 4175 dc
1852 4139 1929 4175 sacro
1946 4122 2072 4176 scelerati
2087 4122 2254 4175 interdicunt

604 4237 632 4284 et
654 4229 835 4283 recedentes?
869 4228 901 4280 ln
924 4227 1041 4280 veritate
1065 4233 1092 4280 et
1115 4225 1260 4279 manifeste
1290 4225 1424 4296 imagines
1447 4231 1508 4278 srmt
1537 4225 1659 4279 risibiles
1689 4227 1878 4295 invisibilium,
1909 4246 1959 4281 nec
1990 4228 2062 4281 euim
2084 4229 2112 4282 in
2136 4229 2254 4282 saeculis

604 4334 856 4405 supervenientibus
878 4333 1025 4403 culpabilis
1048 4333 1100 4387 erit
1123 4351 1156 4386 ex
1180 4332 1239 4386 eius
1262 4332 1363 4385 iustitia
1387 4341 1526 4401 respectus
1550 4334 1612 4386 Dei.
1992 4337 2000 4352 ⁴
2272 4346 2301 4386 aa

711 4449 795 4513 Item
818 4448 964 4512 eiusdem
989 4446 1029 4510 de
1055 4446 1187 4510 caelesti
1211 4444 1326 4510 militia
1351 4459 1383 4509 et
1405 4446 1506 4509 infra:
1538 4453 1706 4510 Praedicta²
1729 4459 1801 4511 cuim
1823 4458 1985 4528 incorporea
2008 4460 2118 4530 agmina
2141 4461 2254 4514 diversis

604 4565 743 4621 coloribus
766 4564 954 4636 effigurantur,
976 4564 1209 4635 conpositionibus
1233 4563 1324 4630 variis,
1348 4563 1475 4633 quatinus
1498 4564 1536 4617 sie
1559 4564 1642 4618 tacite
1666 4565 1847 4634 nosmetipsos
1869 4584 1920 4635 per
1935 4566 2131 4620 sacratissimas
2146 4565 2255 4636 effigies

604 4676 640 4728 ad
668 4673 807 4742 simplices
841 4679 869 4726 et
898 4672 1085 4741 incorporales
1119 4670 1165 4739 pia
1194 4678 1285 4723 mente
1316 4676 1494 4724 transeamus.
1546 4671 1655 4724 Etenim
1690 4671 1858 4741 impossibile
1893 4680 1934 4725 est
1963 4679 2072 4726 nostrae
2104 4673 2186 4726 menti
2216 4675 2254 4726 ad

604 4782 766 4850 incorporea
784 4780 834 4832 illa
856 4779 1023 4849 pertingere,
1046 4776 1173 4832 caelestis
1191 4776 1306 4830 militiae
1325 4776 1501 4829 imitationem
1521 4776 1718 4846 visionemque,
1740 4778 1790 4831 nisi
1814 4796 1864 4847 per
1886 4779 2083 4834 elementorum
2106 4780 2256 4849 poterimus

604 4888 739 4941 visibilem
763 4887 890 4940 decorem
914 4886 950 4938 ad
973 4884 1138 4938 inuisibilem
1160 4883 1427 4954 pulcherrimamque
1451 4883 1549 4955 attingi
1573 4882 1694 4955 effigiem
1718 4892 1745 4937 et
1760 4884 1880 4938 risibiles
1899 4886 2106 4956 odoriferasque
2121 4886 2256 4956 imagines
2273 4905 2305 4945 aa

603 4994 731 5048 rationali
755 4992 902 5046 traditione
925 4991 1075 5045 invisibiles
1098 4989 1245 5061 praefulgi,
1268 4989 1300 5043 et
1324 4990 1441 5043 cetera.

716 5230 926 5298 2daem0num]
945 5234 996 5284 scil.
1017 5241 1096 5284 esset.
1188 5232 1423 5298 boontemplatus
1443 5234 1474 5283 P.
1561 5237 1591 5283 11
1613 5235 1726 5285 inferius
1746 5232 1776 5284 P.
1868 5238 1900 5286 14
1919 5230 2061 5301 imagines]
2081 5238 2203 5301 magiues
2224 5238 2256 5288 P.

606 5327 639 5376 16
659 5342 705 5376 eas
725 5324 755 5375 P.
830 5327 862 5375 19
882 5326 921 5374 eis
941 5324 971 5373 P.
1045 5325 1151 5373 aaron
1169 5322 1237 5372 deest
1256 5320 1285 5370 P.
1350 5322 1593 5373 caesaraeae
1661 5325 1695 5373 30
1713 5324 1823 5374 retierre
1843 5324 1873 5374 P.
1938 5326 1971 5374 33
1991 5320 2088 5389 iniqui]
2110 5326 2203 5390 inquid
2224 5324 2258 5376 P.

605 5416 638 5465 34
659 5409 701 5478 In]
720 5431 737 5464 a
755 5413 786 5464 P.
859 5417 893 5464 39
913 5407 976 5478 nisi]
994 5413 1047 5462 nisi
1065 5412 1088 5462 si
1108 5410 1140 5463 P.

716 5631 744 5700 l)
776 5630 931 5704 Dionysius
961 5630 1146 5707 Areopagites,
1179 5628 1273 5705 Epist.
1300 5632 1338 5687 10
1367 5630 1408 5685 ad
1437 5627 1589 5685 Iohannem
1622 5648 1739 5705 evanp.;
1776 5628 1849 5705 opp.
1882 5633 1924 5688 ed.
1951 5628 2104 5689 Corderius
2133 5631 2158 5702 I,
2184 5637 2258 5693 620.
2277 5652 2311 5692 ω

607 5737 655 5808 Os.
677 5737 827 5794 Hadriani
843 5737 933 5812 epist,
955 5735 1028 5795 ΜΘ.
1050 5737 1128 5813 Epp-
1148 5737 1179 5807 V,
1197 5739 1248 5795 32.
1340 5733 1370 5804 2)
1397 5734 1549 5808 Dionysius
1567 5735 1752 5812 Areopagita,
1771 5736 1818 5793 De
1836 5737 1948 5794 caelesti
1965 5737 2129 5795 hierarchia
2147 5737 2170 5795 I
2181 5732 2205 5817 ἕ
2222 5744 2261 5810 3,·

607 5843 681 5920 (hap.
697 5843 722 5914 I,
739 5848 768 5902 2.
806 5842 857 5916 Os.
881 5842 1032 5901 Hadriani
1053 5843 1142 5919 epist,
1168 5840 1244 5900 ΜΘ.
1270 5841 1327 5917 Ep.
1347 5842 1378 5910 V,
1396 5845 1437 5900 32
1447 5861 1489 5917 sq.
