4884 6717
701 521 752 577 42.
789 521 1007 578 CONCILIUM
1031 523 1320 580 ntummcauss
1345 524 1381 579 Α.
1402 522 1476 580 822.
1822 518 1883 580 411

346 712 497 798 (laptula
520 725 621 775 cotem
646 712 685 775 ob
709 713 867 798 epomis
884 713 1064 797 proposito,
1095 735 1175 796 quac
1198 735 1238 775 ecc
1259 714 1339 775 octos
1361 711 1569 798 &sodalibus
1592 725 1722 792 exstant,
1747 712 1889 798 leguntur

234 821 269 883 s'n
297 818 459 884 codicibus
486 822 520 903 1)
544 817 768 883 Einsr'edlcnst'
787 825 850 884 191
880 841 960 881 socc.
988 815 1080 881 VIII.
1100 816 1162 883 IX.
1188 817 1245 898 (=
1258 817 1302 902 E)
1327 817 1394 904 fol
1415 822 1494 885 232.
1519 821 1611 898 232,
1644 819 1701 882 αὖτ’
1727 844 1764 883 ea
1794 843 1890 883 manu

230 950 313 991 saec.
331 924 392 989 IX.
418 939 549 989 marom
573 925 704 989 contulit
725 949 753 988 v.
779 923 809 988 d.
837 922 876 988 θ.
894 923 1016 1005 Meier,·
1042 925 1080 1008 2)
1107 923 1358 1012 Guelferbytano
1383 926 1464 990 inter
1487 924 1801 1013 Blcnkcnburpenses
1824 933 1890 993 130

235 1031 341 1110 (cumo
364 1032 512 1096 sectatae
536 1030 729 1095 cathedralis
743 1031 961 1115 Augustanus)
984 1054 1065 1095 aceo.
1082 1029 1124 1095 X.
1151 1031 1207 1112 (=
1227 1030 1271 1115 G)
1289 1032 1356 1118 fol.
1375 1039 1449 1110 105,
1473 1031 1531 1095 uhi
1552 1034 1784 1096 s‘nscrs’buntur:
1807 1031 1889 1096 Item

202 1136 299 1202 salia
322 1136 465 1224 capitula
487 1135 673 1201 Hludowioi
698 1135 912 1222 imperatoris.

344 1270 439 1327 Edu:
472 1269 548 1327 MG.
579 1268 643 1326 LL.
668 1268 693 1338 I,
716 1270 787 1328 231.
835 1268 942 1345 Mipne,
975 1268 1085 1326 Patrol.
1116 1271 1167 1327 lat.
1198 1268 1325 1341 XCVII,
1354 1272 1422 1329 445.
1473 1267 1545 1328 JIG.
1579 1267 1672 1345 C'ops't
1705 1270 1728 1340 I,
1753 1273 1822 1331 357.
1850 1302 1886 1312 —

237 1378 330 1453 sep:
353 1376 457 1434 ‘Neues
480 1376 599 1434 Archio'
624 1375 739 1444 XXIV,
763 1376 833 1435 084.

341 1600 369 1663 Ι.
403 1599 473 1663 Dei
493 1600 592 1684 igitur
615 1600 845 1684 omnipotentis
869 1599 1080 1684 inspiratione
1104 1609 1213 1663 vestro
1238 1600 1384 1685 piissimo
1408 1598 1515 1663 studio
1532 1600 1699 1663 ammoniti
1716 1611 1890 1686 vestroque

236 1705 449 1771 saluberrimo
474 1705 625 1791 exemplo
648 1707 819 1791 provocati
843 1705 1035 1769 confitemur
1058 1727 1117 1769 nos
1141 1705 1175 1769 in
1199 1704 1347 1792 pluribus
1370 1704 1460 1786 locis,
1485 1728 1582 1792 quam
1606 1705 1703 1770 modo
1728 1716 1784 1771 aut
1807 1707 1889 1771 ratio

191 1840 218 1879 m
236 1824 291 1878 ant
313 1812 512 1899 possibilitas
537 1834 727 1876 enumerare
750 1813 926 1898 permittat,
951 1824 1018 1876 tam
1043 1812 1076 1875 in
1099 1812 1168 1877 vita
1191 1834 1355 1899 quamque
1372 1811 1521 1877 doctrina
1537 1824 1569 1876 et
1585 1813 1764 1877 ministerio
1781 1812 1889 1899 negle-

235 1931 350 2004 gentes
374 1920 531 1983 extitisse.
580 1917 812 2000 Quamobrem,
837 1919 921 1982 sicut
944 1918 1102 1983 hactenus
1125 1919 1158 1983 in
1183 1919 1233 1983 his
1257 1941 1315 1983 nos
1340 1918 1550 2005 neglegentes
1578 1918 1678 1983 fuisse
1703 1943 1768 1983 non
1792 1918 1889 1984 dene-

235 2049 361 2112 gamus,
396 2026 442 2090 ita
475 2024 595 2090 abhinc
627 2025 770 2090 Domino
801 2024 992 2111 opitulante,
1029 2024 1106 2090 data
1140 2023 1235 2090 nobis
1265 2047 1285 2088 a
1318 2036 1428 2090 vestra
1461 2024 1663 2111 benignitate
1699 2028 1889 2112 congruenti

235 2133 391 2198 facultate
421 2132 473 2196 vel
504 2131 665 2214 libertate,
696 2131 937 2218 diligentiorem
968 2154 1079 2196 curam
1112 2133 1145 2196 in
1176 2131 1227 2196 his
1257 2130 1407 2197 omnibus
1437 2155 1495 2219 pro
1526 2144 1624 2218 captu
1648 2131 1890 2217 intellegentiae

236 2251 366 2305 nostrae
389 2263 449 2305 nos
473 2238 556 2304 velle
581 2238 737 2305 adhibere
761 2238 960 2326 profitemur.

191 2409 218 2450 sc
342 2382 386 2450 H.
423 2382 510 2463 Quia
533 2404 611 2446 vero
634 2381 758 2469 liquido
781 2393 918 2463 constat,
950 2380 1037 2468 quod
1068 2380 1155 2445 salus
1186 2380 1298 2468 populi
1329 2381 1471 2445 maxime
1501 2381 1535 2444 iu
1563 2379 1712 2446 doctrina
1741 2394 1774 2446 et
1798 2403 1890 2468 prae·

237 2488 400 2554 dicatione
424 2490 589 2570 consistat,
614 2500 646 2553 et
669 2488 871 2574 praedicatio
895 2487 1010 2553 eadem
1033 2487 1163 2574 impleri
1186 2488 1233 2552 ita
1255 2499 1291 2551 ut
1314 2498 1441 2574 oportet
1456 2509 1521 2551 non
1537 2498 1643 2573 potest
1659 2490 1722 2553 nisi
1739 2511 1759 2552 a
1775 2487 1889 2570 doctis,

236 2618 371 2661 necesse
402 2607 460 2677 est,
491 2607 527 2659 ut
550 2594 628 2660 ordo
652 2594 727 2659 talis
750 2596 784 2659 in
808 2594 943 2681 singulis
967 2594 1100 2660 sedibus
1124 2595 1320 2676 inveniatur,
1351 2616 1411 2680 per
1440 2615 1536 2680 quem
1565 2606 1597 2659 et
1621 2617 1756 2680 presens
1779 2617 1886 2660 emen·

236 2703 324 2768 datio
349 2714 382 2767 et
404 2703 513 2767 futura
536 2700 657 2766 utilitas
680 2713 813 2766 sanctae
837 2700 995 2766 ecclesiae
1019 2713 1222 2789 preparetur.
1258 2700 1407 2782 Qualiter
1422 2713 1529 2765 antem
1547 2700 1608 2765 hoe
1625 2701 1695 2765 lieri
1717 2700 1837 2766 debeat
1855 2715 1888 2766 et

236 2812 348 2895 possit,
372 2810 406 2874 in
429 2809 578 2895 sequenti
603 2806 744 2896 capitulo
768 2806 1052 2873 demonstrabitur.

191 2976 219 3016 so
343 2952 404 3017 Ill.
441 2950 556 3017 Scalas
580 2952 700 3038 itaque,
725 2949 766 3014 de
791 2949 910 3037 quibus
933 2949 1091 3014 hactenus
1114 2951 1221 3015 minus
1246 2949 1383 3015 studiosi
1406 2951 1525 3014 fuimus
1545 2973 1642 3036 quam
1660 2949 1888 3032 debueramus,

237 3061 367 3123 omnino
391 3058 626 3124 studiosissime
651 3055 825 3122 emendare
850 3058 1010 3144 cupimus,
1034 3056 1173 3144 qualiter
1196 3059 1301 3121 omnis
1325 3056 1420 3121 homo
1437 3057 1506 3121 sive
1523 3058 1653 3121 maioris
1670 3058 1739 3121 sive
1756 3058 1890 3122 minoris

237 3166 363 3246 aetatis,
394 3166 450 3251 qui
480 3164 521 3229 ad
553 3164 614 3229 hcc
638 3164 788 3246 nutritur,
819 3175 855 3228 ut
883 3164 917 3227 in
941 3163 1050 3250 aliquo
1073 3163 1178 3249 gradu
1202 3165 1235 3228 in
1260 3164 1398 3228 ecclesia
1428 3175 1667 3250 promoveatur,
1699 3162 1805 3227 locum
1834 3163 1888 3228 de·

236 3273 436 3337 nominatum
461 3283 493 3336 et
516 3273 706 3357 magistrum
738 3293 918 3357 congruum
949 3269 1076 3336 habeat
1123 3271 1281 3336 Parentes
1311 3282 1421 3335 tamen
1452 3269 1505 3334 vel
1535 3268 1658 3334 domini
1689 3269 1888 3356 singulorum

237 3378 278 3443 de
309 3381 398 3444 victu
427 3378 482 3443 vel
513 3376 694 3443 substantia
724 3376 896 3464 corporali,
931 3376 1018 3441 unde
1053 3376 1240 3460 subsistant,
1276 3376 1451 3463 providere
1482 3376 1643 3456 studeant,
1675 3376 1816 3463 qualiter
1845 3379 1891 3442 ita

191 3510 218 3550 ss
237 3485 386 3550 solatium
410 3484 562 3565 habeant,
587 3495 624 3549 ut
646 3495 780 3571 propter
802 3506 911 3548 rerum
935 3484 1079 3570 inopiam
1103 3507 1123 3548 a
1146 3483 1314 3549 doctrinae
1338 3482 1445 3548 studio
1469 3507 1534 3548 non
1556 3483 1722 3548 recedant.
1759 3482 1795 3548 Si
1811 3506 1889 3548 vero

237 3592 415 3657 necessitas
445 3592 543 3657 fuerit
572 3602 706 3677 propter
735 3590 981 3677 amplitudinem
1011 3590 1214 3676 parrochiae,
1246 3613 1285 3655 eo
1316 3589 1403 3677 quod
1434 3591 1468 3654 in
1498 3613 1563 3654 uno
1594 3590 1664 3654 loco
1689 3590 1798 3675 colligi
1822 3611 1887 3654 non

237 3711 381 3786 possunt,
406 3709 540 3786 propter
555 3699 890 3778 amministrationem,
914 3719 1011 3784 quam
1031 3698 1079 3762 eis
1102 3709 1330 3783 procuratores
1354 3719 1466 3761 eorum
1486 3695 1659 3783 providere
1677 3694 1808 3776 debent,
1832 3697 1890 3761 fiat

237 3806 316 3871 locis
341 3805 467 3871 duobus
491 3818 548 3869 aut
571 3803 675 3869 tribus
698 3803 751 3869 vel
774 3815 871 3891 prout
893 3805 1071 3869 necessitas
1095 3817 1128 3868 et
1150 3804 1234 3868 ratio
1258 3803 1431 3868 dictaverit
1442 3809 1461 3867 ¹.

344 3947 422 4012 llll.
459 3946 526 4012 Sed
556 3947 634 4035 quia
663 3945 847 4012 huiusmodi
879 3945 1027 4011 doctrina
1051 3947 1157 4010 minus
1180 3944 1303 4010 utiliter
1332 3946 1449 4032 agitur,
1480 3947 1508 4010 si
1539 3945 1719 4032 aequaliter
1742 3945 1803 4026 his,
1834 3948 1889 4033 qui

191 4079 218 4119 so
237 4052 354 4120 docere
389 4054 521 4136 debent,
557 4053 704 4118 discendi
740 4053 942 4140 oportunitas
977 4075 1042 4117 non
1077 4051 1255 4134 ordinatur,
1291 4073 1425 4116 necesse
1456 4063 1514 4126 est,
1550 4063 1585 4115 ut
1616 4051 1665 4116 his
1695 4050 1889 4138 presulibus,

343 4329 365 4378 1.
399 4331 416 4378 8
444 4323 546 4391 vestro]
575 4335 721 4392 vestroque
751 4327 783 4376 G.
890 4319 1046 4390 vestroque]
1074 4325 1156 4374 etism
1183 4321 1245 4372 add.
1275 4323 1307 4372 0.
1412 4325 1445 4372 10
1472 4317 1632 4386 ministerio]
1663 4326 1827 4375 monssterio
1857 4327 1889 4374 u.

238 4419 270 4468 12
289 4412 419 4480 Domino]
441 4419 501 4468 Deo
523 4419 554 4467 G.

344 4525 382 4574 11.
412 4525 443 4575 l'l
463 4518 551 4589 quem]
570 4539 651 4589 quarn
672 4527 703 4572 11.

345 4631 398 4680 lll.
427 4632 461 4681 20
487 4623 586 4695 ltaque]
613 4635 705 4679 sutem
726 4629 758 4678 G.
832 4623 975 4690 hactenus}
1004 4625 1093 4677 hoelis
1118 4626 1251 4677 hactenns
1272 4625 1303 4675 0.
1377 4627 1410 4675 24
1438 4626 1476 4675 its
1493 4625 1560 4674 deest
1579 4625 1610 4674 0.
1685 4627 1718 4675 *25
1738 4643 1754 4675 s
1772 4626 1837 4675 deest
1857 4627 1889 4676 G.

190 4735 218 4776 ss
236 4720 270 4770 28
288 4721 466 4785 parroechiae
487 4719 519 4768 0.
601 4717 702 4783 collegi
722 4716 754 4768 Ε.
838 4718 870 4769 27
891 4719 996 4783 possint
1015 4714 1048 4767 Ε.
1130 4709 1284 4782 providere]
1302 4715 1366 4765 flere
1389 4713 1418 4764 Ε.
1501 4717 1535 4765 28
1555 4716 1661 4766 duabus
1683 4714 1713 4765 Ε.
1797 4709 1889 4780 prout]

236 4809 319 4858 etism
339 4814 368 4858 ut
388 4807 419 4858 0.

345 4916 411 4965 1111.
441 4917 474 4966 29
494 4908 660 4978 huiusmodi]
680 4913 842 4964 omnimodis
862 4913 894 4961 (1.
984 4905 1148 4977 aequaliter]
1168 4909 1327 4970 itaecoui,
1355 4908 1471 4976 qualiter
1490 4910 1523 4962 Ε.
1543 4913 1575 4961 0.
1664 4913 1698 4960 311
1718 4911 1836 4960 debeant
1856 4911 1888 4960 0.

236 5153 327 5189 sermo
352 5141 406 5200 est,
431 5133 569 5188 incoatum
594 5132 760 5187 discordiam
784 5127 965 5201 magnificant
989 5135 1019 5184 et
1042 5129 1079 5184 de
1103 5128 1253 5184 eoncordia
1275 5129 1304 5182 in
1327 5138 1482 5201 conspectu
1507 5129 1600 5184 domni
1624 5130 1801 5200 imperatoris
1819 5129 1886 5184 nihil

236 5259 266 5294 se
290 5241 403 5296 audisse
428 5240 474 5295 sel
497 5238 672 5294 intellexisse
697 5238 811 5302 dicunt3
837 5254 864 5291 v.
876 5242 1032 5310 praeterea
1049 5233 1170 5304 Simson,
1195 5233 1388 5291 ‘Jahrbocser
1411 5234 1460 5291 des
1475 5233 1669 5305 scdulr'sclen
1687 5233 1789 5292 Beiclss
1808 5243 1890 5290 anter

190 5369 218 5407 so
238 5346 359 5422 Imdwiq
382 5346 442 5402 dens
469 5345 635 5402 Iborrrmen’
660 5343 685 5414 I,
708 5343 823 5418 204sq.
871 5338 1079 5398 Milllbochcr¹
1102 5361 1131 5397 n.
1149 5342 1243 5400 78311.
1347 5341 1376 5411 l)
1409 5338 1459 5412 Cf.
1485 5340 1646 5398 Hludowics'
1667 5341 1821 5398 ndrrrons'tio
1850 5341 1892 5396 ud

235 5473 330 5510 onrucs
353 5452 434 5530 requi
455 5451 569 5509 ordines
591 5454 654 5510 825
677 5471 701 5506 c.
718 5453 738 5510 6
745 5471 754 5506 .·
784 5449 884 5506 Seolse
915 5466 983 5504 sane
1007 5448 1043 5504 ad
1066 5446 1139 5503 tilios
1163 5455 1193 5503 et
1216 5448 1357 5503 ministros
1381 5447 1520 5504 ecelesias
1544 5449 1725 5504 instruendos
1749 5447 1795 5502 vel
1819 5449 1887 5504 edc-

235 5563 352 5626 eendos,
383 5561 456 5614 sicut
486 5559 566 5614 nobis
595 5558 754 5630 praeterito
783 5567 913 5629 tempore
944 5556 979 5610 sd
1003 5555 1177 5609 Atticiaeum
1206 5555 1373 5626 promisistis
1404 5564 1435 5611 et
1458 5555 1537 5610 robis
1562 5555 1738 5620 minnxirnns,
1770 5556 1797 5609 in
1821 5573 1887 5610 cen-

234 5667 311 5740 gruis
335 5668 412 5736 locis,
437 5667 484 5721 ubi
508 5667 629 5721 necdum
653 5664 813 5737 perlectum
833 5669 888 5732 est,
912 5664 948 5718 ad
964 5661 1116 5716 multorum
1131 5661 1286 5716 utilitatem
1310 5669 1340 5715 et
1362 5661 1522 5732 profectum
1546 5679 1563 5716 a
1586 5662 1664 5716 robis
1687 5663 1809 5717 ordinari
1834 5682 1888 5716 uon

235 5757 425 5847 neglegantur
448 5765 537 5848 (Μο.
557 5770 785 5848 Capis.1,304;
810 5764 1018 5826 Mosconnum
1040 5786 1068 5822 n.
1086 5763 1170 5843 798).
1213 5765 1345 5824 Veliam
1369 5766 1466 5824 concil.
1492 5765 1591 5825 Cubill.
1614 5769 1675 5826 813
1699 5771 1759 5826 cs
1782 5762 1889 5842 (supro

189 5901 216 5941 ss
233 5902 263 5957 p.
280 5877 368 5957 274),
392 5881 477 5951 infru
500 5879 597 5937 conrd.
624 5877 787 5935 Parisinus
808 5877 870 5936 829
893 5873 937 5931 lib.
956 5873 976 5930 Ι
993 5893 1018 5930 c.
1034 5875 1082 5942 30,
1107 5872 1151 5930 lib.
1168 5872 1222 5930 ΙΙΙ
1241 5893 1263 5931 c.
1281 5875 1309 5932 1.
