<?xml version="1.0" encoding="UTF-8"?>
<!DOCTYPE html PUBLIC "-//W3C//DTD XHTML 1.0 Transitional//EN"
    "http://www.w3.org/TR/xhtml1/DTD/xhtml1-transitional.dtd">
<html xmlns="http://www.w3.org/1999/xhtml" xml:lang="en" lang="en">
 <head>
  <title>
</title>
<meta http-equiv="Content-Type" content="text/html;charset=utf-8" />
  <meta name='ocr-system' content='tesseract 3.04.00' />
  <meta name='ocr-capabilities' content='ocr_page ocr_carea ocr_par ocr_line ocrx_word'/>
</head>
<body>
  <div class='ocr_page' id='page_1' title='image "./monumentagerman02gescgoog/monumentagerman02gescgoog_0379.png"; bbox 0 0 4884 6717; ppageno 0'>
   <div class='ocr_carea' id='block_1_1' title="bbox 491 471 1905 538">
    <p class='ocr_par' dir='ltr' id='par_1_1' title="bbox 491 471 1905 538">
     <span class='ocr_line' id='line_1_1' title="bbox 491 471 1905 538; baseline -0.003 0"><span class='ocrx_word' id='word_1_1' title='bbox 491 480 531 538; x_wconf 82' lang='lat'><strong>60</strong></span> <span class='ocrx_word' id='word_1_2' title='bbox 550 490 579 537; x_wconf 89' lang='lat' dir='ltr'><strong>ct</strong></span> <span class='ocrx_word' id='word_1_3' title='bbox 596 481 650 538; x_wconf 85' lang='grc'><strong>61.</strong></span> <span class='ocrx_word' id='word_1_4' title='bbox 685 480 873 537; x_wconf 75' lang='lat' dir='ltr'><strong>conelnln</strong></span> <span class='ocrx_word' id='word_1_5' title='bbox 896 480 1103 537; x_wconf 79' lang='lat' dir='ltr'>TEATINUM</span> <span class='ocrx_word' id='word_1_6' title='bbox 1126 481 1178 535; x_wconf 88' lang='lat' dir='ltr'><strong>ET</strong></span> <span class='ocrx_word' id='word_1_7' title='bbox 1200 478 1522 538; x_wconf 73' lang='lat' dir='ltr'><strong>lncannnlnnnsn</strong></span> <span class='ocrx_word' id='word_1_8' title='bbox 1546 480 1583 535; x_wconf 83' lang='grc' dir='ltr'><strong>Α.</strong></span> <span class='ocrx_word' id='word_1_9' title='bbox 1604 478 1678 535; x_wconf 82' lang='lat'>840.</span> <span class='ocrx_word' id='word_1_10' title='bbox 1845 471 1905 534; x_wconf 72' lang='lat'><strong>791</strong></span> 
     </span>
    </p>
   </div>
   <div class='ocr_carea' id='block_1_2' title="bbox 211 663 1911 2010">
    <p class='ocr_par' dir='ltr' id='par_1_2' title="bbox 211 663 1911 2010">
     <span class='ocr_line' id='line_1_2' title="bbox 255 663 1909 755; baseline -0.002 -23"><span class='ocrx_word' id='word_1_11' title='bbox 255 666 303 732; x_wconf 94' lang='lat' dir='ltr'><strong>ibi</strong></span> <span class='ocrx_word' id='word_1_12' title='bbox 333 668 557 734; x_wconf 89' lang='lat' dir='ltr'><strong>constituimus</strong></span> <span class='ocrx_word' id='word_1_13' title='bbox 587 666 790 755; x_wconf 79' lang='lat' dir='ltr'><strong>praedictam</strong></span> <span class='ocrx_word' id='word_1_14' title='bbox 819 665 948 753; x_wconf 80' lang='lat' dir='ltr'>plebem</span> <span class='ocrx_word' id='word_1_15' title='bbox 987 668 1091 731; x_wconf 86' lang='lat' dir='ltr'><strong>sancti</strong></span> <span class='ocrx_word' id='word_1_16' title='bbox 1114 666 1270 731; x_wconf 89' lang='lat' dir='ltr'><strong>Iohannis</strong></span> <span class='ocrx_word' id='word_1_17' title='bbox 1294 687 1369 730; x_wconf 91' lang='lat' dir='ltr'><strong>cum</strong></span> <span class='ocrx_word' id='word_1_18' title='bbox 1390 664 1464 751; x_wconf 88' lang='lat' dir='ltr'><strong>ipsa</strong></span> <span class='ocrx_word' id='word_1_19' title='bbox 1486 666 1677 752; x_wconf 73' lang='lat' dir='ltr'><strong>piscatione,</strong></span> <span class='ocrx_word' id='word_1_20' title='bbox 1708 676 1740 729; x_wconf 90' lang='lat' dir='ltr'><strong>et</strong></span> <span class='ocrx_word' id='word_1_21' title='bbox 1762 663 1909 750; x_wconf 81' lang='lat' dir='ltr'><strong>Theopo,</strong></span> 
     </span>
     <span class='ocr_line' id='line_1_3' title="bbox 257 770 1908 860; baseline -0.001 -21"><span class='ocrx_word' id='word_1_22' title='bbox 257 772 469 856; x_wconf 82' lang='lat' dir='ltr'><strong>Gualdefred,</strong></span> <span class='ocrx_word' id='word_1_23' title='bbox 492 773 665 856; x_wconf 86' lang='lat' dir='ltr'><strong>Iohannes,</strong></span> <span class='ocrx_word' id='word_1_24' title='bbox 690 771 891 860; x_wconf 85' lang='lat' dir='ltr'><strong>Leopardns,</strong></span> <span class='ocrx_word' id='word_1_25' title='bbox 915 772 1121 856; x_wconf 86' lang='lat' dir='ltr'><strong>Lambertus,</strong></span> <span class='ocrx_word' id='word_1_26' title='bbox 1144 771 1338 860; x_wconf 88' lang='lat' dir='ltr'><strong>Luitprand,</strong></span> <span class='ocrx_word' id='word_1_27' title='bbox 1354 771 1524 855; x_wconf 85' lang='lat' dir='ltr'><strong>Antcfred,</strong></span> <span class='ocrx_word' id='word_1_28' title='bbox 1548 770 1691 854; x_wconf 77' lang='lat' dir='ltr'><strong>lanfred,</strong></span> <span class='ocrx_word' id='word_1_29' title='bbox 1714 771 1908 852; x_wconf 79' lang='lat' dir='ltr'><strong>Martianus,</strong></span> 
     </span>
     <span class='ocr_line' id='line_1_4' title="bbox 257 877 1906 968; baseline -0.001 -24"><span class='ocrx_word' id='word_1_30' title='bbox 257 878 461 967; x_wconf 83' lang='lat' dir='ltr'><strong>Giselpertus</strong></span> <span class='ocrx_word' id='word_1_31' title='bbox 485 880 628 945; x_wconf 86' lang='lat' dir='ltr'><strong>decanus</strong></span> <span class='ocrx_word' id='word_1_32' title='bbox 652 891 685 945; x_wconf 87' lang='lat' dir='ltr'><strong>et</strong></span> <span class='ocrx_word' id='word_1_33' title='bbox 706 881 880 968; x_wconf 84' lang='lat' dir='ltr'><strong>portarius,</strong></span> <span class='ocrx_word' id='word_1_34' title='bbox 905 902 1001 967; x_wconf 90' lang='lat' dir='ltr'><strong>quem</strong></span> <span class='ocrx_word' id='word_1_35' title='bbox 1025 879 1155 946; x_wconf 89' lang='lat' dir='ltr'><strong>scholae</strong></span> <span class='ocrx_word' id='word_1_36' title='bbox 1180 890 1349 945; x_wconf 89' lang='lat' dir='ltr'><strong>cantorum</strong></span> <span class='ocrx_word' id='word_1_37' title='bbox 1368 891 1401 944; x_wconf 91' lang='lat' dir='ltr'><strong>et</strong></span> <span class='ocrx_word' id='word_1_38' title='bbox 1416 878 1598 945; x_wconf 86' lang='lat' dir='ltr'><strong>scribarum</strong></span> <span class='ocrx_word' id='word_1_39' title='bbox 1612 880 1803 965; x_wconf 83' lang='lat' dir='ltr'><strong>magistrum</strong></span> <span class='ocrx_word' id='word_1_40' title='bbox 1821 877 1906 943; x_wconf 91' lang='lat' dir='ltr'><strong>ordi·</strong></span> 
     </span>
     <span class='ocr_line' id='line_1_5' title="bbox 255 983 1908 1067; baseline -0.001 -17"><span class='ocrx_word' id='word_1_41' title='bbox 255 989 415 1051; x_wconf 83' lang='lat' dir='ltr'><strong>novimus.</strong></span> <span class='ocrx_word' id='word_1_42' title='bbox 461 986 515 1051; x_wconf 83' lang='lat' dir='ltr'><strong>Ad</strong></span> <span class='ocrx_word' id='word_1_43' title='bbox 545 988 669 1052; x_wconf 86' lang='lat' dir='ltr'><strong>victum</strong></span> <span class='ocrx_word' id='word_1_44' title='bbox 701 1009 779 1051; x_wconf 88' lang='lat' dir='ltr'><strong>vero</strong></span> <span class='ocrx_word' id='word_1_45' title='bbox 811 999 844 1051; x_wconf 87' lang='lat' dir='ltr'><strong>et</strong></span> <span class='ocrx_word' id='word_1_46' title='bbox 867 988 1020 1052; x_wconf 88' lang='lat' dir='ltr'><strong>vestitum</strong></span> <span class='ocrx_word' id='word_1_47' title='bbox 1050 986 1199 1052; x_wconf 77' lang='lat' dir='ltr'><strong>dedimus</strong></span> <span class='ocrx_word' id='word_1_48' title='bbox 1227 986 1274 1051; x_wconf 92' lang='lat' dir='ltr'><strong>illi</strong></span> <span class='ocrx_word' id='word_1_49' title='bbox 1305 986 1479 1051; x_wconf 89' lang='lat' dir='ltr'><strong>ecclesiam</strong></span> <span class='ocrx_word' id='word_1_50' title='bbox 1508 987 1612 1051; x_wconf 87' lang='lat' dir='ltr'><strong>saneti</strong></span> <span class='ocrx_word' id='word_1_51' title='bbox 1635 985 1763 1067; x_wconf 90' lang='lat' dir='ltr'><strong>Iustini,</strong></span> <span class='ocrx_word' id='word_1_52' title='bbox 1794 983 1852 1050; x_wconf 86' lang='lat' dir='ltr'><strong>ubi</strong></span> <span class='ocrx_word' id='word_1_53' title='bbox 1875 995 1908 1049; x_wconf 90' lang='lat' dir='ltr'><strong>et</strong></span> 
     </span>
     <span class='ocr_line' id='line_1_6' title="bbox 224 1090 1909 1179; baseline -0.002 -21"><span class='ocrx_word' id='word_1_54' title='bbox 224 1115 237 1158; x_wconf 73' lang='lat' dir='ltr'><strong>a</strong></span> <span class='ocrx_word' id='word_1_55' title='bbox 256 1095 360 1179; x_wconf 92' lang='lat' dir='ltr'><strong>ipsam</strong></span> <span class='ocrx_word' id='word_1_56' title='bbox 384 1095 575 1158; x_wconf 90' lang='lat' dir='ltr'><strong>canonicam</strong></span> <span class='ocrx_word' id='word_1_57' title='bbox 599 1093 641 1158; x_wconf 91' lang='lat' dir='ltr'><strong>ad</strong></span> <span class='ocrx_word' id='word_1_58' title='bbox 664 1094 819 1158; x_wconf 91' lang='lat' dir='ltr'><strong>honorem</strong></span> <span class='ocrx_word' id='word_1_59' title='bbox 837 1094 941 1159; x_wconf 89' lang='lat' dir='ltr'><strong>sancti</strong></span> <span class='ocrx_word' id='word_1_60' title='bbox 957 1092 1104 1158; x_wconf 86' lang='lat' dir='ltr'><strong>Thomas</strong></span> <span class='ocrx_word' id='word_1_61' title='bbox 1120 1094 1373 1175; x_wconf 74' lang='lat' dir='ltr'><strong>construximus,</strong></span> <span class='ocrx_word' id='word_1_62' title='bbox 1397 1115 1471 1157; x_wconf 87' lang='lat' dir='ltr'><strong>cum</strong></span> <span class='ocrx_word' id='word_1_63' title='bbox 1495 1091 1594 1157; x_wconf 90' lang='lat' dir='ltr'><strong>rebus</strong></span> <span class='ocrx_word' id='word_1_64' title='bbox 1617 1103 1650 1156; x_wconf 86' lang='lat' dir='ltr'><strong>et</strong></span> <span class='ocrx_word' id='word_1_65' title='bbox 1672 1092 1788 1173; x_wconf 84' lang='lat' dir='ltr'><strong>vineis,</strong></span> <span class='ocrx_word' id='word_1_66' title='bbox 1813 1090 1909 1173; x_wconf 86' lang='lat' dir='ltr'><strong>villis,</strong></span> 
     </span>
     <span class='ocr_line' id='line_1_7' title="bbox 256 1196 1910 1287; baseline -0.001 -23"><span class='ocrx_word' id='word_1_67' title='bbox 256 1198 428 1282; x_wconf 76' lang='lat' dir='ltr'><strong>casalibus,</strong></span> <span class='ocrx_word' id='word_1_68' title='bbox 452 1199 656 1287; x_wconf 87' lang='lat' dir='ltr'><strong>appendiciis</strong></span> <span class='ocrx_word' id='word_1_69' title='bbox 680 1210 778 1287; x_wconf 89' lang='lat' dir='ltr'><strong>atque</strong></span> <span class='ocrx_word' id='word_1_70' title='bbox 803 1199 1003 1265; x_wconf 86' lang='lat' dir='ltr'><strong>colonicibus</strong></span> <span class='ocrx_word' id='word_1_71' title='bbox 1027 1201 1094 1264; x_wconf 90' lang='lat' dir='ltr'><strong>suis</strong></span> <span class='ocrx_word' id='word_1_72' title='bbox 1117 1212 1302 1287; x_wconf 89' lang='lat' dir='ltr'><strong>cunctaque</strong></span> <span class='ocrx_word' id='word_1_73' title='bbox 1324 1198 1447 1264; x_wconf 84' lang='lat' dir='ltr'><strong>ibidem</strong></span> <span class='ocrx_word' id='word_1_74' title='bbox 1463 1200 1669 1286; x_wconf 88' lang='lat' dir='ltr'><strong>pertinentia.</strong></span> <span class='ocrx_word' id='word_1_75' title='bbox 1704 1196 1808 1263; x_wconf 84' lang='lat' dir='ltr'><strong>Nobis</strong></span> <span class='ocrx_word' id='word_1_76' title='bbox 1831 1219 1910 1263; x_wconf 84' lang='lat' dir='ltr'><strong>vero</strong></span> 
     </span>
     <span class='ocr_line' id='line_1_8' title="bbox 255 1303 1911 1392; baseline 0 -23"><span class='ocrx_word' id='word_1_77' title='bbox 255 1307 495 1371; x_wconf 77' lang='lat' dir='ltr'><strong>reservavimus</strong></span> <span class='ocrx_word' id='word_1_78' title='bbox 525 1306 733 1371; x_wconf 87' lang='lat' dir='ltr'><strong>medietatem</strong></span> <span class='ocrx_word' id='word_1_79' title='bbox 763 1329 806 1371; x_wconf 83' lang='lat' dir='ltr'><strong>ex</strong></span> <span class='ocrx_word' id='word_1_80' title='bbox 836 1308 915 1392; x_wconf 91' lang='lat' dir='ltr'><strong>ipsis</strong></span> <span class='ocrx_word' id='word_1_81' title='bbox 945 1305 1125 1371; x_wconf 87' lang='lat' dir='ltr'><strong>luminariis</strong></span> <span class='ocrx_word' id='word_1_82' title='bbox 1156 1306 1199 1371; x_wconf 92' lang='lat' dir='ltr'><strong>ad</strong></span> <span class='ocrx_word' id='word_1_83' title='bbox 1229 1307 1386 1371; x_wconf 89' lang='lat' dir='ltr'><strong>honorem</strong></span> <span class='ocrx_word' id='word_1_84' title='bbox 1416 1307 1521 1370; x_wconf 88' lang='lat' dir='ltr'><strong>sancti</strong></span> <span class='ocrx_word' id='word_1_85' title='bbox 1544 1304 1690 1370; x_wconf 82' lang='lat' dir='ltr'><strong>Thomas</strong></span> <span class='ocrx_word' id='word_1_86' title='bbox 1715 1303 1854 1391; x_wconf 89' lang='lat' dir='ltr'><strong>apostoli</strong></span> <span class='ocrx_word' id='word_1_87' title='bbox 1877 1315 1911 1369; x_wconf 90' lang='lat' dir='ltr'><strong>et</strong></span> 
     </span>
     <span class='ocr_line' id='line_1_9' title="bbox 256 1410 1911 1500; baseline -0.002 -23"><span class='ocrx_word' id='word_1_88' title='bbox 256 1412 406 1477; x_wconf 91' lang='lat' dir='ltr'><strong>dedimus</strong></span> <span class='ocrx_word' id='word_1_89' title='bbox 432 1423 566 1499; x_wconf 89' lang='lat' dir='ltr'><strong>propter</strong></span> <span class='ocrx_word' id='word_1_90' title='bbox 596 1412 793 1477; x_wconf 88' lang='lat' dir='ltr'><strong>adiutorium</strong></span> <span class='ocrx_word' id='word_1_91' title='bbox 821 1411 920 1477; x_wconf 91' lang='lat' dir='ltr'><strong>boum</strong></span> <span class='ocrx_word' id='word_1_92' title='bbox 951 1414 1045 1500; x_wconf 88' lang='lat' dir='ltr'><strong>paria</strong></span> <span class='ocrx_word' id='word_1_93' title='bbox 1068 1413 1145 1495; x_wconf 85' lang='lat' dir='ltr'><strong>XX,</strong></span> <span class='ocrx_word' id='word_1_94' title='bbox 1175 1411 1279 1478; x_wconf 90' lang='lat' dir='ltr'><strong>boves</strong></span> <span class='ocrx_word' id='word_1_95' title='bbox 1310 1412 1435 1495; x_wconf 87' lang='lat' dir='ltr'><strong>decem,</strong></span> <span class='ocrx_word' id='word_1_96' title='bbox 1465 1413 1610 1477; x_wconf 85' lang='lat' dir='ltr'><strong>iumenta</strong></span> <span class='ocrx_word' id='word_1_97' title='bbox 1625 1410 1701 1493; x_wconf 88' lang='lat' dir='ltr'><strong>VH,</strong></span> <span class='ocrx_word' id='word_1_98' title='bbox 1733 1433 1855 1497; x_wconf 89' lang='lat' dir='ltr'><strong>pecora</strong></span> <span class='ocrx_word' id='word_1_99' title='bbox 1878 1421 1911 1474; x_wconf 92' lang='lat' dir='ltr'><strong>et</strong></span> 
     </span>
     <span class='ocr_line' id='line_1_10' title="bbox 256 1518 434 1606; baseline 0 -23"><span class='ocrx_word' id='word_1_100' title='bbox 256 1541 372 1606; x_wconf 89' lang='lat' dir='ltr'><strong>porcos</strong></span> <span class='ocrx_word' id='word_1_101' title='bbox 396 1518 434 1584; x_wconf 79' lang='lat' dir='ltr'><strong>O.</strong></span> 
     </span>
     <span class='ocr_line' id='line_1_11' title="bbox 211 1623 1910 1712; baseline 0.001 -25"><span class='ocrx_word' id='word_1_102' title='bbox 211 1649 238 1688; x_wconf 88' lang='lat' dir='ltr'><strong>ro</strong></span> <span class='ocrx_word' id='word_1_103' title='bbox 362 1625 456 1691; x_wconf 85' lang='lat' dir='ltr'><strong>Haeo</strong></span> <span class='ocrx_word' id='word_1_104' title='bbox 487 1648 617 1712; x_wconf 90' lang='lat' dir='ltr'><strong>quoque</strong></span> <span class='ocrx_word' id='word_1_105' title='bbox 648 1626 782 1690; x_wconf 86' lang='lat' dir='ltr'><strong>firmiter</strong></span> <span class='ocrx_word' id='word_1_106' title='bbox 812 1625 993 1690; x_wconf 85' lang='lat' dir='ltr'><strong>studuimus</strong></span> <span class='ocrx_word' id='word_1_107' title='bbox 1023 1625 1180 1712; x_wconf 85' lang='lat' dir='ltr'><strong>perficere</strong></span> <span class='ocrx_word' id='word_1_108' title='bbox 1210 1624 1253 1690; x_wconf 90' lang='lat' dir='ltr'><strong>ad</strong></span> <span class='ocrx_word' id='word_1_109' title='bbox 1276 1625 1432 1691; x_wconf 90' lang='lat' dir='ltr'><strong>honorem</strong></span> <span class='ocrx_word' id='word_1_110' title='bbox 1456 1638 1489 1690; x_wconf 95' lang='lat' dir='ltr'><strong>et</strong></span> <span class='ocrx_word' id='word_1_111' title='bbox 1511 1624 1641 1690; x_wconf 87' lang='lat' dir='ltr'><strong>laudem</strong></span> <span class='ocrx_word' id='word_1_112' title='bbox 1664 1623 1741 1690; x_wconf 91' lang='lat' dir='ltr'><strong>almi</strong></span> <span class='ocrx_word' id='word_1_113' title='bbox 1764 1623 1910 1689; x_wconf 84' lang='lat' dir='ltr'><strong>Thomas</strong></span> 
     </span>
     <span class='ocr_line' id='line_1_12' title="bbox 256 1730 1170 1819; baseline 0.001 -24"><span class='ocrx_word' id='word_1_114' title='bbox 256 1754 315 1797; x_wconf 89' lang='lat' dir='ltr'><strong>seu</strong></span> <span class='ocrx_word' id='word_1_115' title='bbox 338 1732 380 1797; x_wconf 93' lang='lat' dir='ltr'><strong>ad</strong></span> <span class='ocrx_word' id='word_1_116' title='bbox 404 1730 615 1797; x_wconf 85' lang='lat' dir='ltr'><strong>stabilitatem</strong></span> <span class='ocrx_word' id='word_1_117' title='bbox 639 1734 767 1819; x_wconf 91' lang='lat' dir='ltr'><strong>imperii</strong></span> <span class='ocrx_word' id='word_1_118' title='bbox 790 1733 931 1819; x_wconf 89' lang='lat' dir='ltr'><strong>piissimi</strong></span> <span class='ocrx_word' id='word_1_119' title='bbox 954 1733 1170 1819; x_wconf 86' lang='lat' dir='ltr'><strong>imperatoris.</strong></span> 
     </span>
     <span class='ocr_line' id='line_1_13' title="bbox 363 1838 1910 1926; baseline -0.001 -23"><span class='ocrx_word' id='word_1_120' title='bbox 363 1839 459 1903; x_wconf 87' lang='lat' dir='ltr'><strong>Anno</strong></span> <span class='ocrx_word' id='word_1_121' title='bbox 477 1840 617 1926; x_wconf 90' lang='lat' dir='ltr'><strong>propitio</strong></span> <span class='ocrx_word' id='word_1_122' title='bbox 634 1840 764 1925; x_wconf 88' lang='lat' dir='ltr'><strong>imperii</strong></span> <span class='ocrx_word' id='word_1_123' title='bbox 780 1839 902 1903; x_wconf 91' lang='lat' dir='ltr'><strong>domini</strong></span> <span class='ocrx_word' id='word_1_124' title='bbox 919 1838 1055 1904; x_wconf 88' lang='lat' dir='ltr'><strong>Lodoici</strong></span> <span class='ocrx_word' id='word_1_125' title='bbox 1071 1839 1277 1925; x_wconf 88' lang='lat' dir='ltr'><strong>imperatoris</strong></span> <span class='ocrx_word' id='word_1_126' title='bbox 1293 1838 1449 1921; x_wconf 78' lang='lat' dir='ltr'>XXVII,</span> <span class='ocrx_word' id='word_1_127' title='bbox 1472 1862 1533 1926; x_wconf 92' lang='lat' dir='ltr'><strong>per</strong></span> <span class='ocrx_word' id='word_1_128' title='bbox 1550 1838 1761 1904; x_wconf 85' lang='lat' dir='ltr'><strong>indictionem</strong></span> <span class='ocrx_word' id='word_1_129' title='bbox 1780 1838 1910 1902; x_wconf 86' lang='lat' dir='ltr'><strong>tertiam</strong></span> 
     </span>
     <span class='ocr_line' id='line_1_14' title="bbox 256 1944 1017 2010; baseline -0.001 0"><span class='ocrx_word' id='word_1_130' title='bbox 256 1944 318 2010; x_wconf 89' lang='lat' dir='ltr'><strong>hoc</strong></span> <span class='ocrx_word' id='word_1_131' title='bbox 342 1945 463 2010; x_wconf 87' lang='lat' dir='ltr'><strong>factum</strong></span> <span class='ocrx_word' id='word_1_132' title='bbox 487 1956 537 2009; x_wconf 86' lang='lat' dir='ltr'><strong>est</strong></span> <span class='ocrx_word' id='word_1_133' title='bbox 560 1945 638 2009; x_wconf 91' lang='lat' dir='ltr'>XII.</span> <span class='ocrx_word' id='word_1_134' title='bbox 663 1945 716 2009; x_wconf 88' lang='lat' dir='ltr'><strong>die</strong></span> <span class='ocrx_word' id='word_1_135' title='bbox 740 1946 861 2010; x_wconf 87' lang='lat' dir='ltr'><strong>mensis</strong></span> <span class='ocrx_word' id='word_1_136' title='bbox 884 1945 1017 2009; x_wconf 89' lang='lat' dir='ltr'><strong>Madii¹.</strong></span> 
     </span>
    </p>
   </div>
   <div class='ocr_carea' id='block_1_3' title="bbox 366 2143 1397 2243">
    <p class='ocr_par' dir='ltr' id='par_1_3' title="bbox 366 2143 1397 2243">
     <span class='ocr_line' id='line_1_15' title="bbox 366 2143 1397 2243; baseline 0 -21"><span class='ocrx_word' id='word_1_137' title='bbox 366 2167 396 2236; x_wconf 86' lang='lat'><strong>1)</strong></span> <span class='ocrx_word' id='word_1_138' title='bbox 428 2167 593 2243; x_wconf 71' lang='lat' dir='ltr'><strong>Tenporum</strong></span> <span class='ocrx_word' id='word_1_139' title='bbox 617 2143 700 2224; x_wconf 83' lang='lat' dir='ltr'><strong>notae</strong></span> <span class='ocrx_word' id='word_1_140' title='bbox 721 2187 817 2224; x_wconf 78' lang='lat' dir='ltr'><strong>‹nnnes</strong></span> <span class='ocrx_word' id='word_1_141' title='bbox 838 2166 939 2242; x_wconf 82' lang='lat' dir='ltr'><strong>optimc</strong></span> <span class='ocrx_word' id='word_1_142' title='bbox 962 2167 991 2224; x_wconf 85' lang='lat' dir='ltr'><strong>in</strong></span> <span class='ocrx_word' id='word_1_143' title='bbox 1015 2186 1121 2224; x_wconf 86' lang='lat' dir='ltr'><strong>annum</strong></span> <span class='ocrx_word' id='word_1_144' title='bbox 1145 2171 1216 2226; x_wconf 76' lang='grc'><strong>840.</strong></span> <span class='ocrx_word' id='word_1_145' title='bbox 1242 2167 1397 2242; x_wconf 81' lang='lat' dir='ltr'><strong>quadrant.</strong></span> 
     </span>
    </p>
   </div>
   <div class='ocr_carea' id='block_1_4' title="bbox 211 3044 1910 3181">
    <p class='ocr_par' dir='ltr' id='par_1_4' title="bbox 211 3044 1910 3181">
     <span class='ocr_line' id='line_1_16' title="bbox 211 3044 1910 3181; baseline 0.006 -11"><span class='ocrx_word' id='word_1_146' title='bbox 211 3056 343 3181; x_wconf 71' lang='grc'><strong>..61</strong></span> <span class='ocrx_word' id='word_1_147' title='bbox 391 3046 965 3181; x_wconf 87' lang='lat' dir='ltr'>CONCILIUM</span> <span class='ocrx_word' id='word_1_148' title='bbox 1004 3046 1114 3177; x_wconf 92' lang='lat' dir='ltr'>IN</span> <span class='ocrx_word' id='word_1_149' title='bbox 1127 3044 1761 3178; x_wconf 86' lang='lat' dir='ltr'>GELHEIMEN</span> <span class='ocrx_word' id='word_1_150' title='bbox 1777 3047 1910 3180; x_wconf 88' lang='lat' dir='ltr'><strong>SE.</strong></span> 
     </span>
    </p>
   </div>
   <div class='ocr_carea' id='block_1_5' title="bbox 851 3289 1316 3389">
    <p class='ocr_par' dir='ltr' id='par_1_5' title="bbox 851 3289 1316 3389">
     <span class='ocr_line' id='line_1_17' title="bbox 851 3289 1316 3389; baseline -0.002 -27"><span class='ocrx_word' id='word_1_151' title='bbox 851 3289 947 3373; x_wconf 78' lang='grc'><strong>840.</strong></span> <span class='ocrx_word' id='word_1_152' title='bbox 973 3314 1105 3364; x_wconf 89' lang='lat' dir='ltr'><strong>mense</strong></span> <span class='ocrx_word' id='word_1_153' title='bbox 1130 3289 1316 3389; x_wconf 84' lang='lat' dir='ltr'><strong>Augusto.</strong></span> 
     </span>
    </p>
   </div>
   <div class='ocr_carea' id='block_1_6' title="bbox 206 3550 1910 5900">
    <p class='ocr_par' dir='ltr' id='par_1_6' title="bbox 254 3550 1910 3875">
     <span class='ocr_line' id='line_1_18' title="bbox 362 3550 1910 3664; baseline 0.002 -23"><span class='ocrx_word' id='word_1_154' title='bbox 362 3550 431 3642; x_wconf 79' lang='lat' dir='ltr'><strong>De</strong></span> <span class='ocrx_word' id='word_1_155' title='bbox 465 3576 587 3639; x_wconf 76' lang='lat' dir='ltr'><strong>Edonis</strong></span> <span class='ocrx_word' id='word_1_156' title='bbox 621 3574 859 3660; x_wconf 73' lang='lat' dir='ltr'><strong>archiepiscopi</strong></span> <span class='ocrx_word' id='word_1_157' title='bbox 890 3572 1053 3639; x_wconf 62' lang='lat' dir='ltr'><strong>Benenate</strong></span> <span class='ocrx_word' id='word_1_158' title='bbox 1086 3577 1280 3640; x_wconf 62' lang='lat' dir='ltr'><strong>intinctione</strong></span> <span class='ocrx_word' id='word_1_159' title='bbox 1314 3577 1349 3640; x_wconf 90' lang='lat' dir='ltr'><strong>in</strong></span> <span class='ocrx_word' id='word_1_160' title='bbox 1386 3576 1520 3662; x_wconf 70' lang='lat' dir='ltr'><strong>eptatola</strong></span> <span class='ocrx_word' id='word_1_161' title='bbox 1553 3577 1671 3664; x_wconf 76' lang='lat' dir='ltr'><strong>synodi</strong></span> <span class='ocrx_word' id='word_1_162' title='bbox 1707 3577 1737 3640; x_wconf 84' lang='lat' dir='ltr'><em>T</em></span> <span class='ocrx_word' id='word_1_163' title='bbox 1735 3580 1910 3644; x_wconf 80' lang='lat' dir='ltr'><strong>rt&#39;oasainoe</strong></span> 
     </span>
     <span class='ocr_line' id='line_1_19' title="bbox 255 3680 1908 3771; baseline 0.001 -24"><span class='ocrx_word' id='word_1_164' title='bbox 255 3713 338 3752; x_wconf 65' lang='lat' dir='ltr'><strong>sunno</strong></span> <span class='ocrx_word' id='word_1_165' title='bbox 362 3693 438 3755; x_wconf 79' lang='lat'><strong><em>867.</em></strong></span> <span class='ocrx_word' id='word_1_166' title='bbox 464 3683 509 3748; x_wconf 89' lang='lat' dir='ltr'><strong>ad</strong></span> <span class='ocrx_word' id='word_1_167' title='bbox 531 3681 701 3746; x_wconf 80' lang='lat' dir='ltr'><strong>Nicolaum</strong></span> <span class='ocrx_word' id='word_1_168' title='bbox 725 3680 752 3743; x_wconf 90' lang='lat' dir='ltr'>I.</span> <span class='ocrx_word' id='word_1_169' title='bbox 775 3704 895 3767; x_wconf 85' lang='lat' dir='ltr'><strong>papam</strong></span> <span class='ocrx_word' id='word_1_170' title='bbox 921 3680 1041 3745; x_wconf 82' lang='lat' dir='ltr'><strong>directa</strong></span> <span class='ocrx_word' id='word_1_171' title='bbox 1064 3682 1140 3746; x_wconf 81' lang='lat' dir='ltr'><strong>laec</strong></span> <span class='ocrx_word' id='word_1_172' title='bbox 1163 3682 1308 3768; x_wconf 77' lang='lat' dir='ltr'><strong>lepuntur</strong></span> <span class='ocrx_word' id='word_1_173' title='bbox 1338 3680 1465 3762; x_wconf 70' lang='lat' dir='ltr'><strong>(Manui</strong></span> <span class='ocrx_word' id='word_1_174' title='bbox 1485 3680 1561 3764; x_wconf 84' lang='lat' dir='ltr'><strong>XV,</strong></span> <span class='ocrx_word' id='word_1_175' title='bbox 1581 3688 1659 3762; x_wconf 78' lang='lat'><strong>792,</strong></span> <span class='ocrx_word' id='word_1_176' title='bbox 1687 3699 1825 3771; x_wconf 81' lang='lat' dir='ltr'><strong>respecta</strong></span> <span class='ocrx_word' id='word_1_177' title='bbox 1850 3686 1908 3751; x_wconf 85' lang='lat' dir='ltr'><strong>lco-</strong></span> 
     </span>
     <span class='ocr_line' id='line_1_20' title="bbox 254 3785 1908 3875; baseline -0.002 -15"><span class='ocrx_word' id='word_1_178' title='bbox 254 3798 337 3860; x_wconf 84' lang='lat' dir='ltr'><strong>tione</strong></span> <span class='ocrx_word' id='word_1_179' title='bbox 366 3792 487 3857; x_wconf 86' lang='lat' dir='ltr'><strong>codicia</strong></span> <span class='ocrx_word' id='word_1_180' title='bbox 509 3787 734 3853; x_wconf 82' lang='lat' dir='ltr'><strong>Laudunenaia</strong></span> <span class='ocrx_word' id='word_1_181' title='bbox 756 3793 826 3854; x_wconf 74' lang='lat'><strong>407</strong></span> <span class='ocrx_word' id='word_1_182' title='bbox 847 3811 927 3850; x_wconf 76' lang='lat' dir='ltr'><strong>saec.</strong></span> <span class='ocrx_word' id='word_1_183' title='bbox 953 3785 1013 3850; x_wconf 85' lang='lat' dir='ltr'>IX.</span> <span class='ocrx_word' id='word_1_184' title='bbox 1038 3812 1084 3851; x_wconf 78' lang='lat' dir='ltr'><strong>ex.</strong></span> <span class='ocrx_word' id='word_1_185' title='bbox 1102 3788 1368 3874; x_wconf 82' lang='lat' dir='ltr'><strong>fol.151sqq.):</strong></span> <span class='ocrx_word' id='word_1_186' title='bbox 1397 3787 1490 3870; x_wconf 85' lang='lat' dir='ltr'><strong>(Poat</strong></span> <span class='ocrx_word' id='word_1_187' title='bbox 1519 3789 1743 3875; x_wconf 75' lang='lat' dir='ltr'><strong>depositionem</strong></span> <span class='ocrx_word' id='word_1_188' title='bbox 1773 3793 1808 3855; x_wconf 90' lang='lat' dir='ltr'><strong>in</strong></span> <span class='ocrx_word' id='word_1_189' title='bbox 1838 3817 1908 3857; x_wconf 88' lang='lat' dir='ltr'><strong>con·</strong></span> 
     </span>
    </p>

    <p class='ocr_par' dir='ltr' id='par_1_7' title="bbox 210 3893 1909 3986">
     <span class='ocr_line' id='line_1_21' title="bbox 210 3893 1909 3986; baseline -0.004 -19"><span class='ocrx_word' id='word_1_190' title='bbox 210 3932 237 3972; x_wconf 65' lang='grc' dir='ltr'><strong>ιο</strong></span> <span class='ocrx_word' id='word_1_191' title='bbox 254 3903 331 3967; x_wconf 87' lang='lat' dir='ltr'><strong>cilio</strong></span> <span class='ocrx_word' id='word_1_192' title='bbox 354 3897 444 3986; x_wconf 89' lang='lat' dir='ltr'><strong>opud</strong></span> <span class='ocrx_word' id='word_1_193' title='bbox 470 3896 500 3960; x_wconf 86' lang='grc' dir='ltr'><em>Τ</em></span> <span class='ocrx_word' id='word_1_194' title='bbox 497 3895 786 3960; x_wconf 83' lang='lat' dir='ltr'><strong>leodonis-cillom</strong></span> <span class='ocrx_word' id='word_1_195' title='bbox 815 3917 897 3957; x_wconf 69' lang='lat' dir='ltr'><strong>antro</strong></span> <span class='ocrx_word' id='word_1_196' title='bbox 922 3903 995 3960; x_wconf 73' lang='lat'><strong>835.</strong></span> <span class='ocrx_word' id='word_1_197' title='bbox 1020 3893 1193 3974; x_wconf 69' lang='lat' dir='ltr'><strong>decretam,</strong></span> <span class='ocrx_word' id='word_1_198' title='bbox 1228 3896 1274 3981; x_wconf 80' lang='lat' dir='ltr'><strong>cf.</strong></span> <span class='ocrx_word' id='word_1_199' title='bbox 1305 3919 1405 3982; x_wconf 81' lang='lat' dir='ltr'><strong>snpra</strong></span> <span class='ocrx_word' id='word_1_200' title='bbox 1427 3919 1465 3981; x_wconf 87' lang='lat' dir='ltr'><strong>p.</strong></span> <span class='ocrx_word' id='word_1_201' title='bbox 1484 3899 1645 3982; x_wconf 73' lang='lat' dir='ltr'><strong>69Gaqq.)</strong></span> <span class='ocrx_word' id='word_1_202' title='bbox 1676 3897 1711 3960; x_wconf 91' lang='lat' dir='ltr'><strong>in</strong></span> <span class='ocrx_word' id='word_1_203' title='bbox 1734 3894 1909 3985; x_wconf 87' lang='lat' dir='ltr'><strong>Cisalpinis</strong></span> 
     </span>
    </p>

    <p class='ocr_par' dir='ltr' id='par_1_8' title="bbox 206 3998 1907 4413">
     <span class='ocr_line' id='line_1_22' title="bbox 206 3998 1905 4093; baseline -0.002 -21"><span class='ocrx_word' id='word_1_204' title='bbox 206 4065 210 4072; x_wconf 90' lang='lat'>.</span> <span class='ocrx_word' id='word_1_205' title='bbox 255 4003 443 4093; x_wconf 86' lang='lat' dir='ltr'><strong>regionibus</strong></span> <span class='ocrx_word' id='word_1_206' title='bbox 466 4002 570 4066; x_wconf 90' lang='lat' dir='ltr'><strong>isdem</strong></span> <span class='ocrx_word' id='word_1_207' title='bbox 593 3998 666 4064; x_wconf 87' lang='lat' dir='ltr'><strong>Ebo</strong></span> <span class='ocrx_word' id='word_1_208' title='bbox 690 4022 750 4086; x_wconf 85' lang='lat' dir='ltr'><strong>per</strong></span> <span class='ocrx_word' id='word_1_209' title='bbox 773 3999 904 4063; x_wconf 87' lang='lat' dir='ltr'><strong>diversa</strong></span> <span class='ocrx_word' id='word_1_210' title='bbox 927 4000 1124 4064; x_wconf 87' lang='lat' dir='ltr'><strong>monasteria</strong></span> <span class='ocrx_word' id='word_1_211' title='bbox 1147 4001 1207 4086; x_wconf 81' lang='lat' dir='ltr'><strong>(cf.</strong></span> <span class='ocrx_word' id='word_1_212' title='bbox 1226 3999 1363 4080; x_wconf 84' lang='lat' dir='ltr'><strong>Simson,</strong></span> <span class='ocrx_word' id='word_1_213' title='bbox 1386 4001 1596 4067; x_wconf 65' lang='lat' dir='ltr'><strong>tlanrtacner</strong></span> <span class='ocrx_word' id='word_1_214' title='bbox 1619 4003 1674 4068; x_wconf 82' lang='lat' dir='ltr'><strong>dea</strong></span> <span class='ocrx_word' id='word_1_215' title='bbox 1689 4005 1905 4091; x_wconf 80' lang='lat' dir='ltr'><strong>fro&#39;nkiaclen</strong></span> 
     </span>
     <span class='ocr_line' id='line_1_23' title="bbox 256 4105 1906 4198; baseline -0.002 -19"><span class='ocrx_word' id='word_1_216' title='bbox 256 4115 373 4179; x_wconf 77' lang='lat' dir='ltr'><strong>Bciclzs</strong></span> <span class='ocrx_word' id='word_1_217' title='bbox 397 4127 485 4176; x_wconf 80' lang='lat' dir='ltr'><strong>anter</strong></span> <span class='ocrx_word' id='word_1_218' title='bbox 509 4109 645 4194; x_wconf 76' lang='lat' dir='ltr'><strong>Lndwiy</strong></span> <span class='ocrx_word' id='word_1_219' title='bbox 669 4107 738 4172; x_wconf 85' lang='lat' dir='ltr'><strong>dem</strong></span> <span class='ocrx_word' id='word_1_220' title='bbox 759 4106 942 4171; x_wconf 79' lang='lat' dir='ltr'><strong>Fronnnen&#39;</strong></span> <span class='ocrx_word' id='word_1_221' title='bbox 966 4105 1110 4190; x_wconf 79' lang='lat' dir='ltr'>II,136)</span> <span class='ocrx_word' id='word_1_222' title='bbox 1135 4106 1416 4171; x_wconf 81' lang='lat' dir='ltr'><strong>commendatione</strong></span> <span class='ocrx_word' id='word_1_223' title='bbox 1440 4108 1644 4194; x_wconf 85' lang='lat' dir='ltr'><strong>imperatoris</strong></span> <span class='ocrx_word' id='word_1_224' title='bbox 1668 4108 1780 4195; x_wconf 81' lang='lat' dir='ltr'><strong>deguit</strong></span> <span class='ocrx_word' id='word_1_225' title='bbox 1803 4133 1906 4198; x_wconf 85' lang='lat' dir='ltr'><strong>usquc</strong></span> 
     </span>
     <span class='ocr_line' id='line_1_24' title="bbox 256 4211 1907 4303; baseline -0.002 -18"><span class='ocrx_word' id='word_1_226' title='bbox 256 4220 298 4285; x_wconf 85' lang='lat' dir='ltr'><strong>ud</strong></span> <span class='ocrx_word' id='word_1_227' title='bbox 328 4241 449 4284; x_wconf 89' lang='lat' dir='ltr'><strong>annum</strong></span> <span class='ocrx_word' id='word_1_228' title='bbox 478 4213 711 4280; x_wconf 86' lang='lat' dir='ltr'><strong>incarnationis</strong></span> <span class='ocrx_word' id='word_1_229' title='bbox 735 4211 919 4276; x_wconf 89' lang='lat' dir='ltr'><strong>dominicae</strong></span> <span class='ocrx_word' id='word_1_230' title='bbox 943 4211 1137 4276; x_wconf 82' lang='lat' dir='ltr'><strong>DCCCXL.</strong></span> <span class='ocrx_word' id='word_1_231' title='bbox 1164 4224 1196 4276; x_wconf 90' lang='lat' dir='ltr'><strong>ot</strong></span> <span class='ocrx_word' id='word_1_232' title='bbox 1219 4235 1321 4299; x_wconf 86' lang='lat' dir='ltr'><strong>usque</strong></span> <span class='ocrx_word' id='word_1_233' title='bbox 1353 4213 1395 4278; x_wconf 90' lang='lat' dir='ltr'><strong>ad</strong></span> <span class='ocrx_word' id='word_1_234' title='bbox 1419 4213 1542 4279; x_wconf 91' lang='lat' dir='ltr'><strong>obitum</strong></span> <span class='ocrx_word' id='word_1_235' title='bbox 1565 4216 1667 4301; x_wconf 90' lang='lat' dir='ltr'><strong>ipsius</strong></span> <span class='ocrx_word' id='word_1_236' title='bbox 1690 4216 1907 4303; x_wconf 87' lang='lat' dir='ltr'><strong>imperatoris,</strong></span> 
     </span>
     <span class='ocr_line' id='line_1_25' title="bbox 256 4317 1906 4413; baseline -0.001 -23"><span class='ocrx_word' id='word_1_237' title='bbox 256 4328 312 4413; x_wconf 90' lang='lat' dir='ltr'><strong>qui</strong></span> <span class='ocrx_word' id='word_1_238' title='bbox 335 4327 370 4390; x_wconf 94' lang='lat' dir='ltr'><strong>in</strong></span> <span class='ocrx_word' id='word_1_239' title='bbox 393 4323 507 4389; x_wconf 87' lang='lat' dir='ltr'><strong>eodem</strong></span> <span class='ocrx_word' id='word_1_240' title='bbox 531 4343 616 4386; x_wconf 88' lang='lat' dir='ltr'><strong>anno</strong></span> <span class='ocrx_word' id='word_1_241' title='bbox 640 4319 717 4383; x_wconf 88' lang='lat' dir='ltr'>XII.</span> <span class='ocrx_word' id='word_1_242' title='bbox 734 4317 903 4382; x_wconf 87' lang='lat' dir='ltr'><strong>Kalendas</strong></span> <span class='ocrx_word' id='word_1_243' title='bbox 926 4318 1001 4382; x_wconf 90' lang='lat' dir='ltr'><strong>Iulii</strong></span> <span class='ocrx_word' id='word_1_244' title='bbox 1026 4320 1162 4405; x_wconf 87' lang='lat' dir='ltr'><strong>contigit</strong></span> <span class='ocrx_word' id='word_1_245' title='bbox 1186 4331 1197 4398; x_wconf 85' lang='lat'><em>(</em></span> <span class='ocrx_word' id='word_1_246' title='bbox 1203 4321 1239 4385; x_wconf 82' lang='lat' dir='ltr'><strong>id</strong></span> <span class='ocrx_word' id='word_1_247' title='bbox 1261 4323 1906 4408; x_wconf 69' lang='lat' dir='ltr'><strong>cctann0840.die20.menaia1unit).</strong></span> 
     </span>
    </p>

    <p class='ocr_par' dir='ltr' id='par_1_9' title="bbox 211 4424 1908 4943">
     <span class='ocr_line' id='line_1_26' title="bbox 211 4424 1908 4510; baseline -0.003 -10"><span class='ocrx_word' id='word_1_248' title='bbox 211 4464 238 4504; x_wconf 72' lang='lat' dir='ltr'><strong>ss</strong></span> <span class='ocrx_word' id='word_1_249' title='bbox 256 4432 420 4498; x_wconf 88' lang='lat' dir='ltr'><strong>Defuncto</strong></span> <span class='ocrx_word' id='word_1_250' title='bbox 451 4441 560 4494; x_wconf 90' lang='lat' dir='ltr'><strong>autem</strong></span> <span class='ocrx_word' id='word_1_251' title='bbox 589 4425 703 4491; x_wconf 88' lang='lat' dir='ltr'><strong>eodem</strong></span> <span class='ocrx_word' id='word_1_252' title='bbox 736 4426 930 4510; x_wconf 88' lang='lat' dir='ltr'><strong>imperatore</strong></span> <span class='ocrx_word' id='word_1_253' title='bbox 954 4424 1142 4489; x_wconf 85' lang='lat' dir='ltr'><strong>Hlotharius</strong></span> <span class='ocrx_word' id='word_1_254' title='bbox 1174 4424 1216 4489; x_wconf 90' lang='lat' dir='ltr'><strong>ab</strong></span> <span class='ocrx_word' id='word_1_255' title='bbox 1247 4424 1343 4490; x_wconf 85' lang='lat' dir='ltr'><strong>Italia</strong></span> <span class='ocrx_word' id='word_1_256' title='bbox 1370 4428 1404 4490; x_wconf 90' lang='lat' dir='ltr'><strong>in</strong></span> <span class='ocrx_word' id='word_1_257' title='bbox 1427 4427 1602 4494; x_wconf 83' lang='lat' dir='ltr'><strong>Franciam</strong></span> <span class='ocrx_word' id='word_1_258' title='bbox 1633 4430 1731 4494; x_wconf 82' lang='lat' dir='ltr'><strong>venit</strong></span> <span class='ocrx_word' id='word_1_259' title='bbox 1779 4429 1841 4495; x_wconf 80' lang='lat' dir='ltr'><strong>Oui</strong></span> <span class='ocrx_word' id='word_1_260' title='bbox 1865 4430 1908 4495; x_wconf 89' lang='lat' dir='ltr'><strong>ad</strong></span> 
     </span>
     <span class='ocr_line' id='line_1_27' title="bbox 256 4529 1906 4623; baseline -0.001 -19"><span class='ocrx_word' id='word_1_261' title='bbox 256 4538 478 4604; x_wconf 89' lang='lat' dir='ltr'><strong>Wormaoiam</strong></span> <span class='ocrx_word' id='word_1_262' title='bbox 502 4535 668 4600; x_wconf 86' lang='lat' dir='ltr'><strong>civitatem</strong></span> <span class='ocrx_word' id='word_1_263' title='bbox 693 4529 775 4613; x_wconf 85' lang='lat' dir='ltr'><strong>Ebo,</strong></span> <span class='ocrx_word' id='word_1_264' title='bbox 803 4531 985 4596; x_wconf 87' lang='lat' dir='ltr'><strong>deducente</strong></span> <span class='ocrx_word' id='word_1_265' title='bbox 1009 4531 1138 4596; x_wconf 89' lang='lat' dir='ltr'><strong>Bosone</strong></span> <span class='ocrx_word' id='word_1_266' title='bbox 1170 4530 1290 4596; x_wconf 90' lang='lat' dir='ltr'><strong>abbate</strong></span> <span class='ocrx_word' id='word_1_267' title='bbox 1322 4535 1360 4616; x_wconf 80' lang='lat' dir='ltr'><strong>(a.</strong></span> <span class='ocrx_word' id='word_1_268' title='bbox 1387 4534 1556 4601; x_wconf 74' lang='lat' dir='ltr'><strong>Benedicti</strong></span> <span class='ocrx_word' id='word_1_269' title='bbox 1580 4537 1823 4623; x_wconf 71' lang='lat' dir='ltr'><strong>Floriocenaaa),</strong></span> <span class='ocrx_word' id='word_1_270' title='bbox 1853 4539 1906 4602; x_wconf 89' lang='lat' dir='ltr'><strong>cui</strong></span> 
     </span>
     <span class='ocr_line' id='line_1_28' title="bbox 257 4637 1907 4732; baseline -0.001 -21"><span class='ocrx_word' id='word_1_271' title='bbox 257 4643 501 4711; x_wconf 84' lang='lat' dir='ltr'><strong>commendatus</strong></span> <span class='ocrx_word' id='word_1_272' title='bbox 525 4640 568 4705; x_wconf 90' lang='lat' dir='ltr'><strong>ad</strong></span> <span class='ocrx_word' id='word_1_273' title='bbox 592 4637 840 4704; x_wconf 88' lang='lat' dir='ltr'><strong>custodiendum</strong></span> <span class='ocrx_word' id='word_1_274' title='bbox 864 4638 980 4714; x_wconf 90' lang='lat' dir='ltr'><strong>fuerat,</strong></span> <span class='ocrx_word' id='word_1_275' title='bbox 1005 4640 1146 4703; x_wconf 89' lang='lat' dir='ltr'><strong>occurrit</strong></span> <span class='ocrx_word' id='word_1_276' title='bbox 1171 4641 1266 4725; x_wconf 89' lang='lat' dir='ltr'><strong>eique</strong></span> <span class='ocrx_word' id='word_1_277' title='bbox 1291 4639 1481 4705; x_wconf 89' lang='lat' dir='ltr'><strong>Hlotharius</strong></span> <span class='ocrx_word' id='word_1_278' title='bbox 1511 4654 1585 4728; x_wconf 93' lang='lat' dir='ltr'><strong>post</strong></span> <span class='ocrx_word' id='word_1_279' title='bbox 1608 4641 1731 4729; x_wconf 85' lang='lat' dir='ltr'><strong>aliquot</strong></span> <span class='ocrx_word' id='word_1_280' title='bbox 1755 4642 1825 4708; x_wconf 87' lang='lat' dir='ltr'><strong>dies</strong></span> <span class='ocrx_word' id='word_1_281' title='bbox 1847 4666 1907 4732; x_wconf 89' lang='lat' dir='ltr'><strong>per</strong></span> 
     </span>
     <span class='ocr_line' id='line_1_29' title="bbox 257 4743 1905 4837; baseline -0.001 -20"><span class='ocrx_word' id='word_1_282' title='bbox 257 4752 398 4817; x_wconf 88' lang='lat' dir='ltr'><strong>edictum</strong></span> <span class='ocrx_word' id='word_1_283' title='bbox 421 4747 600 4837; x_wconf 88' lang='lat' dir='ltr'><strong>imperiale,</strong></span> <span class='ocrx_word' id='word_1_284' title='bbox 626 4745 713 4833; x_wconf 90' lang='lat' dir='ltr'><strong>quod</strong></span> <span class='ocrx_word' id='word_1_285' title='bbox 737 4747 770 4809; x_wconf 92' lang='lat' dir='ltr'><strong>in</strong></span> <span class='ocrx_word' id='word_1_286' title='bbox 789 4745 891 4809; x_wconf 86' lang='lat' dir='ltr'><strong>altera</strong></span> <span class='ocrx_word' id='word_1_287' title='bbox 907 4744 1039 4810; x_wconf 90' lang='lat' dir='ltr'><strong>scedula</strong></span> <span class='ocrx_word' id='word_1_288' title='bbox 1055 4743 1149 4808; x_wconf 88' lang='lat' dir='ltr'><strong>vobis</strong></span> <span class='ocrx_word' id='word_1_289' title='bbox 1165 4747 1331 4828; x_wconf 87' lang='lat' dir='ltr'><strong>mittimus,</strong></span> <span class='ocrx_word' id='word_1_290' title='bbox 1356 4746 1467 4812; x_wconf 88' lang='lat' dir='ltr'><strong>sedem</strong></span> <span class='ocrx_word' id='word_1_291' title='bbox 1484 4759 1517 4812; x_wconf 91' lang='lat' dir='ltr'><strong>et</strong></span> <span class='ocrx_word' id='word_1_292' title='bbox 1532 4747 1687 4812; x_wconf 86' lang='lat' dir='ltr'><strong>diocesim</strong></span> <span class='ocrx_word' id='word_1_293' title='bbox 1703 4751 1905 4815; x_wconf 90' lang='lat' dir='ltr'><strong>consentien-</strong></span> 
     </span>
     <span class='ocr_line' id='line_1_30' title="bbox 256 4851 1904 4943; baseline -0.001 -20"><span class='ocrx_word' id='word_1_294' title='bbox 256 4857 342 4923; x_wconf 89' lang='lat' dir='ltr'><strong>tibus</strong></span> <span class='ocrx_word' id='word_1_295' title='bbox 366 4869 399 4922; x_wconf 89' lang='lat' dir='ltr'><strong>et</strong></span> <span class='ocrx_word' id='word_1_296' title='bbox 422 4855 672 4943; x_wconf 74' lang='lat' dir='ltr'><strong>cooperantibus</strong></span> <span class='ocrx_word' id='word_1_297' title='bbox 695 4876 759 4918; x_wconf 90' lang='lat' dir='ltr'><strong>non</strong></span> <span class='ocrx_word' id='word_1_298' title='bbox 784 4854 897 4939; x_wconf 84' lang='lat' dir='ltr'><strong>paucis</strong></span> <span class='ocrx_word' id='word_1_299' title='bbox 928 4853 1100 4939; x_wconf 82' lang='lat' dir='ltr'><strong>episeopis,</strong></span> <span class='ocrx_word' id='word_1_300' title='bbox 1133 4854 1217 4918; x_wconf 88' lang='lat' dir='ltr'><strong>sieut</strong></span> <span class='ocrx_word' id='word_1_301' title='bbox 1246 4851 1368 4918; x_wconf 90' lang='lat' dir='ltr'><strong>ibidem</strong></span> <span class='ocrx_word' id='word_1_302' title='bbox 1393 4866 1442 4918; x_wconf 87' lang='lat' dir='ltr'><strong>est</strong></span> <span class='ocrx_word' id='word_1_303' title='bbox 1469 4856 1640 4941; x_wconf 84' lang='lat' dir='ltr'><strong>scriptum,</strong></span> <span class='ocrx_word' id='word_1_304' title='bbox 1671 4857 1827 4938; x_wconf 72' lang='lat' dir='ltr'><strong>restituit,</strong></span> <span class='ocrx_word' id='word_1_305' title='bbox 1859 4859 1904 4940; x_wconf 75' lang='lat' dir='ltr'><strong>cf.</strong></span> 
     </span>
    </p>

    <p class='ocr_par' dir='ltr' id='par_1_10' title="bbox 212 4960 1907 5369">
     <span class='ocr_line' id='line_1_31' title="bbox 212 4960 1907 5052; baseline -0.002 -19"><span class='ocrx_word' id='word_1_306' title='bbox 212 4996 239 5036; x_wconf 76' lang='lat' dir='ltr'><strong>ao</strong></span> <span class='ocrx_word' id='word_1_307' title='bbox 256 4969 348 5031; x_wconf 75' lang='lat' dir='ltr'><strong>ettam</strong></span> <span class='ocrx_word' id='word_1_308' title='bbox 373 4966 505 5052; x_wconf 64' lang='lat' dir='ltr'><strong>eprbtoln</strong></span> <span class='ocrx_word' id='word_1_309' title='bbox 522 4965 644 5028; x_wconf 83' lang='lat' dir='ltr'><strong>Karoli</strong></span> <span class='ocrx_word' id='word_1_310' title='bbox 664 4964 748 5047; x_wconf 77' lang='lat' dir='ltr'><strong>repis</strong></span> <span class='ocrx_word' id='word_1_311' title='bbox 763 4961 809 5025; x_wconf 86' lang='lat' dir='ltr'><strong>ad</strong></span> <span class='ocrx_word' id='word_1_312' title='bbox 823 4960 1011 5040; x_wconf 72' lang='lat' dir='ltr'><strong>Nicolaum,</strong></span> <span class='ocrx_word' id='word_1_313' title='bbox 1034 4960 1146 5026; x_wconf 63' lang='lat' dir='ltr'><strong>,Moirai</strong></span> <span class='ocrx_word' id='word_1_314' title='bbox 1159 4960 1236 5041; x_wconf 82' lang='lat' dir='ltr'><strong>XV,</strong></span> <span class='ocrx_word' id='word_1_315' title='bbox 1256 4970 1321 5029; x_wconf 82' lang='grc'><strong>700</strong></span> <span class='ocrx_word' id='word_1_316' title='bbox 1339 4976 1367 5026; x_wconf 87' lang='lat' dir='ltr'><strong>ct</strong></span> <span class='ocrx_word' id='word_1_317' title='bbox 1385 4961 1418 5024; x_wconf 86' lang='lat' dir='ltr'><em>F</em></span> <span class='ocrx_word' id='word_1_318' title='bbox 1415 4962 1568 5026; x_wconf 86' lang='lat' dir='ltr'><strong>lodoardi</strong></span> <span class='ocrx_word' id='word_1_319' title='bbox 1583 4963 1726 5028; x_wconf 79' lang='lat' dir='ltr'><strong>Hr‘atoria</strong></span> <span class='ocrx_word' id='word_1_320' title='bbox 1743 4964 1907 5029; x_wconf 77' lang='lat' dir='ltr'><strong>Homonoia</strong></span> 
     </span>
     <span class='ocr_line' id='line_1_32' title="bbox 256 5066 1907 5157; baseline 0 -21"><span class='ocrx_word' id='word_1_321' title='bbox 256 5074 404 5137; x_wconf 79' lang='lat' dir='ltr'><strong>ecclesiae</strong></span> <span class='ocrx_word' id='word_1_322' title='bbox 433 5070 476 5134; x_wconf 91' lang='lat' dir='ltr'><strong>II</strong></span> <span class='ocrx_word' id='word_1_323' title='bbox 494 5096 520 5135; x_wconf 86' lang='lat' dir='ltr'><strong>c.</strong></span> <span class='ocrx_word' id='word_1_324' title='bbox 541 5079 606 5150; x_wconf 70' lang='lat'><strong>203</strong></span> <span class='ocrx_word' id='word_1_325' title='bbox 639 5069 717 5132; x_wconf 80' lang='lat' dir='ltr'><strong>MG.</strong></span> <span class='ocrx_word' id='word_1_326' title='bbox 752 5066 809 5132; x_wconf 84' lang='lat' dir='ltr'><strong>SS.</strong></span> <span class='ocrx_word' id='word_1_327' title='bbox 843 5066 943 5146; x_wconf 83' lang='lat' dir='ltr'>XIII,</span> <span class='ocrx_word' id='word_1_328' title='bbox 966 5075 1042 5133; x_wconf 74' lang='lat'><strong><em>473.</em></strong></span> <span class='ocrx_word' id='word_1_329' title='bbox 1091 5067 1253 5154; x_wconf 75' lang='lat' dir='ltr'><strong>Synodnm</strong></span> <span class='ocrx_word' id='word_1_330' title='bbox 1285 5068 1557 5154; x_wconf 75' lang='lat' dir='ltr'><strong>Inpolleimenaem</strong></span> <span class='ocrx_word' id='word_1_331' title='bbox 1592 5085 1806 5157; x_wconf 73' lang='lat' dir='ltr'><strong>conprepotnrn</strong></span> <span class='ocrx_word' id='word_1_332' title='bbox 1842 5096 1907 5136; x_wconf 79' lang='lat' dir='ltr'><strong>case</strong></span> 
     </span>
     <span class='ocr_line' id='line_1_33' title="bbox 256 5173 1905 5263; baseline -0.001 -20"><span class='ocrx_word' id='word_1_333' title='bbox 256 5179 447 5243; x_wconf 88' lang='lat' dir='ltr'><strong>auctoritate</strong></span> <span class='ocrx_word' id='word_1_334' title='bbox 471 5175 650 5263; x_wconf 86' lang='lat' dir='ltr'><strong>apostolica</strong></span> <span class='ocrx_word' id='word_1_335' title='bbox 674 5186 706 5238; x_wconf 88' lang='lat' dir='ltr'><strong>ot</strong></span> <span class='ocrx_word' id='word_1_336' title='bbox 729 5174 961 5260; x_wconf 88' lang='lat' dir='ltr'><strong>praeceptione</strong></span> <span class='ocrx_word' id='word_1_337' title='bbox 977 5173 1123 5237; x_wconf 89' lang='lat' dir='ltr'><strong>Lotharii</strong></span> <span class='ocrx_word' id='word_1_338' title='bbox 1146 5175 1350 5260; x_wconf 88' lang='lat' dir='ltr'><strong>imperatoris</strong></span> <span class='ocrx_word' id='word_1_339' title='bbox 1375 5176 1531 5240; x_wconf 68' lang='lat' dir='ltr'><strong>contundit</strong></span> <span class='ocrx_word' id='word_1_340' title='bbox 1552 5179 1696 5240; x_wconf 76' lang='lat' dir='ltr'><strong>narratio</strong></span> <span class='ocrx_word' id='word_1_341' title='bbox 1720 5177 1905 5241; x_wconf 82' lang='lat' dir='ltr'><strong>clericorum</strong></span> 
     </span>
     <span class='ocr_line' id='line_1_34' title="bbox 256 5281 1261 5369; baseline -0.002 -21"><span class='ocrx_word' id='word_1_342' title='bbox 256 5286 467 5366; x_wconf 69' lang='lat' dir='ltr'><strong>ilementum,</strong></span> <span class='ocrx_word' id='word_1_343' title='bbox 491 5287 524 5348; x_wconf 88' lang='lat' dir='ltr'><strong>in</strong></span> <span class='ocrx_word' id='word_1_344' title='bbox 548 5283 723 5369; x_wconf 78' lang='lat' dir='ltr'><strong>appendice</strong></span> <span class='ocrx_word' id='word_1_345' title='bbox 746 5284 837 5346; x_wconf 82' lang='lat' dir='ltr'><strong>tertio</strong></span> <span class='ocrx_word' id='word_1_346' title='bbox 861 5282 955 5344; x_wconf 79' lang='lat' dir='ltr'><strong>leuius</strong></span> <span class='ocrx_word' id='word_1_347' title='bbox 978 5281 1110 5344; x_wconf 79' lang='lat' dir='ltr'><strong>concilii</strong></span> <span class='ocrx_word' id='word_1_348' title='bbox 1130 5281 1261 5347; x_wconf 80' lang='lat' dir='ltr'><strong>edenda.</strong></span> 
     </span>
    </p>

    <p class='ocr_par' dir='ltr' id='par_1_11' title="bbox 363 5385 1909 5475">
     <span class='ocr_line' id='line_1_35' title="bbox 363 5385 1909 5475; baseline 0 -20"><span class='ocrx_word' id='word_1_349' title='bbox 363 5392 433 5455; x_wconf 85' lang='lat' dir='ltr'><strong>Hoc</strong></span> <span class='ocrx_word' id='word_1_350' title='bbox 449 5389 590 5454; x_wconf 88' lang='lat' dir='ltr'><strong>edictum</strong></span> <span class='ocrx_word' id='word_1_351' title='bbox 607 5385 784 5474; x_wconf 87' lang='lat' dir='ltr'><strong>imperiale,</strong></span> <span class='ocrx_word' id='word_1_352' title='bbox 802 5390 892 5451; x_wconf 82' lang='lat' dir='ltr'><strong>crn&#39;no</strong></span> <span class='ocrx_word' id='word_1_353' title='bbox 907 5387 1214 5473; x_wconf 69' lang='lat' dir='ltr'><strong>conternn&#39;fortaaae</strong></span> <span class='ocrx_word' id='word_1_354' title='bbox 1229 5389 1269 5450; x_wconf 82' lang='lat' dir='ltr'><strong>ob</strong></span> <span class='ocrx_word' id='word_1_355' title='bbox 1287 5390 1367 5474; x_wconf 76' lang='lat' dir='ltr'><strong>ipsis</strong></span> <span class='ocrx_word' id='word_1_356' title='bbox 1382 5391 1539 5474; x_wconf 62' lang='lat' dir='ltr'><strong>cyriacopis</strong></span> <span class='ocrx_word' id='word_1_357' title='bbox 1555 5391 1723 5475; x_wconf 77' lang='lat' dir='ltr'><strong>composito</strong></span> <span class='ocrx_word' id='word_1_358' title='bbox 1741 5389 1909 5456; x_wconf 85' lang='lat' dir='ltr'><strong>Hlotlarii</strong></span> 
     </span>
    </p>

    <p class='ocr_par' dir='ltr' id='par_1_12' title="bbox 211 5491 1907 5900">
     <span class='ocr_line' id='line_1_36' title="bbox 211 5491 1903 5585; baseline 0 -24"><span class='ocrx_word' id='word_1_359' title='bbox 211 5529 238 5568; x_wconf 81' lang='lat' dir='ltr'><strong>u</strong></span> <span class='ocrx_word' id='word_1_360' title='bbox 257 5523 365 5563; x_wconf 81' lang='lat' dir='ltr'><strong>nornen</strong></span> <span class='ocrx_word' id='word_1_361' title='bbox 388 5512 416 5563; x_wconf 84' lang='lat' dir='ltr'><strong>et</strong></span> <span class='ocrx_word' id='word_1_362' title='bbox 430 5499 545 5585; x_wconf 67' lang='lat' dir='ltr'><strong>falsus</strong></span> <span class='ocrx_word' id='word_1_363' title='bbox 569 5496 637 5559; x_wconf 84' lang='lat' dir='ltr'><strong>dics</strong></span> <span class='ocrx_word' id='word_1_364' title='bbox 660 5494 774 5558; x_wconf 83' lang='lat' dir='ltr'><strong>addita</strong></span> <span class='ocrx_word' id='word_1_365' title='bbox 797 5507 869 5557; x_wconf 78' lang='lat' dir='ltr'><strong>aunt</strong></span> <span class='ocrx_word' id='word_1_366' title='bbox 892 5493 950 5578; x_wconf 74' lang='lat' dir='ltr'><strong>(f.</strong></span> <span class='ocrx_word' id='word_1_367' title='bbox 976 5491 1015 5555; x_wconf 84' lang='grc' dir='ltr'><strong>Ε.</strong></span> <span class='ocrx_word' id='word_1_368' title='bbox 1042 5491 1258 5572; x_wconf 77' lang='lat' dir='ltr'><strong>Miillboclcr,</strong></span> <span class='ocrx_word' id='word_1_369' title='bbox 1283 5493 1573 5580; x_wconf 74' lang='lat' dir='ltr'><strong>‘Sitznnpabericlte</strong></span> <span class='ocrx_word' id='word_1_370' title='bbox 1597 5496 1654 5558; x_wconf 80' lang='lat' dir='ltr'><strong>der</strong></span> <span class='ocrx_word' id='word_1_371' title='bbox 1677 5496 1800 5559; x_wconf 58' lang='lat' dir='ltr'><strong>lll&#39;cner</strong></span> <span class='ocrx_word' id='word_1_372' title='bbox 1815 5499 1903 5561; x_wconf 77' lang='lat' dir='ltr'><strong>Alta·</strong></span> 
     </span>
     <span class='ocr_line' id='line_1_37' title="bbox 256 5596 1907 5690; baseline 0 -22"><span class='ocrx_word' id='word_1_373' title='bbox 256 5605 368 5684; x_wconf 86' lang='lat' dir='ltr'><strong>demie,</strong></span> <span class='ocrx_word' id='word_1_374' title='bbox 385 5604 570 5690; x_wconf 78' lang='lat' dir='ltr'><strong>phil-liat.</strong></span> <span class='ocrx_word' id='word_1_375' title='bbox 600 5601 722 5666; x_wconf 76' lang='lat' dir='ltr'><strong>Claaae&#39;</strong></span> <span class='ocrx_word' id='word_1_376' title='bbox 747 5609 815 5668; x_wconf 81' lang='grc'><strong>187</strong></span> <span class='ocrx_word' id='word_1_377' title='bbox 818 5609 848 5677; x_wconf 84' lang='grc'><strong>7,</strong></span> <span class='ocrx_word' id='word_1_378' title='bbox 879 5613 948 5662; x_wconf 83' lang='lat' dir='ltr'><strong>torn.</strong></span> <span class='ocrx_word' id='word_1_379' title='bbox 974 5596 1148 5678; x_wconf 81' lang='lat' dir='ltr'><strong>LXXXV,</strong></span> <span class='ocrx_word' id='word_1_380' title='bbox 1171 5603 1345 5686; x_wconf 71' lang='lat' dir='ltr'><strong>507sqq.),</strong></span> <span class='ocrx_word' id='word_1_381' title='bbox 1374 5602 1488 5686; x_wconf 66' lang='lat' dir='ltr'><strong>lapitas·</strong></span> <span class='ocrx_word' id='word_1_382' title='bbox 1512 5604 1543 5665; x_wconf 89' lang='lat' dir='ltr'><strong>in</strong></span> <span class='ocrx_word' id='word_1_383' title='bbox 1568 5603 1674 5667; x_wconf 75' lang='lat' dir='ltr'><strong>codiee</strong></span> <span class='ocrx_word' id='word_1_384' title='bbox 1699 5603 1907 5668; x_wconf 81' lang='lat' dir='ltr'><strong>Landnnenai</strong></span> 
     </span>
     <span class='ocr_line' id='line_1_38' title="bbox 256 5703 1903 5795; baseline -0.003 -17"><span class='ocrx_word' id='word_1_385' title='bbox 256 5720 324 5780; x_wconf 67' lang='lat' dir='ltr'><strong>tot</strong></span> <span class='ocrx_word' id='word_1_386' title='bbox 346 5735 426 5776; x_wconf 73' lang='lat' dir='ltr'><strong>saec,</strong></span> <span class='ocrx_word' id='word_1_387' title='bbox 443 5709 564 5774; x_wconf 49' lang='lat' dir='ltr'>Ixos.</span> <span class='ocrx_word' id='word_1_388' title='bbox 591 5709 647 5788; x_wconf 90' lang='lat'><strong>(=</strong></span> <span class='ocrx_word' id='word_1_389' title='bbox 665 5707 708 5793; x_wconf 83' lang='lat' dir='ltr'><strong>L)</strong></span> <span class='ocrx_word' id='word_1_390' title='bbox 726 5708 792 5795; x_wconf 84' lang='lat' dir='ltr'><strong>fol.</strong></span> <span class='ocrx_word' id='word_1_391' title='bbox 811 5707 898 5774; x_wconf 82' lang='lat'><strong><em>160‘.</em></strong></span> <span class='ocrx_word' id='word_1_392' title='bbox 915 5713 987 5774; x_wconf 81' lang='lat'><strong><em>161.</em></strong></span> <span class='ocrx_word' id='word_1_393' title='bbox 1040 5703 1185 5770; x_wconf 71' lang='lat' dir='ltr'><strong>Tramite</strong></span> <span class='ocrx_word' id='word_1_394' title='bbox 1214 5709 1248 5770; x_wconf 89' lang='lat' dir='ltr'><strong>in</strong></span> <span class='ocrx_word' id='word_1_395' title='bbox 1273 5707 1457 5772; x_wconf 78' lang='lat' dir='ltr'><strong>Flodonrdt‘</strong></span> <span class='ocrx_word' id='word_1_396' title='bbox 1483 5709 1646 5773; x_wconf 63' lang='lat' dir='ltr'><strong>lectoriam</strong></span> <span class='ocrx_word' id='word_1_397' title='bbox 1671 5710 1819 5773; x_wconf 67' lang='lat' dir='ltr'><strong>conlatae</strong></span> <span class='ocrx_word' id='word_1_398' title='bbox 1842 5709 1903 5774; x_wconf 79' lang='lat' dir='ltr'><strong>Iic-</strong></span> 
     </span>
     <span class='ocr_line' id='line_1_39' title="bbox 257 5811 1901 5900; baseline -0.001 -19"><span class='ocrx_word' id='word_1_399' title='bbox 257 5821 371 5883; x_wconf 74' lang='lat' dir='ltr'><strong>mcnsie</strong></span> <span class='ocrx_word' id='word_1_400' title='bbox 394 5817 437 5880; x_wconf 90' lang='lat' dir='ltr'><strong>II</strong></span> <span class='ocrx_word' id='word_1_401' title='bbox 455 5843 480 5880; x_wconf 88' lang='lat' dir='ltr'><strong>c.</strong></span> <span class='ocrx_word' id='word_1_402' title='bbox 497 5823 545 5884; x_wconf 73' lang='grc'><strong>20</strong></span> <span class='ocrx_word' id='word_1_403' title='bbox 569 5817 624 5888; x_wconf 67' lang='lat' dir='ltr'><strong>(z</strong></span> <span class='ocrx_word' id='word_1_404' title='bbox 644 5814 697 5894; x_wconf 86' lang='lat' dir='ltr'><strong>F),</strong></span> <span class='ocrx_word' id='word_1_405' title='bbox 728 5813 807 5877; x_wconf 65' lang='grc' dir='ltr'><strong>ΜΘ.</strong></span> <span class='ocrx_word' id='word_1_406' title='bbox 834 5811 892 5876; x_wconf 83' lang='lat' dir='ltr'><strong>SS.</strong></span> <span class='ocrx_word' id='word_1_407' title='bbox 919 5811 1019 5892; x_wconf 83' lang='lat' dir='ltr'>XIII,</span> <span class='ocrx_word' id='word_1_408' title='bbox 1041 5819 1108 5877; x_wconf 70' lang='lat'><strong>473</strong></span> <span class='ocrx_word' id='word_1_409' title='bbox 1138 5827 1167 5876; x_wconf 82' lang='lat' dir='ltr'><strong>et</strong></span> <span class='ocrx_word' id='word_1_410' title='bbox 1195 5838 1264 5877; x_wconf 87' lang='lat' dir='ltr'><strong>cum</strong></span> <span class='ocrx_word' id='word_1_411' title='bbox 1294 5815 1531 5900; x_wconf 78' lang='lat' dir='ltr'><strong>interpolatione</strong></span> <span class='ocrx_word' id='word_1_412' title='bbox 1555 5814 1676 5878; x_wconf 67' lang='lat' dir='ltr'><strong>Etonia</strong></span> <span class='ocrx_word' id='word_1_413' title='bbox 1708 5818 1739 5878; x_wconf 87' lang='lat' dir='ltr'><strong>in</strong></span> <span class='ocrx_word' id='word_1_414' title='bbox 1764 5815 1901 5880; x_wconf 77' lang='lat' dir='ltr'><strong>eiusdem</strong></span> 
     </span>
    </p>
   </div>
   <div class='ocr_carea' id='block_1_7' title="bbox 0 0 2446 6710">
    <p class='ocr_par' dir='ltr' id='par_1_13' title="bbox 0 0 2446 6710">
     <span class='ocr_line' id='line_1_40' title="bbox 0 0 2446 6710; baseline 0 0"><span class='ocrx_word' id='word_1_415' title='bbox 0 0 2446 6710; x_wconf 95' lang='lat' dir='ltr'><strong> </strong></span> 
     </span>
    </p>
   </div>
  </div>
 </body>
</html>
