4884 6717
425 541 464 596 46
484 551 513 597 et
531 542 582 596 tt.
619 540 805 596 CONCILIA
833 539 1032 597 ROMANUII
1055 542 1092 596 A.
1114 540 1188 596 826.
1213 541 1265 595 ET
1288 541 1544 598 MANTUANUII
1567 542 1605 596 A.
1627 541 1701 597 827.
1824 536 1889 599 583

237 739 336 793 habuit
359 737 452 792 nullus
476 739 580 793 audeat
604 739 632 792 in
656 738 814 809 coniugium
839 737 983 807 copulare.
1031 736 1059 791 Si
1084 738 1147 808 quis
1171 749 1248 791 vero
1273 737 1337 792 huic
1360 738 1412 792 tali
1435 738 1543 793 nefario
1568 739 1698 810 coniugio
1725 740 1891 795 convenerit

238 854 269 900 et
292 846 320 897 in
345 862 380 898 eo
404 845 602 916 permanserit,
633 846 702 899 sciat
727 862 757 898 sc
787 844 960 915 apostolicae
988 845 1166 898 auctoritatis
1190 843 1378 899 anathematis
1401 845 1526 899 vinculo
1557 863 1619 901 esse
1651 846 1825 912 innodatum,
1858 855 1888 900 et

237 951 331 1006 nullus
355 952 487 1006 sacerdos
510 952 549 1005 illi
574 952 681 1005 tribuat
705 952 942 1017 communionem
967 951 989 1004 si
1005 969 1073 1006 vero
1097 969 1250 1006 conversus
1274 951 1436 1022 divisusque
1460 940 1502 1006 ab
1526 941 1651 1006 inlicita
1669 951 1756 1007 fuerit
1772 953 1888 1023 copula-

238 1059 326 1122 tione,
352 1059 454 1131 dignae
478 1058 673 1129 poenitentiae
697 1058 890 1124 submittatur,
914 1066 946 1111 ut
970 1058 1102 1112 sacerdos
1125 1057 1179 1112 ioci
1203 1050 1457 1114 consideraverit*.

205 1264 219 1302 s
348 1246 374 1322 ⁸)
405 1258 448 1307 i't
468 1257 556 1307 addit.-
574 1253 697 1323 Explicit
715 1253 861 1307 concilium
878 1253 999 1323 Eugenii
1016 1270 1119 1324 papae,
1138 1257 1164 1307 R
1181 1256 1269 1306 addit:
1290 1253 1414 1323 Explicit
1431 1253 1579 1308 concilium
1594 1254 1715 1325 Eugenii
1731 1272 1823 1325 papae
1839 1254 1890 1324 II.,

400 1364 527 1414 Gaddir:
553 1360 699 1431 Eugenius
728 1361 820 1431 gratia
843 1360 898 1414 Dei
923 1360 1071 1430 episcopus
1095 1367 1209 1413 sanctae
1243 1358 1398 1414 catholicae
1430 1367 1517 1431 atque
1548 1361 1721 1432 apostolieae
1745 1361 1889 1417 Romanae

400 1466 521 1522 eclesiae
545 1467 610 1520 huic
634 1468 752 1521 decreto
776 1484 792 1520 a
815 1467 895 1520 uobis
918 1466 1095 1538 promulgato
1119 1465 1281 1536 subscripsi,
1313 1468 1337 1520 L
1355 1470 1440 1520 addit:
1465 1467 1611 1538 Eugenins
1633 1468 1726 1539 gratia
1748 1467 1804 1523 Dei
1829 1469 1889 1540 epi·

398 1591 500 1643 scopus
524 1572 679 1627 catholicae
704 1583 791 1643 atque
816 1573 987 1643 apostolicae
1011 1573 1155 1629 Romanae
1180 1572 1319 1628 ecclesiae
1343 1572 1407 1626 huic
1432 1574 1549 1629 decreto
1572 1592 1589 1629 a
1611 1575 1692 1628 nohis
1713 1575 1890 1647 promulgato

398 1681 560 1751 subscripsi.
606 1679 789 1734 Petronatins
812 1679 923 1733 humilis
946 1679 1174 1751 archiepiscopus
1198 1687 1315 1734 sanctae
1331 1678 1486 1736 Ravennae
1512 1679 1556 1750 (at.
1576 1702 1643 1734 man.
1662 1702 1725 1739 corr.
1743 1681 1889 1750 hienae)

194 1796 220 1835 ¹0
402 1786 541 1840 ecclesiae
566 1785 630 1840 hnic
653 1787 771 1840 decreto
795 1804 812 1839 a
835 1786 915 1840 nobis
938 1786 1114 1858 promulgato
1138 1785 1301 1857 subscripsi.

286 1981 394 2037 Forrna
419 1980 519 2037 nrinor.
567 1980 733 2035 XXXVIII.
776 1979 977 2035 Consobriuam
990 1976 1011 2046 ¹,
1041 1989 1168 2052 neptem,
1200 2000 1362 2048 novercam,
1392 1981 1485 2036 fratris
1516 2000 1631 2037 uxorem
1661 1983 1706 2038 vel
1738 1983 1822 2037 etiam
1853 1984 1890 2039 de

399 2088 513 2159 propria
535 2088 702 2159 cognatione
726 2097 774 2142 aut
799 2106 883 2158 quam
906 2097 1042 2159 cognatus
1066 2088 1165 2142 habuit
1188 2088 1282 2142 nullus
1305 2089 1411 2143 audeat
1435 2089 1463 2142 iu
1487 2089 1645 2160 coniugium
1669 2089 1813 2160 copulare.
1861 2088 1891 2144 Si

400 2196 463 2266 quis
487 2212 553 2248 vero
575 2193 640 2248 hnic
664 2194 714 2249 tali
737 2194 846 2249 nefario
870 2194 998 2265 coniugio
1022 2196 1186 2250 convenerit
1218 2203 1249 2250 et
1272 2196 1300 2249 in
1324 2213 1358 2250 eo
1382 2196 1582 2266 permanserit,
1614 2197 1683 2250 sciat
1714 2213 1744 2250 se
1776 2203 1889 2266 aposto·

399 2301 471 2355 Iicae
502 2302 678 2355 auctoritatis
708 2301 895 2356 anathematis
923 2300 1041 2354 vinculis
1073 2319 1135 2356 esse
1160 2302 1333 2368 innodatum,
1367 2311 1396 2356 et
1426 2301 1521 2356 nullus
1552 2302 1684 2358 sacerdos
1714 2302 1755 2356 illi
1782 2302 1890 2358 tribuat

399 2407 636 2474 communionem,
668 2409 689 2462 si
713 2426 780 2463 vero
804 2425 956 2463 conversus
978 2408 1141 2479 divisusque
1172 2408 1258 2463 farerit
1288 2408 1478 2480 copulatione,
1510 2409 1596 2480 digne
1620 2409 1797 2480 penitentiae
1823 2410 1888 2463 suh·

398 2515 533 2581 initiatur,
558 2523 589 2568 nt
613 2516 745 2570 sacerdos
769 2515 822 2569 Ioci
846 2515 1078 2569 consideraverit.
1107 2543 1143 2551 -
1171 2518 1266 2569 Forma
1291 2519 1372 2569 minor
1397 2520 1424 2569 in
1443 2520 1505 2570 libro
1525 2519 1645 2585 Papierni
1664 2518 1781 2570 heitarii
1798 2536 1819 2570 c.
1838 2524 1890 2570 107

397 2615 472 2676 (tto.
486 2616 541 2666 LL.
555 2616 603 2676 IV,
617 2613 680 2676 559)
697 2617 852 2681 amplificata
864 2624 900 2665 eat
912 2616 938 2665 in
950 2616 1070 2681 excerptis
1082 2634 1105 2682 q.
1116 2616 1143 2666 d.
1161 2633 1285 2667 canonum
1299 2614 1428 2669 Hlotltarii
1445 2634 1466 2667 a.
1480 2623 1496 2666 4
1514 2618 1559 2676 (ib.
1574 2618 1596 2678 I,
1610 2620 1679 2678 372;
1696 2635 1717 2668 u.
1731 2634 1794 2683 patae
1811 2635 1891 2683 aspra

395 2733 422 2780 p.
443 2719 495 2764 559
519 2719 617 2764 ania?
643 2712 808 2776 asenniam:
839 2710 885 2765 De
915 2709 1030 2764 incestis
1058 2710 1301 2764 coniunctionibus
1331 2710 1383 2765 hoc
1412 2711 1601 2782 praecipimus
1625 2709 1829 2783 (praecipitur),
1857 2718 1889 2765 nt

398 2817 490 2871 utilius
513 2817 649 2887 deinceps
672 2817 857 2888 propinquam
881 2835 933 2871 nec
958 2835 1040 2887 quam
1063 2816 1238 2887 propinquus
1253 2816 1363 2883 babuit,
1387 2834 1500 2872 uxorem
1524 2818 1609 2872 clueat
1630 2817 1763 2889 (accipiat
1779 2818 1807 2871 in
1822 2835 1889 2871 con·

192 2946 220 2985 a)
398 2924 489 2995 iugi03
515 2932 544 2978 et
560 2924 652 2977 uxoris
675 2923 825 2994 parenteia
847 2923 884 2976 sit
907 2924 947 2977 ita
969 2924 1029 2977 viro
1052 2923 1125 2978 sicut
1149 2930 1178 2978 et
1201 2923 1317 2993 propria
1338 2922 1510 2993 parentela).

345 3115 501 3164 XXXVIII.
532 3108 675 3178 laudent]
695 3115 747 3164 sihi
765 3113 826 3164 add.
846 3113 879 3162 B.
970 3113 1230 3177 coniugioV1.G·
1316 3112 1543 3177 copulariEG.
1629 3114 1657 3163 Si
1677 3109 1748 3178 quis]
1768 3115 1816 3165 sin
1836 3114 1889 3176 Vr,

238 3205 290 3266 Qui
313 3202 341 3253 F.
414 3203 461 3254 tali
480 3204 546 3253 «taen
566 3202 597 3252 G.
680 3204 743 3253 2ct
761 3202 828 3252 deest
845 3201 877 3256 L,
951 3202 1104 3268 apostolica
1125 3202 1178 3253 Vi.
1198 3201 1231 3260 B,
1252 3200 1405 3268 apostolice
1426 3200 1459 3252 F.
1532 3204 1697 3253 anctoritate
1717 3201 1750 3252 B.
1824 3219 1889 3252 ana·

238 3294 363 3344 thematis
382 3311 412 3342 aa
430 3308 527 3341 anama
547 3293 582 3341 sit
600 3309 663 3341 corr.
682 3292 717 3341 al.
737 3309 803 3341 aian.
825 3290 857 3350 F,
886 3292 1094 3341 anathematicis
1115 3291 1146 3339 G.
1230 3290 1501 3341 innodatusV1.L.
1587 3292 1645 3341 asi
1665 3307 1729 3342 vero
1749 3291 1840 3341 (lemni
1858 3290 1891 3341 F·

238 3380 335 3432 Iiiicita
354 3381 387 3431 B.
400 3380 431 3431 L.
486 3382 567 3431 suerit
585 3380 651 3430 aeas
671 3379 703 3429 F.
758 3381 876 3444 tdigne
896 3379 929 3429 F.
984 3380 1151 3444 ponitentiae
1172 3378 1203 3428 F.
1218 3378 1251 3429 G.
1306 3381 1499 3429 submittantur
1517 3379 1572 3430 Vr.
1586 3379 1618 3438 G,
1639 3387 1666 3429 et
1683 3379 1744 3429 acta.
1763 3378 1891 3430 L.-—

192 3479 220 3518 ab
241 3474 270 3521 Il
291 3470 445 3520 XXXVIII.
467 3469 664 3521 Consobriuam
677 3494 711 3502 -
725 3463 951 3533 consideraverit]
966 3469 1002 3518 ita
1015 3468 1078 3518 Ma
1100 3468 1153 3517 Va
1164 3471 1189 3528 3,
1209 3467 1365 3518 XXXVIII.
1386 3467 1594 3528 consobrinam,
1607 3476 1724 3532 neptem,
1743 3484 1890 3519 novercam

240 3562 271 3612 I!
277 3562 302 3610 3.
316 3565 340 3618 i,
370 3560 411 3608 ubi
430 3559 526 3624 reliqua
550 3558 639 3623 capitis
664 3558 762 3618 desard,
791 3567 868 3608 totam
893 3567 970 3624 eaput
993 3558 1060 3608 deest
1078 3556 1108 3607 P.
1129 3557 1183 3607 t'i.
1276 3559 1308 3607 tt
1328 3558 1456 3621 coniugio
1478 3556 1530 3607 Va.
1623 3561 1655 3608 13
1674 3552 1732 3620 tati]
1752 3565 1807 3608 tarn
1826 3556 1891 3607 Mi.

238 3643 316 3712 sciat]
335 3650 387 3698 siat
415 3648 467 3697 1'3.
561 3650 592 3697 14
622 3646 821 3697 nnathncmatis
847 3647 901 3697 1'3.
992 3647 1047 3697 iliis
1073 3646 1127 3695 Va
1141 3649 1165 3696 3.
1259 3647 1291 3695 15
1318 3645 1416 3709 dignae
1437 3645 1491 3695 Va.
1582 3647 1734 3712 penitentia
1754 3643 1816 3695 Μ2.
1838 3646 1891 3696 1'2.

241 3739 273 3787 16
293 3738 477 3787 consideravit
497 3736 550 3786 t'a.

232 3919 337 3989 fornia
367 3917 459 3974 minor
489 3918 642 3973 cortcordat
665 3947 706 3956 -
725 3918 855 3987 ,forman
881 3916 1014 3972 nrinorent
1039 3915 1157 3972 canonis
1181 3919 1208 3974 6.
1234 3914 1343 3972 concilii
1365 3914 1491 3972 Romani
1521 3918 1590 3984 743,
1622 3935 1648 3972 v.
1672 3935 1762 3992 supra
1786 3935 1820 3992 p.
1843 3918 1890 3984 31,

194 4041 222 4082 to
238 4023 285 4081 tadi
306 4025 324 4081 l.
349 4027 489 4084 25-30
511 4024 661 4080 staurarium
686 4024 759 4079 lianc
783 4032 885 4080 tentant
909 4031 965 4079 tarn
989 4023 1111 4079 nondam
1136 4021 1309 4078 cantitabam
1334 4021 1521 4099 corripendae
1543 4030 1616 4078 sant.
1689 4024 1717 4086 l)
1743 4022 1775 4080 V.
1800 4041 1891 4079 anno·

238 4132 368 4188 tationem
388 4131 613 4206 praecedentem.

279 4827 287 4846 ⁶
349 4866 448 4985 47.
497 4849 1049 4985 CONCILIUM
1094 4846 1773 4981 MANTUANUM.

933 5094 1025 5178 827.
1057 5092 1139 5166 Iun.
1160 5095 1194 5167 6.

353 5348 385 5412 V.
411 5351 449 5413 el.
475 5348 521 5411 W.
544 5349 654 5434 Meyer
684 5347 848 5433 Spirensis
883 5347 989 5410 libello
1020 5346 1193 5431 peculiari,
1229 5346 1288 5431 qni
1320 5345 1505 5410 inscribitur
1539 5344 1614 5409 ‘Die
1646 5344 1801 5432 Spaltanp
1835 5344 1891 5409 ties

238 5455 456 5520 Patriarcliats
471 5456 625 5540 Aquileia
643 5454 907 5539 (Ablantlleaapen
928 5453 985 5516 ‹ler
1003 5452 1166 5538 Giittinper
1184 5451 1400 5540 Geeellscliaft
1413 5451 1470 5515 der
1493 5451 1770 5541 Wissenacltaften,
1789 5451 1888 5516 Phil.-

194 5561 322 5626 tsHist.
347 5562 465 5626 Klasse
489 5561 561 5624 NF.
588 5561 630 5623 II
648 5560 709 5624 No.
728 5570 757 5624 (i.
783 5560 899 5644 idias
922 5561 1075 5645 arposttt't,
1105 5560 1219 5643 qnt'las
1250 5559 1288 5622 ‹le
1318 5560 1424 5624 casteis
1453 5581 1536 5621 anno
1560 5567 1636 5625 607.
1672 5559 1890 5645 Aquileiensis

238 5669 418 5755 metropolis
453 5671 485 5732 in
522 5668 600 5732 alitae
630 5667 920 5753 archiepiscopatus
951 5666 1057 5729 ‹lt‘et'aa
1093 5667 1144 5743 sit,
1182 5665 1416 5750 Aquileienacnt
1452 5663 1596 5729 at‘tlcliaet
1625 5680 1653 5728 et
1682 5665 1887 5730 Gradansern.

241 5775 378 5852 Quonam
403 5775 441 5840 de
465 5777 676 5839 contracerst'a
699 5798 782 5838 anno
807 5778 884 5839 ⁸27.
911 5774 942 5836 in
967 5772 1101 5835 eorteilio
1124 5771 1299 5836 Mantuano
1323 5786 1424 5834 actam
1448 5785 1501 5852 est,
1530 5774 1619 5835 aetitia
1643 5772 1763 5836 decreto
1786 5773 1888 5858 Aqui-

239 5882 352 5947 leiensi
382 5882 589 5968 patriarchae
624 5882 764 5966 pristino
798 5876 1024 5964 patriarchalis
1063 5899 1121 5941 seu
1159 5876 1409 5964 metropolitana
1447 5876 1588 5962 dignitas
1626 5878 1660 5942 in
1699 5877 1889 5942 ordinandis
