4884 6717
689 543 741 599 56.
778 543 996 599 concaluit
1020 541 1352 607 aaulsoaaxaxsa
1376 545 1413 599 A.
1435 544 1509 599 836.
1865 539 1929 600 719

270 741 372 795 siderat
396 740 564 810 indicatque.
587 749 744 806 serventur,
768 758 839 810 (luae
863 740 946 792 ctiam
970 740 1152 810 clispeusanda
1176 751 1237 794 sunt
1262 741 1360 794 iudicio
1385 749 1413 794 et
1439 749 1576 811 potestate
1606 739 1751 811 pontificis,
1780 742 1824 797 cui
1858 760 1931 796 com·

270 848 366 901 missus
390 856 431 900 est
453 847 572 917 populus
595 857 622 898 et
646 846 764 908 animae,
787 864 859 916 qnae
883 846 953 899 intra
977 846 1122 900 ecclesiam
1145 855 1359 918 congregantur.
1414 837 1496 901 item
1526 840 1560 900 iu
1591 837 1809 904 decretalibus
1841 862 1926 926 pape

271 944 432 1008 Silnachi:
458 949 601 1006 Siuodali¹
626 953 708 1022 igitur
731 963 866 1007 consentu
890 955 1007 1023 provida
1030 955 1165 1008 sententia
1189 955 1277 1007 modis
1299 954 1425 1008 omnibus
1448 955 1573 1007 enervari
1597 953 1702 1024 placuit
1726 961 1753 1008 et
1776 956 1804 1009 in
1824 956 1928 1009 irritum

270 1061 378 1120 deduci.
401 1078 435 1114 uc
459 1061 486 1113 in
510 1060 665 1129 exemplum
689 1069 843 1113 remaneret
866 1061 1058 1129 praesumendi
1082 1061 1250 1132 quibuslibet
1272 1060 1359 1122 laicis.
1382 1061 1506 1130 quamvis
1529 1061 1666 1132 religiosis
1689 1063 1734 1115 vel
1758 1062 1932 1132 potentibus.

238 1168 298 1222 ain
322 1185 495 1238 quacumque
523 1167 634 1220 civitate
666 1166 790 1236 quolibet
821 1168 903 1220 uiuido
933 1169 967 1220 (lc
999 1169 1193 1222 ecelesiasticis
1222 1167 1401 1221 facultatibus
1430 1167 1536 1236 aliquid
1566 1167 1742 1221 distrahendo
1772 1170 1922 1223 decernere

272 1291 391 1345 quarum
421 1274 487 1327 solis
516 1273 704 1326 sacerdotibus
735 1274 896 1343 disponendi
925 1274 1076 1328 indiscussa
1107 1293 1124 1328 a
1153 1277 1213 1328 lieo
1245 1292 1311 1328 cura
1340 1275 1485 1327 commissa
1515 1275 1636 1327 docetur.
1691 1265 1864 1346 Quoniam,
1895 1279 1930 1329 ut

244 1374 248 1392 ¹
273 1371 388 1434 beatus
419 1370 582 1455 Prosper²
612 1372 667 1440 ait,
699 1393 750 1432 res
782 1369 919 1434 eclesiae
951 1395 1015 1434 non
1046 1383 1121 1435 strnt
1151 1372 1315 1457 propriae,
1347 1370 1406 1434 sed
1441 1393 1638 1451 communes,
1670 1383 1748 1434 vota
1777 1371 1932 1436 videlicet

273 1477 429 1558 fidelium,
453 1478 558 1563 pretia
582 1490 789 1563 peccatorum
816 1487 848 1539 ct
871 1478 1066 1562 patrimonia
1089 1501 1280 1564 pauperum,
1311 1500 1389 1562 ergo
1421 1478 1498 1563 quia
1530 1499 1550 1538 a
1577 1477 1747 1562 relegionis
1777 1479 1856 1541 viris
1888 1478 1930 1542 ad

273 1583 488 1647 substantiam
513 1606 692 1670 pauperum
718 1606 756 1646 ae
781 1605 948 1647 servorum
966 1584 1030 1647 bei
1055 1595 1088 1648 et
1111 1585 1379 1648 sustentationem
1404 1607 1443 1648 ac
1461 1585 1700 1669 reparationem
1717 1584 1930 1648 ecclesiarum

228 1717 254 1756 ro
273 1701 347 1754 strnt
372 1690 559 1768 derelictae,
584 1689 663 1753 nulli
688 1701 800 1753 contra
825 1691 873 1752 fas
897 1691 966 1753 sine
991 1691 1100 1777 aliqua
1123 1692 1253 1777 pietatis
1279 1690 1537 1754 consideratione
1560 1689 1638 1753 licet
1653 1690 1808 1776 dispergi.
1850 1691 1930 1755 Item

273 1797 359 1861 undo
395 1820 493 1882 supra
523 1818 565 1860 ex
597 1796 734 1861 concilio
759 1795 927 1876 ToletanO,
961 1797 1070 1883 quod3
1094 1797 1286 1861 eclesiarum
1318 1798 1461 1860 omnium
1498 1796 1589 1860 dotes
1625 1796 1667 1860 ad
1703 1799 1929 1883 episcoporum

273 1904 510 1968 ordinationem
539 1915 572 1966 et
602 1915 793 1988 potestatem
825 1905 1011 1988 pertineant
1041 1927 1102 1968 neo
1133 1927 1153 1967 a
1183 1926 1348 1990 quoquam
1378 1903 1489 1989 aliqua
1518 1905 1782 1989 praesumptione
1816 1903 1930 1967 distra-

273 2011 400 2074 hantur.
448 2011 530 2074 Item
554 2023 771 2096 postpauca:
801 2015 916 2072 lisinis*
940 2020 1035 2089 itaque
1059 2021 1098 2072 rei
1122 2020 1260 2074 aeclesiae
1284 2021 1431 2090 quantitas,
1454 2020 1523 2074 sieut
1547 2021 1697 2074 remedium
1720 2021 1818 2074 reniae
1838 2020 1932 2074 tribuit

273 2128 436 2196 conferenti,
459 2128 497 2180 ita
520 2127 649 2179 damnum
672 2126 722 2178 rite
747 2134 896 2195 praeparat
919 2126 1099 2180 abatrabenti.

229 2267 255 2306 tt
382 2243 465 2328 (49).
497 2239 637 2326 (Villi).
669 2239 761 2303 VIII.
817 2246 939 2303 lterum5
969 2252 1105 2304 monendo
1137 2250 1318 2321 magnitudini
1350 2258 1458 2304 restrae
1491 2251 1652 2320 suppliciter
1681 2251 1868 2322 suggerimus,
1902 2259 1932 2304 ut

274 2359 405 2429 deinceps
440 2358 466 2410 in
497 2357 576 2410 bonis
609 2356 765 2427 pastoribus
797 2357 1003 2427 rectoribusque
1034 2359 1062 2410 in
1092 2358 1200 2411 eclesiis
1230 2357 1285 2410 Dei
1316 2357 1512 2410 constituendis
1542 2375 1671 2428 magnum
1701 2359 1818 2411 studium
1848 2367 1931 2428 atquc

274 2465 490 2520 sollertissimam
514 2464 669 2517 adhibeatis
692 2481 794 2532 eruam,
818 2463 893 2532 (luia,
916 2463 939 2516 si
963 2464 1044 2518 aliter
1067 2464 1169 2518 lactum
1193 2464 1284 2524 fucrit,
1308 2472 1336 2517 et
1352 2464 1418 2516 orcle
1436 2464 1638 2518 ecclesiasticus
1654 2482 1731 2518 snam
1747 2483 1802 2518 nou
1817 2464 1931 2518 babebit

274 2572 436 2643 dignitatem
461 2579 489 2624 et
511 2570 608 2640 religio
632 2569 788 2622 Christiana
818 2570 844 2622 in
875 2571 967 2623 multis
998 2569 1191 2624 labefactando
1221 2571 1323 2623 datuna
1354 2570 1509 2624 detrimenti
1540 2571 1581 2624 sni
1609 2571 1735 2640 pacietur
1764 2577 1793 2625 et
1823 2571 1931 2624 animae

275 2688 395 2742 vestrae,
417 2678 491 2748 quod
514 2694 569 2730 nou
592 2685 727 2745 optamus.
751 2675 902 2745 periculum
924 2678 1111 2742 generabitur.

229 2817 257 2856 ro
383 2795 466 2878 (50).
498 2792 570 2878 (X).
604 2791 713 2855 VIIII.
767 2800 900 2855 Similiter
909 2797 921 2830 ‘²
950 2802 1130 2871 deposcimus,
1163 2810 1191 2855 nt
1221 2803 1249 2856 in
1278 2803 1426 2855 abbatissis
1456 2803 1652 2856 coristitueiulis
1682 2804 1715 2855 ct
1750 2791 1932 2856 rectoribus

276 2900 544 2964 monasteriorum
569 2917 689 2962 restrum
712 2909 870 2979 specialiter
898 2910 1020 2962 caveatis
1050 2909 1211 2979 periculum,
1241 2909 1311 2962 sieut
1333 2910 1413 2962 verbis
1442 2927 1527 2979 saepe
1557 2919 1598 2962 est
1629 2909 1797 2962 adinonitum
1826 2919 1853 2962 et
1883 2927 1933 2979 per

275 3016 395 3070 divinam
419 3015 610 3070 auctoritatem
632 3016 753 3069 erebrius
776 3016 988 3070 manifestatum.

384 3131 465 3216 (5l).
492 3130 582 3216 (XI).
609 3130 651 3193 X.
687 3135 767 3194 Sed7
791 3149 821 3193 et
844 3140 897 3193 hoe
920 3141 1111 3207 obsecramus,
1135 3147 1167 3194 ut
1190 3141 1218 3195 in
1244 3140 1391 3212 elegendis
1415 3141 1590 3194 adiutoribus
1606 3140 1706 3195 restris
1728 3150 1759 3193 et
1774 3139 1931 3210 reipublice

276 3247 418 3312 ministris,
444 3246 491 3316 qui
515 3247 577 3301 vice
601 3255 696 3301 vestra
719 3246 852 3318 populum
870 3247 925 3300 Dei
942 3265 1043 3318 regere
1069 3258 1098 3300 et
1122 3248 1282 3318 gubemare
1307 3254 1393 3318 atque
1418 3248 1542 3302 iudicare
1567 3248 1687 3313 debent,
1711 3246 1932 3300 sollertissimum

230 3368 257 3407 tt
276 3353 481 3425 providentiam
507 3353 647 3420 babeatis,
672 3373 785 3424 semper
808 3353 877 3407 illud
902 3354 1105 3420 adtendentes,
1137 3354 1212 3424 quod
1237 3354 1265 3407 in
1289 3354 1360 3407 libro
1384 3354 1474 3408 Exodi
1502 3355 1537 3408 ud
1563 3355 1680 3425 Moysen
1712 3353 1829 3407 dicitur:
1860 3351 1932 3408 Pro·
1952 3364 2068 3458 appdwrs,

276 3459 348 3528 eide,
371 3461 473 3530 inquit,
499 3461 533 3514 de
555 3459 756 3534 ornnipopnlo
780 3459 1031 3534 eirosprudentes
1054 3469 1080 3516 et
1102 3458 1344 3528 dinentesDenm,
1368 3457 1681 3534 inqcn'bnssitceritas
1704 3457 1800 3533 etqui
1822 3458 1934 3515 oderant
1972 3449 2004 3460 ”’
2043 3453 2047 3460 ’

276 3565 438 3622 avaritiam.
489 3565 527 3620 Et
551 3565 683 3622 constitere
707 3585 742 3622 ea
766 3567 804 3622 eis
828 3566 952 3622 tribinms
976 3575 1002 3622 et
1025 3566 1200 3622 carturiones
1224 3573 1251 3621 et
1272 3566 1541 3641 quinquepertitum,
1572 3565 1621 3641 qni
1649 3565 1773 3620 indicent
1795 3566 1931 3639 populum

276 3672 353 3728 oriani
375 3681 506 3746 tempore.
547 3671 691 3747 Quicquid
711 3681 802 3728 autem
827 3673 917 3728 cranius
934 3672 1030 3744 fucrit
1053 3673 1188 3744 reserant
1208 3673 1251 3728 ad
1273 3681 1298 3727 tc
1321 3681 1347 3728 et
1369 3671 1424 3746 ipsu⁸
1447 3672 1558 3728 ritinora
1582 3672 1771 3728 tacitnnnnodo
1794 3671 1932 3740 indicano

277 3779 416 3854 latasque
439 3778 486 3834 nbi
507 3779 543 3835 sit
560 3780 670 3854 partito
694 3780 722 3835 in
746 3780 818 3835 alios
840 3799 934 3836 onae.
983 3779 1016 3835 ai
1046 3779 1097 3835 lanc
1113 3779 1234 3850 seceris,
1265 3778 1390 3853 implebis
1420 3778 1566 3852 imperinm
1590 3777 1708 3834 Dmnini
1730 3786 1757 3832 et
1773 3787 1932 3853 praecepta

231 3902 258 3942 ιο
278 3886 336 3943 eius
353 3886 462 3961 poteris
484 3893 650 3942 austerrturc.
698 3886 783 3942 Unde
816 3893 845 3942 et
876 3888 904 3940 iu
935 3888 1005 3941 libro
1030 3887 1259 3941 Deuteronomii:
1293 3884 1411 3952 Indices,
1436 3886 1536 3956 iuquit,
1565 3892 1591 3940 ct
1613 3884 1763 3959 irrupistros
1787 3884 1933 3940 conantum
1952 3900 2085 3946 trenusio.

277 3993 306 4049 in
330 3992 454 4048 erunibus
472 3992 566 4067 portis
589 3992 651 4061 tuis,
676 4012 748 4067 qrnrs
771 3993 898 4048 ἅοιηίηηε
921 3992 1001 4048 Dens
1024 4001 1086 4048 tuus
1109 3992 1217 4048 (lederet
1240 3991 1288 4048 titi
1304 4011 1362 4066 per
1383 3991 1511 4066 nrrffltlas
1534 3990 1621 4046 tribum
1650 3999 1721 4060 tuas,
1753 3998 1784 4046 ut
1812 3990 1934 4046 irretirent
1979 3955 2051 3996 m

271 4101 408 4175 populum
433 4099 503 4156 insto
526 4099 628 4154 indicio
651 4119 701 4155 nec
724 4098 752 4154 in
777 4099 902 4174 aliquam
922 4108 1035 4173 partem
1060 4099 1206 4154 rlecliaent.
1247 4099 1319 4154 Item
1342 4099 1397 4152 ibi:
1423 4097 1550 4172 Diaiqne
1574 4096 1648 4154 cobis
1670 4097 1699 4153 in
1723 4096 1770 4153 illo
1793 4106 1932 4172 ternpore:
1952 4114 2093 4158 tuas-te.

277 4205 343 4262 Non
361 4225 476 4280 posenni
500 4207 575 4261 suus
597 4205 734 4262 oscinere
763 4225 821 4275 eos,
852 4206 983 4281 quoniam
1014 4205 1142 4262 doctrinas
1168 4205 1245 4262 Ibus
1274 4213 1365 4261 vester
1394 4203 1587 4278 trttrltquicneit
1616 4224 1673 4272 cos,
1705 4212 1730 4258 et
1760 4204 1824 4260 esus
1853 4203 1934 4260 bodie

276 4312 348 4368 sian
368 4313 465 4368 stellae
488 4311 559 4367 caeli
576 4311 730 4387 pluriores.
771 4311 910 4368 Docuinns
926 4311 1005 4368 bau
1023 4320 1140 4386 patrum
1159 4321 1312 4368 vestrorunt
1336 4311 1428 4366 nrldat
1442 4311 1484 4366 ad
1498 4311 1571 4366 burte
1587 4329 1730 4366 statueram
1751 4311 1837 4366 triana
1856 4309 1933 4366 attilia

231 4434 259 4474 aa
277 4427 303 4475 et
319 4418 420 4490 faciat
440 4417 516 4474 cobis
538 4418 609 4475 sicut
631 4420 737 4474 bonan
760 4426 808 4474 est.
862 4417 928 4474 Νοη
952 4420 1031 4474 caleo
1060 4419 1135 4474 solta
1157 4418 1294 4474 sentiscere
1317 4425 1411 4474 aesna
1438 4416 1549 4492 nepotis
1580 4424 1606 4472 ct
1629 4416 1745 4491 protelata
1774 4424 1800 4472 et
1827 4416 1932 4493 iurpia.

384 4623 450 4690 (48).
471 4623 571 4690 (VIII).
600 4630 651 4677 Sa
669 4627 736 4676 deest
756 4627 787 4677 G.
861 4627 1076 4691 asupsuuuiam
1097 4626 1129 4675 (ι’.
1210 4627 1243 4676 10
1262 4625 1396 4677 derelicta
1416 4627 1447 4676 G.
1530 4627 1561 4676 13
1581 4627 1676 4674 Omnis
1696 4620 1797 4691 itaque]
1817 4627 1931 4675 omnitu-

277 4733 331 4783 que
352 4711 384 4767 G.
464 4711 572 4778 reniae]
593 4718 686 4767 veniet
707 4717 738 4765 G.
1248 4769 1251 4775 ¹

384 4801 449 4868 (49).
470 4801 587 4868 (villi).
606 4801 683 4868 vill]
703 4805 802 4855 numeri
818 4805 872 4854 sirie
889 4804 961 4854 uncis
979 4804 1005 4854 in
1027 4805 1050 4852 (I
1069 4805 1194 4867 kgprntur.
1270 4805 1301 4855 lt
1321 4805 1386 4868 quia
1405 4798 1437 4867 si]
1457 4805 1518 4868 qais
1539 4803 1572 4854 (l.
1644 4804 1737 4854 abebit
1757 4803 1788 4852 (l.

385 4891 450 4958 (50).
470 4891 526 4958 (Χ)
546 4895 641 4944 VIIII.
671 4897 705 4944 ‘20
725 4889 931 4957 constituendis]
951 4893 1140 4943 construendis
1161 4893 1194 4942 G.

230 5003 259 5042 ω
385 4980 450 5048 (51).
470 4979 540 5046 (xl).
560 4985 593 5033 X.
622 4987 654 5034 24
675 4983 830 5033 ministeriis
852 4979 883 5031 G.
946 4985 979 5032 28
1000 4983 1116 5032 referent
1135 4981 1166 5030 G.
1227 4983 1260 5031 33
1280 4979 1474 5047 multiplicabit
1494 4979 1526 5030 G.
1582 4983 1616 5030 34
1636 4980 1670 5030 ad
1690 4975 1771 5044 hune]
1791 4981 1879 5031 nillruc
1901 4983 1932 5032 G.

277 5069 372 5137 multa]
392 5076 419 5124 in
439 5072 523 5123 multa
544 5073 576 5122 G.

388 5257 417 5322 1)
451 5255 501 5311 Ex
525 5255 687 5329 Spiremaclri
709 5255 825 5312 canalio
848 5255 979 5310 Bouiano
1003 5258 1066 5311 502
1089 5273 1113 5308 c.
1131 5257 1166 5321 3;
1200 5252 1299 5309 ilInnsi
1320 5252 1401 5322 VIII,
1418 5257 1491 5311 266.
1593 5251 1624 5320 2)
1651 5251 1699 5322 Os.
1725 5251 1855 5308 Iulianus
1878 5251 1933 5307 Po-

278 5362 390 5432 mert'us,
414 5362 461 5418 De
484 5363 541 5419 rana
564 5362 779 5437 contenplativa
803 5361 840 5417 II
858 5381 881 5417 c.
900 5365 935 5430 9;
960 5359 1033 5434 Opp.
1060 5358 1198 5434 Prospere·
1219 5378 1288 5433 app.
1307 5363 1356 5418 32.
1427 5359 1457 5428 3)
1484 5357 1533 5430 Cf.
1559 5357 1656 5416 concil.
1689 5358 1850 5416 Toletnnurn
1875 5357 1932 5414 III.

278 5465 430 5548 (nasa)
456 5473 553 5536 c.19‚·
585 5467 685 5526 Marcei
707 5468 761 5536 IX,
787 5471 857 5526 998.
965 5466 996 5535 4)
1027 5466 1076 5521 Ea
1100 5465 1215 5522 caecilio
1246 5465 1379 5522 Toletano
1402 5465 1456 5521 IX.
1482 5459 1528 5540 (a.
1548 5467 1655 5540 655.)‚·
1688 5464 1788 5521 dionei
1810 5464 1864 5534 XI,
1880 5468 1931 5523 25.

231 5600 260 5639 to
280 5571 310 5653 5)
335 5577 386 5634 Ea
409 5576 525 5633 concilio
548 5574 708 5632 Parisiensi
730 5579 793 5633 829
816 5574 862 5630 lit.
880 5573 931 5630 III
952 5593 975 5629 c.
993 5579 1036 5631 22
1058 5566 1166 5647 (napea
1185 5593 1218 5647 p.
1238 5573 1315 5644 677)
1333 5571 1504 5628 :Relatio
1528 5570 1720 5646 episcoporum
1745 5591 1768 5625 r.
1786 5573 1844 5640 57,·
1874 5572 1892 5626 l.
1913 5572 1931 5626 I.

277 5683 319 5752 11,
335 5687 386 5743 48.
486 5683 517 5746 6)
544 5682 594 5738 Ea
617 5682 732 5738 concilio
755 5680 915 5737 Parisiensi
937 5684 1000 5738 829
1023 5679 1068 5735 lit.
1086 5679 1139 5735 III
1157 5701 1180 5735 c.
1198 5683 1240 5738 23
1263 5674 1370 5753 (scama
1387 5698 1421 5752 p.
1440 5673 1528 5747 677),
1559 5677 1685 5733 adtonita
1716 5676 1853 5734 calcatione
1876 5677 1933 5752 epi-

276 5809 424 5864 scoporum
448 5809 472 5846 c.
489 5794 548 5857 5e;
572 5790 590 5845 1.
610 5790 628 5844 l.
654 5788 694 5856 ΙΙ,
711 5793 763 5847 48.
845 5787 875 5856 l)
902 5786 952 5842 Er
975 5785 1090 5842 canalio
1116 5785 1274 5842 Parisr'ensi
1296 5789 1358 5843 829
1381 5783 1427 5840 lib.
1445 5783 1498 5839 III
1516 5804 1538 5839 c.
1556 5789 1597 5842 23
1620 5777 1728 5858 (supra
1746 5803 1779 5858 p.
1801 5779 1932 5860 677sq.)

278 5918 320 5945 =
347 5896 461 5952 Relatio
484 5896 675 5971 episcoporum
700 5915 724 5950 c.
741 5899 799 5962 59;
823 5895 841 5950 l.
857 5895 875 5949 I.
901 5893 942 5962 II,
959 5897 1053 5969 dSsq.
