4884 6717
691 505 743 560 44.
780 503 998 560 CONCILIUM
1021 503 1249 560 PARISIENSE
1273 505 1310 561 Α.
1331 504 1406 561 825.
1811 497 1877 560 505

221 722 288 759 ernr
304 704 460 758 sitientium
475 702 549 770 fons,
566 720 633 756 crux
645 703 784 756 nudorum
799 702 949 773 protectio.
986 702 1152 757 Nuditatem
1167 706 1264 756 autem
1279 720 1342 755 eum
1354 702 1463 770 dixero,
1478 719 1534 756 nou
1550 719 1716 773 corpoream
1731 702 1876 768 aestimes,

221 812 273 867 sed
297 809 473 865 infidelitatis
496 829 550 881 per
572 827 708 881 poenam3
734 827 797 862 cum
820 816 916 865 antem
940 808 968 862 in
992 807 1134 862 Christum
1158 809 1324 875 crediderit,
1348 809 1469 863 vestitus
1492 809 1665 864 invenietur.

328 924 487 988 LXXIII.
523 924 605 987 Item
621 916 825 1008 Augustinus
845 923 877 987 in
902 921 984 986 libro
1001 922 1114 986 XXII.
1139 922 1180 986 de
1205 924 1337 987 civitate
1354 923 1436 987 Dei:
1460 928 1515 987 1n¹
1540 933 1692 1005 Cartagine
1709 935 1877 991 innocentia

221 1041 431 1112 religiosissima
453 1041 558 1096 femina
581 1041 616 1094 de
641 1039 779 1111 primariis
802 1039 889 1110 ipsius
913 1039 1036 1093 civitatis
1059 1040 1088 1093 iu
1111 1039 1233 1094 mamilla
1256 1058 1387 1094 eancmm
1417 1039 1553 1096 habebat.
1601 1041 1691 1095 Huius
1715 1043 1813 1110 morbi,
1844 1051 1876 1096 nt

185 1165 199 1206 s
222 1148 329 1214 ferunt,
352 1149 440 1202 onrnis
464 1147 623 1202 omittenda
647 1154 691 1201 est
715 1146 833 1200 curatio.
869 1146 950 1200 Haec
973 1145 1022 1200 illa
1041 1147 1168 1218 aperito
1192 1147 1302 1202 medico
1325 1155 1478 1217 acceperat
1502 1152 1533 1201 et
1556 1148 1592 1201 ad
1616 1148 1705 1202 solum
1728 1149 1820 1203 Deum
1843 1168 1875 1206 se

221 1256 326 1310 orando
350 1262 541 1310 converterat.
584 1254 763 1307 Admouetur
785 1252 813 1306 iu
837 1253 939 1306 somnis
957 1253 1166 1324 propinquante
1185 1253 1305 1319 Pascha,
1329 1261 1360 1306 ut
1380 1254 1407 1307 in
1426 1260 1510 1324 parte
1530 1254 1696 1309 feminarum
1714 1255 1875 1310 observanti

221 1363 257 1416 ad
288 1361 497 1432 baptisterium,
528 1377 725 1430 quaecumque
756 1358 795 1412 illi
819 1358 965 1429 baptizata
994 1359 1123 1429 primitus
1152 1360 1330 1426 occurrisset,
1361 1360 1487 1431 signaret
1510 1361 1536 1415 ei
1559 1361 1651 1415 locum
1681 1362 1762 1433 signo
1785 1363 1876 1417 erucis

222 1466 342 1522 Christi:
367 1467 454 1532 feeit3
487 1466 636 1521 confestim
659 1466 764 1520 sanitas
788 1471 941 1519 consecuta
965 1475 1019 1520 est.

328 1581 505 1646 LXXIIII.
528 1579 696 1651 ,Sedulius
720 1582 754 1644 in
778 1593 893 1667 quarto
917 1578 1001 1644 libre
1025 1579 1189 1667 paschalis
1214 1581 1383 1644 carminis:

596 1693 677 1752 Pax²
699 1698 789 1752 erucis
812 1699 872 1769 ipsc
897 1698 961 1763 fuit,
986 1697 1168 1768 violentaque
1193 1698 1294 1752 robore
1317 1697 1449 1752 niesnbris

597 1804 754 1859 Inlustrans
777 1806 896 1875 propriis
919 1822 1039 1875 poenam
1062 1805 1178 1858 vestivit
1201 1804 1317 1870 honore,

596 1910 828 1982 suppliciumque
852 1911 933 1965 dedit
957 1911 1066 1982 signum
1089 1910 1177 1981 magis
1202 1929 1265 1965 esse
1289 1910 1398 1976 salutis,

594 2018 718 2089 Ipsaque
744 2017 922 2071 sanctificans
945 2017 972 2070 iu
997 2035 1027 2072 se
1051 2024 1194 2072 tonnenta
1217 2018 1324 2072 beavit.

595 2125 677 2180 Neue
701 2124 764 2195 quis
787 2125 898 2194 ignoret
921 2124 1046 2194 speeiem
1070 2124 1159 2177 criseis
1184 2143 1247 2178 esse
1272 2124 1430 2190 colendam,

597 2229 679 2295 Quae
703 2231 854 2285 Dominum
877 2231 1001 2301 portavit
1025 2248 1122 2296 ousiis,
1146 2231 1255 2286 ustione
1279 2232 1402 2302 potenti,

596 2336 738 2401 Quattuor
761 2337 827 2392 inde
851 2337 950 2408 plagas
975 2338 1106 2408 quadrati
1130 2337 1238 2409 colligit
1261 2338 1346 2392 orbis.

597 2443 771 2515 Splendidus
794 2444 915 2498 auctoris
939 2444 975 2498 de
999 2445 1106 2499 uertice
1129 2443 1223 2515 fulget
1247 2445 1333 2510 Eous,

598 2549 724 2608 Occiduo
747 2568 844 2605 sacrae
868 2551 1030 2605 larubuntur
1052 2550 1144 2605 sidere
1169 2551 1296 2621 plautae,

597 2656 703 2712 Arcton
728 2659 828 2713 dextra
850 2664 943 2724 tenet,
968 2658 1090 2712 medinm
1114 2662 1179 2712 lere
1201 2658 1322 2729 subrigit
1345 2676 1436 2725 axem,

598 2763 765 2835 Cunctaque
790 2767 825 2820 de
849 2764 981 2821 membris
1004 2764 1073 2817 sirit
1096 2772 1197 2818 natura
1220 2766 1354 2830 creantis,

598 2870 636 2924 Et
661 2888 743 2925 cruce
768 2871 943 2942 complexum
967 2869 1095 2924 Christus
1119 2870 1193 2940 regit
1217 2870 1342 2941 undique
1367 2871 1510 2924 rutundum.

330 2986 469 3051 LXXV.
505 2986 587 3051 Item
611 2984 768 3050 Paulinus
792 2985 825 3048 in
849 2983 930 3049 libro
954 2985 1047 3049 VIII.
1073 2983 1190 3048 natalis
1214 2982 1353 3048 Felicis:

597 3097 677 3157 Nos³
700 3102 789 3157 erucis
813 3102 935 3156 inuictae
959 3103 1068 3173 signum
1093 3109 1121 3156 et
1146 3101 1287 3156 confessio
1310 3102 1408 3167 nruuit,

598 3209 766 3281 Armatique
791 3210 854 3264 Deo
879 3215 1020 3276 mentem3
1045 3227 1100 3263 nou
1125 3208 1284 3279 quaerimus
1307 3226 1384 3262 arma

599 3313 746 3386 Corporis,
772 3322 802 3370 et
826 3332 995 3386 quamquam
1019 3315 1149 3369 membris
1173 3316 1320 3370 videamur
1342 3315 1474 3381 inemrcs,

598 3423 685 3477 Arma
709 3429 804 3477 tamen
826 3422 959 3492 gerimus,
986 3421 1087 3492 quibus
1112 3429 1141 3474 et
1165 3423 1218 3477 sub
1242 3441 1313 3492 pace
1337 3440 1440 3476 serena

599 3527 706 3584 Contra
728 3530 907 3598 incorporeos
930 3528 1028 3582 animis
1052 3528 1229 3582 decernimus
1253 3528 1360 3582 hostes.

331 3643 487 3708 LXXVI.
524 3643 607 3708 Item
630 3642 715 3707 idom
740 3644 773 3706 in
798 3640 881 3706 libro
906 3641 966 3705 X.:

599 3755 686 3831 lpse*
710 3760 821 3814 douram
844 3776 974 3813 remeans
997 3759 1145 3824 modicum,
1170 3759 1221 3812 sed
1245 3759 1353 3830 grande
1377 3758 1462 3813 saluti

599 3867 645 3920 De
670 3867 758 3920 criseis
782 3873 918 3921 aeternae
942 3872 1084 3936 sumptum
1107 3864 1172 3918 mihi
1196 3864 1333 3936 fragmine
1357 3865 1464 3936 liguum

600 3973 700 4027 Promo
722 3981 882 4043 tenensque
906 3989 990 4026 manu
1012 3973 1139 4026 adversis
1162 3972 1260 4043 procul
1284 3972 1382 4042 ingero
1405 3971 1533 4038 flarnmis,

599 4079 639 4135 Ut
664 4080 784 4152 clipeum
808 4080 936 4134 retinens
959 4097 1010 4151 pro
1033 4087 1163 4152 pectore,
1189 4096 1244 4149 quo
1269 4087 1397 4148 tegerem
1420 4097 1465 4132 mc

598 4187 792 4258 Arceremque
815 4188 926 4242 hostem
950 4186 1053 4241 collato
1076 4188 1197 4242 umbone
1221 4185 1344 4240 relisum.

599 4293 716 4348 Credite
741 4313 794 4350 uec
818 4296 922 4350 donate
946 4294 1013 4348 mihi
1037 4303 1067 4347 et
1090 4294 1202 4347 reddite
1229 4291 1341 4347 Christo

599 4400 704 4456 Grates
724 4408 753 4455 et
777 4401 866 4455 iustas
890 4402 957 4455 date
980 4399 1080 4454 laudes
1103 4400 1307 4470 omnipotenti3

600 4507 705 4562 Nostra
728 4512 803 4562 salus
828 4507 932 4562 etenim
956 4507 984 4561 in
1008 4525 1090 4561 eruee
1115 4505 1219 4561 Christi
1245 4514 1273 4560 et
1299 4507 1409 4560 niunine
1433 4513 1555 4572 constet,

599 4613 669 4668 Inde
694 4613 766 4668 fides
789 4615 871 4669 nobis
896 4621 925 4669 et
949 4615 977 4667 in
1000 4613 1052 4668 hac
1076 4631 1159 4666 cruce
1183 4615 1250 4668 nixa
1271 4614 1378 4685 perit-lo

599 4721 721 4786 Profuit,
747 4727 776 4774 et
799 4728 922 4775 nostram
945 4721 1076 4792 cognouit
1099 4719 1211 4774 fluimus
1233 4720 1365 4776 salutem.

601 4827 662 4882 Nee
686 4846 750 4883 mea
772 4846 825 4881 vox
848 4835 896 4882 aut
921 4827 1021 4881 dextra
1043 4826 1131 4893 illum,
1155 4827 1207 4880 scd
1232 4827 1273 4880 vis
1297 4827 1387 4880 erucis
1411 4827 1505 4898 ignem

599 4934 715 4988 Terruit
739 4935 825 5005 inque
849 4933 921 5000 loeo,
946 4933 982 4988 de
1007 4950 1063 5004 quo
1086 4940 1246 4987 surrexerat
1271 4934 1343 5005 ipso,

333 5160 460 5213 LXXIII.
489 5154 568 5224 3111]
587 5161 658 5224 Aug.
676 5159 704 5210 iu
723 5177 802 5224 usurp.
823 5159 853 5209 P.
927 5153 1002 5223 dut]
1022 5166 1049 5208 et
1068 5158 1099 5209 Ρ.
1172 5160 1349 5210 observantia
1368 5159 1399 5209 P.
1472 5161 1614 5222 isignum
1634 5157 1665 5208 P.

333 5250 480 5299 LXXIIII.
511 5250 543 5298 10
562 5244 630 5311 Pax]
652 5247 757 5300 Sedulii
775 5248 803 5299 iu
821 5266 900 5315 uturp.
921 5247 951 5298 P.

333 5337 441 5388 LXXV.
469 5341 502 5388 23
522 5333 588 5399 Nos]
610 5338 677 5387 Pau.
697 5338 724 5388 iu
742 5355 822 5402 aurp.
842 5337 872 5388 P.

333 5427 457 5477 LXXVI.
486 5429 520 5478 29
540 5421 616 5493 Ipse]
634 5427 701 5478 Pau.
720 5425 748 5476 iu
766 5444 845 5493 marg.
865 5426 897 5477 P.
970 5427 1004 5477 32
1024 5419 1071 5490 L't]
1092 5426 1126 5476 Et
1145 5425 1176 5476 P.

181 5670 210 5712 45
339 5643 367 5714 l)
393 5643 572 5721 Augustinus,
597 5642 643 5698 Ile
665 5642 776 5700 civitate
799 5642 857 5699 Dei
878 5642 975 5700 XXII
993 5662 1016 5700 e.
1035 5647 1056 5702 8
1078 5635 1102 5720 ἕ
1116 5646 1151 5711 I;
1177 5641 1252 5717 Opp.
1276 5641 1339 5712 VII,
1361 5647 1432 5700 665.
1530 5641 1561 5710 2)
1587 5643 1725 5712 uomens,
1752 5641 1880 5701 Carraria.

228 5751 273 5811 lib.
296 5752 324 5808 V
341 5771 368 5809 o.
385 5754 562 5820 184-95;
587 5751 662 5824 epp.
678 5750 722 5806 ed.
739 5749 952 5809 Hucmer128.
1023 5749 1054 5818 3)
1078 5748 1218 5806 Paulinus
1234 5748 1374 5818 Nolanus,
1400 5747 1523 5806 eumen
1539 5748 1650 5805 XXVI
1668 5753 1882 5820 υ.106-10;

229 5856 303 5934 opp.
328 5859 371 5914 eu.
396 5857 502 5914 nami
522 5856 563 5927 11,
580 5861 652 5915 250.
746 5853 776 5924 4)
801 5855 876 5912 ma
901 5855 1044 5913 rrum
1062 5875 1088 5912 s.
1106 5857 1281 5914 irs-37:
1305 5855 1323 5910 ι.
1347 5856 1365 5911 ι.
1390 5854 1431 5925 11,
1448 5859 1564 5932 asssq.

282 5973 482 6016 massera-n
1631 5978 1665 6026 64
