4884 6717
735 505 786 560 46.
823 504 1039 561 CONCILIUII
1065 505 1265 560 ROIIANUM
1289 505 1326 560 A.
1348 504 1422 561 826.
1839 499 1902 562 565

595 694 706 772 (Vr).
1469 693 1545 776 (u.

298 800 338 863 V.
374 799 419 863 Ut
442 800 589 885 episcopi
613 812 705 862 extra
729 799 893 884 propriam
921 800 1051 885 provin·
1152 800 1192 861 V.
1230 799 1281 861 De
1312 797 1525 863 custodienda
1555 799 1668 885 regula
1692 802 1850 865 canonica
1872 802 1905 865 in

253 908 337 970 ciam
360 928 424 969 non
449 919 623 970 morentur.
1108 906 1266 969 electione
1291 917 1324 970 et
1347 905 1549 970 ordinatione
1574 906 1811 993 episcoporum.

299 1012 355 1075 VI.
392 1011 458 1076 Ubi
482 1011 592 1077 elerici
617 1014 794 1076 consistere
819 1009 969 1075 debeant.
1152 1013 1209 1075 VI.
1247 1011 1291 1076 Ut
1322 1013 1492 1099 episcopus
1523 1024 1617 1077 extra
1644 1015 1808 1100 propriam
1833 1037 1904 1100 par·

216 1144 229 1183 s
1108 1119 1273 1182 recchiaru
1289 1117 1373 1182 ultra
1389 1121 1546 1184 canonice
1562 1121 1689 1184 statutis
1706 1118 1821 1185 diebus
1840 1143 1905 1184 non

1108 1227 1273 1290 consistat.

299 1332 373 1396 VII.
410 1333 462 1397 De
488 1331 712 1398 sacerdotibus
735 1335 769 1396 in
794 1330 949 1396 subiectis
973 1330 1052 1417 bap·
1154 1332 1228 1395 VII.
1253 1331 1306 1396 De
1324 1334 1570 1396 conversatione
1585 1332 1799 1398 etdomorum
1815 1332 1905 1398 habi-

255 1438 435 1504 tismalibus
459 1439 611 1526 plebibus
636 1438 880 1504 constituendis.
1107 1440 1228 1502 tatione
1253 1439 1455 1503 clericorum.

299 1546 391 1610 VIII.
428 1547 472 1612 Ut
503 1545 613 1610 elerici
644 1569 709 1610 non
740 1545 811 1631 plus
842 1568 939 1631 quam
964 1545 1051 1609 sufli-
1152 1545 1245 1609 VIII.
1280 1545 1333 1609 De
1358 1545 1581 1610 sacerdotibus
1604 1546 1638 1609 in
1658 1545 1905 1633 baptismalibus

210 1677 236 1716 ιο
255 1653 320 1716 ciat
343 1652 541 1717 ordinentur.
1107 1652 1234 1716 eclesiis
1259 1652 1489 1717 custodiendis.

299 1760 409 1824 VIIII.
444 1760 497 1824 De
521 1757 756 1838 sacerdotibus,
788 1760 900 1844 quiin
925 1758 1052 1823 eclesiis
1152 1758 1262 1823 VIIII.
1298 1759 1343 1824 Ut
1373 1758 1484 1823 clerici
1514 1782 1579 1823 uon
1610 1759 1682 1845 plus
1714 1782 1811 1846 quam
1840 1759 1905 1824 sul-

254 1865 307 1930 vel
331 1867 534 1930 monasteriis
557 1889 623 1930 non
647 1864 802 1929 habitant.
1107 1865 1174 1929 ficit
1197 1864 1396 1929 ordinentur.

299 1972 342 2036 X.
378 1973 423 2037 Ut
452 1974 485 2036 in
516 1971 675 2058 eligendis
705 1973 866 2057 episcopis
892 1994 1051 2036 canonum
1151 1972 1194 2035 X.
1230 1972 1283 2036 De
1307 1971 1541 2052 sacerdotibus,
1565 1972 1622 2059 qui
1645 1973 1678 2036 in
1703 1972 1830 2037 eclesiis
1853 1972 1906 2037 vel

254 2079 367 2165 regula
390 2077 589 2144 observetur.
1107 2079 1311 2143 monasteriis
1334 2102 1399 2143 non
1423 2077 1580 2143 habitant.

210 2210 236 2250 rs
303 2188 390 2264 (l'1.
417 2188 471 2271 B).
516 2186 576 2250 XI.
612 2185 657 2250 Ut
680 2184 831 2249 sacerdos
856 2207 919 2248 non
944 2184 1053 2271 aliquo
1153 2185 1212 2248 XI.
1257 2185 1310 2250 De
1343 2185 1419 2250 ludo
1452 2209 1472 2249 a
1504 2185 1729 2250 sacerdotibus
1762 2209 1827 2250 uon
1860 2187 1905 2251 fa·

256 2292 332 2356 ludo
357 2292 544 2358 delectetur.
1109 2292 1236 2355 ciendo.

299 2399 378 2464 XII.
413 2399 466 2463 De
479 2398 713 2480 sacerdotibus,
731 2399 787 2484 qui
804 2398 920 2462 officiis
937 2398 1053 2462 adesse
1152 2398 1231 2462 XII.
1266 2398 1312 2463 Ut
1342 2399 1528 2464 sacerdotes
1558 2397 1672 2463 fenera
1701 2398 1754 2463 vel
1784 2401 1907 2464 rustica

255 2505 384 2570 dehent.
1108 2505 1288 2569 ministeria
1311 2528 1374 2568 nen
1399 2517 1586 2570 exerceant.

301 2611 395 2676 XIII.
431 2612 466 2678 Si
491 2611 676 2677 sacerdotes
696 2614 915 2677 testimonium
932 2611 1052 2679 dicant.
1152 2611 1248 2675 XIII.
1283 2612 1336 2676 De
1359 2613 1543 2676 testimonio
1567 2612 1782 2677 sacerdotum.

210 2745 237 2784 ro
301 2719 413 2783 XIIII.
448 2718 514 2784 Ubi
546 2718 731 2784 sacerdotes
763 2730 837 2805 post
860 2718 1053 2784 condemna·
1152 2718 1265 2782 XIIII.
1304 2717 1369 2783 Ubi
1409 2719 1611 2783 sacerdotem
1646 2730 1719 2805 post
1754 2718 1905 2783 condem-

256 2829 375 2891 tionem
400 2849 471 2890 esse
495 2837 631 2912 oportet.
1106 2827 1271 2890 nationem
1295 2847 1367 2889 esse
1391 2835 1526 2911 eportet.

302 2933 376 2997 XV.
412 2933 464 2997 Ile
489 2934 648 3019 suspectis
672 2931 908 2996 sacerdotibus.
1153 2931 1228 2995 XV.
1264 2931 1316 2995 De
1347 2932 1506 3018 suspectis
1537 2930 1760 2996 sacerdotibus
1784 2932 1835 2997 vel
1859 2933 1904 2997 fe-

1107 3039 1213 3102 minis.

301 3146 392 3210 XVI.
429 3146 474 3210 Ut
490 3146 652 3232 episcopis
669 3145 708 3209 de
727 3143 882 3209 subiectis
901 3143 1053 3233 plebibus
1152 3145 1245 3209 XVI.
1280 3144 1332 3209 De
1363 3142 1461 3209 rebus
1490 3167 1555 3208 non
1586 3145 1772 3211 auferendis
1796 3169 1816 3211 a
1838 3146 1905 3233 ple·

210 3277 237 3317 rs
256 3252 393 3339 aliisque
418 3254 571 3340 piissimis
594 3252 674 3316 locis
706 3275 769 3316 non
793 3251 890 3316 liceat
914 3251 1051 3320 auferre.
1107 3250 1203 3315 bibus
1226 3250 1280 3315 vel
1303 3249 1345 3315 ab
1369 3250 1440 3315 aliis
1464 3252 1526 3338 piis
1550 3251 1640 3316 locis.

301 3360 410 3424 XVII.
446 3360 498 3424 De
529 3358 738 3446 presbyteris,
770 3360 826 3445 qui
856 3357 1052 3423 oblationem
1151 3358 1262 3422 XVII.
1304 3358 1356 3422 De
1392 3356 1591 3444 presbiteris,
1627 3360 1682 3446 qui
1717 3382 1776 3446 pro
1811 3361 1906 3424 unius

256 3466 388 3532 alterius
412 3467 576 3551 suscipere
600 3465 722 3530 uolunt.
1108 3464 1270 3529 oblatione
1294 3464 1426 3529 alterius
1449 3465 1596 3551 recipere
1619 3465 1742 3530 nolunt.

301 3572 428 3637 XVIII.
464 3572 538 3653 Qua
571 3595 606 3636 re
637 3583 692 3636 aut
722 3572 913 3636 auctoritate
945 3570 1053 3634 dimis·
1151 3570 1280 3636 XVIII.
1319 3571 1371 3635 De
1410 3573 1601 3636 auctoritate
1644 3571 1823 3639 litterarum
1859 3572 1905 3637 di-

257 3681 361 3745 soriae
385 3679 464 3743 fiant
487 3689 543 3743 aut
566 3678 748 3743 ereduntur.
1108 3680 1339 3743 missoriarum.

211 3810 238 3850 so
301 3785 445 3850 XVIIII.
481 3785 526 3850 Ut
546 3786 690 3871 episcopi
715 3786 923 3870 universique
948 3807 1053 3849 sacer·
1153 3784 1296 3848 XVIIII.
1333 3785 1378 3851 Ut
1397 3785 1542 3871 episcopi
1566 3786 1776 3872 universique
1801 3809 1905 3851 sacer·

257 3893 348 3958 dotes
372 3891 514 3957 habeant
537 3892 723 3956 advocatos.
1109 3890 1200 3954 dotes
1224 3890 1367 3956 habeant
1389 3891 1576 3956 advocatos.

303 4000 380 4064 XX.
416 4000 468 4064 De
503 3999 570 4080 his,
606 4000 661 4085 qui
697 3997 873 4063 advocates
907 3999 1053 4062 invenire
1153 3997 1231 4061 XX.
1267 3997 1320 4062 De
1355 3997 1421 4080 his,
1457 4000 1512 4085 qui
1547 3999 1724 4063 advocatos
1759 4000 1906 4064 invenire

257 4118 433 4194 nequeunt.
1110 4115 1285 4190 nequeunt.

304 4213 398 4278 XXI.
433 4213 485 4277 De
510 4213 705 4277 monasterio
722 4210 774 4274 vel
792 4212 942 4293 oratorio,
967 4210 1054 4297 quod
1154 4210 1248 4274 XXI.
1294 4210 1347 4275 De
1385 4213 1581 4275 monasterio
1619 4211 1672 4275 vel
1713 4214 1853 4277 oratorio
1887 4236 1907 4276 a

213 4343 240 4383 aa
258 4344 278 4385 a
302 4321 433 4407 proprio
458 4319 587 4383 domino
612 4317 672 4382 soli
695 4317 902 4383 aedificatum
927 4329 985 4382 est.
1110 4318 1240 4402 proprio
1265 4316 1395 4381 domino
1419 4329 1614 4382 constructo.

303 4426 414 4492 XXII.
450 4425 503 4490 Dc
538 4426 705 4489 invasione
741 4425 834 4510 quasi
868 4447 927 4511 pro
963 4437 1054 4511 parte
1154 4422 1266 4487 XXII.
1301 4423 1353 4487 De
1384 4425 1552 4488 invasione
1577 4448 1685 4490 rerum
1709 4425 1906 4490 aeclesiasti-

258 4534 398 4600 eelesiae
421 4531 518 4597 facts.
1110 4552 1220 4593 carum
1245 4552 1265 4593 a
1289 4529 1477 4595 custodibus
1501 4530 1597 4595 lacta.

302 4639 433 4704 XXIII.
468 4639 520 4703 De
554 4637 767 4702 xenodochiis
799 4648 831 4701 ct
865 4636 937 4701 aliis
968 4638 1054 4701 simi·
1154 4635 1283 4700 XXIII.
1319 4636 1371 4701 De
1403 4637 1606 4702 senodochiis
1634 4649 1666 4702 et
1697 4637 1768 4703 aliis
1796 4638 1905 4703 simili·

259 4746 343 4812 libua
367 4746 457 4811 locis.
1109 4740 1171 4806 bus
1194 4742 1284 4807 locis.

213 4876 240 4914 ω
303 4852 449 4918 XXIIII.
485 4853 537 4916 Ile
561 4853 623 4938 piis
646 4851 735 4932 locis,
766 4872 848 4937 quae
873 4852 942 4914 sine
966 4873 1054 4937 pres·
1155 4849 1302 4918 XXIIII.
1336 4850 1390 4914 De
1414 4850 1542 4916 eclesiis
1559 4851 1610 4915 vel
1630 4852 1693 4938 piis
1709 4851 1798 4932 locis,
1823 4874 1907 4938 quae

259 4959 383 5047 hyteris
406 4961 559 5024 existunt.
1111 4957 1180 5020 sine
1203 4955 1392 5043 presbiteris
1416 4958 1568 5022 existunt.

303 5249 532 5316 Ibapthnalibus
553 5249 605 5297 ΓΙ.
661 5248 902 5298 9aulliciuntl'1.
960 5249 991 5297 13
1009 5241 1085 5297 eli·'
1156 5248 1301 5311 spropria
1320 5247 1482 5312 parroechia
1502 5248 1534 5297 G.
1614 5250 1648 5299 30
1666 5249 1854 5313 universisque
1875 5248 1907 5298 G.

258 5335 364 5406 gendis]
385 5339 447 5405 lega
468 5337 582 5388 latendis
603 5337 655 5387 1'1.
732 5340 762 5386 14
783 5330 951 5399 observetur]
971 5352 1055 5385 reaer·
1083 5315 1085 5334 Ι
1111 5337 1145 5385 38
1163 5334 1336 5385 senedochiis
1357 5335 1390 5385 0.

259 5437 357 5480 ventur
376 5428 429 5478 VI.
516 5431 547 5477 18
567 5420 676 5490 debent]
697 5433 725 5475 nt
745 5426 865 5475 foenoris
884 5424 989 5489 aliquid
1008 5431 1057 5474 aut

213 5531 241 5572 ὥ
260 5520 362 5568 rustico
381 5518 531 5568 ministeria
550 5533 604 5567 uon
627 5522 772 5566 exerceant
794 5513 855 5563 add·
874 5513 899 5563 B
923 5511 956 5574 (u.
976 5513 1020 5563 col.
1041 5517 1057 5561 2

259 5609 275 5658 t
298 5605 395 5672 Neq).
472 5608 502 5657 21
524 5613 650 5670 oporteat
669 5604 701 5654 B.
782 5605 815 5653 24
836 5604 983 5668 episcopua
1003 5602 1056 5651 Vr.

1082 5489 1084 5520 l

259 5699 293 5747 28
330 5703 379 5745 aut
415 5689 591 5756 auctoritate}
633 5701 722 5744 autem
763 5694 955 5743 auctoritatem
993 5690 1017 5738 l*
1033 5695 1056 5738 1.

259 5789 292 5835 34
312 5785 505 5836 monasterium
526 5784 578 5832 ΓΙ.
654 5783 802 5832 oratorium
822 5781 876 5830 l'1.
955 5780 987 5830 st
1008 5794 1053 5828 ec-

259 5873 360 5924 clesiae
379 5872 413 5923 B.
485 5874 519 5922 40
538 5865 617 5937 quae]
637 5872 683 5937 qui
703 5870 736 5920 B.
