4884 6717
512 519 576 582 754
931 526 984 582 56.
1020 525 1239 584 CONCILIUM
1262 526 1591 591 AQUISGRANENSE
1614 527 1652 582 A.
1674 526 1749 581 836.

404 731 493 826 plns&
618 715 700 798 (59).
726 713 821 777 XXI.
857 713 961 800 lpitar
985 729 1060 800 post
1081 717 1182 800 finem
1206 716 1329 779 dierum
1353 740 1406 802 epo
1430 715 1721 780 Nabuchodonosor
1744 716 1849 779 ocrrlos
1872 740 1955 779 areos
1978 715 2023 779 ad
2045 715 2165 779 caelum

510 821 617 884 leuari
638 835 666 884 et
686 845 794 884 serastes
816 845 903 884 meus
926 821 1069 884 redditus
1093 836 1137 885 est
1158 824 1242 886 anibi
1263 837 1291 887 ct
1312 824 1468 886 altissimo
1491 822 1642 886 benedici
1662 836 1690 885 et
1712 824 1862 885 rt'rentem
1888 824 1920 885 in
1943 824 2164 907 senzpiternarn

510 927 647 990 laudari
660 941 689 990 et
699 928 892 1014 plorijieact‘,
916 930 992 1012 qaia
1006 931 1143 1012 potestas
1160 932 1228 992 eins
1238 943 1377 1015 potestas
1391 932 1581 1015 sempiterna
1598 943 1626 992 et
1640 953 1768 1014 reanum
1785 931 1853 991 eins
1870 931 1904 992 in
1916 932 2116 1014 ueneratione
2139 943 2168 991 et

507 1036 747 1120 qeneratr'onern.
796 1034 839 1097 Et
868 1058 972 1097 omnes
1002 1035 1191 1100 habitatores
1221 1050 1324 1099 terrae
1354 1036 1444 1122 aprtd
1472 1061 1541 1099 erem
1567 1038 1598 1099 in
1622 1036 1759 1099 nihilum
1783 1038 1923 1121 reputati
1943 1050 2022 1099 sunt.
2071 1035 2165 1098 irrata

511 1142 696 1204 saluritatem
722 1143 804 1203 em'm
828 1166 918 1203 snam
934 1142 1027 1228 facit
1048 1155 1109 1204 tam
1138 1145 1170 1205 in
1194 1145 1361 1206 uirtutibus
1385 1143 1469 1206 caeli
1490 1167 1583 1227 qaam
1609 1145 1643 1205 in
1666 1142 1895 1206 habitatoribus
1918 1156 2030 1222 terrae,
2055 1156 2084 1206 et
2104 1166 2198 1206 nona

510 1261 555 1310 est
577 1249 636 1331 qni
656 1249 781 1310 resistat
811 1250 923 1310 rnanat'
949 1250 1016 1310 eius
1046 1263 1073 1311 et
1104 1249 1190 1312 (licat
1213 1253 1261 1312 ei:
1294 1253 1399 1326 linare
1422 1250 1562 1336 fecesti?
1608 1248 1646 1311 In
1680 1251 1748 1333 s'pso
1779 1262 1914 1333 ternpore
1943 1272 2052 1311 sensus
2081 1273 2167 1312 mats

510 1378 654 1416 resersus
677 1367 721 1416 est
742 1354 788 1416 ad
809 1377 857 1416 rae
880 1368 908 1416 et
930 1354 976 1417 ad
997 1355 1142 1417 honorem
1168 1358 1261 1441 rapiti
1280 1359 1345 1419 arei
1366 1356 1567 1440 decoremque
1594 1357 1730 1440 parnieni
1750 1368 1779 1418 et
1799 1357 1911 1440 fiana
1942 1378 2010 1418 mea
2041 1379 2167 1419 reuma

511 1475 555 1524 est
577 1460 622 1522 ad
644 1484 709 1540 me,
732 1475 760 1523 et
782 1463 946 1545 optimates
969 1463 1033 1524 mei
1054 1476 1081 1524 et
1104 1465 1306 1548 rnapistratns
1331 1465 1394 1526 mei
1414 1465 1627 1547 requisierunt
1648 1486 1696 1525 are
1719 1476 1748 1524 st
1766 1464 1801 1525 in
1818 1485 1910 1547 rayno
1926 1485 1992 1525 meo
2009 1464 2167 1526 restitnats

511 1591 598 1644 snos,·
628 1580 656 1629 et
685 1569 920 1652 rnapnijicentia
948 1593 1016 1630 mea
1047 1570 1186 1653 aniplior
1215 1569 1330 1632 addita
1358 1584 1402 1632 est
1424 1570 1511 1632 mibi.
1559 1568 1654 1631 Nunc
1680 1570 1776 1654 igitur
1799 1592 1853 1654 epo
1876 1567 2167 1632 Nabuchodonosor

512 1674 609 1737 lando
633 1687 661 1738 et
683 1675 850 1758 mapnifico
874 1688 903 1736 et
927 1675 1073 1759 glorifico
1103 1699 1204 1760 repam
1236 1676 1336 1756 caeli,
1366 1678 1443 1760 qnia
1474 1677 1579 1738 omnia
1611 1699 1708 1760 opera
1738 1677 1806 1738 eius
1837 1699 1911 1738 cera
1941 1689 1970 1739 et
1999 1678 2069 1738 stiae
2099 1677 2167 1737 eins
2186 1699 2211 1737 ru

512 1780 636 1844 indicia
667 1793 695 1842 et
721 1780 902 1863 prosilientes
934 1783 966 1843 in
989 1783 1139 1865 superbia
1164 1796 1277 1866 potens
1301 1797 1345 1845 est
1367 1783 1546 1846 humiliare.
1595 1778 1739 1844 Calicem
1763 1791 1934 1865 praetcrea
1957 1780 2074 1844 furoris
2098 1779 2165 1843 Do·

371 1901 491 1994 ⁶¹⁴2}⁰{{¹¹¹·
512 1886 601 1965 mini,
633 1886 688 1970 qui
713 1884 892 1948 secundum
923 1887 1112 1949 vaticinium
1138 1887 1324 1950 Hieremiae
1355 1887 1533 1973 prophetae
1562 1887 1753 1973 propinatus
1784 1895 1834 1950 est
1856 1885 2018 1971 gentibue,
2051 1886 2165 1950 adver-

423 1984 429 2005 ’
467 1985 472 1996 '
512 1990 659 2056 sontibus
694 1991 848 2054 videlieet
875 1992 1077 2055 israhelitico
1114 1991 1234 2078 populo
1270 2003 1302 2056 et
1333 2016 1352 2056 a
1382 2004 1575 2057 testamento
1606 1994 1671 2057 Dei
1700 1994 1814 2079 procul
1845 1994 1989 2074 secretis,
2025 1991 2166 2056 eundem

513 2097 815 2162 Nabuchodonosor
837 2100 870 2161 in
894 2109 1072 2162 memorata
1096 2098 1280 2163 abiectione
1305 2099 1450 2186 plerique
1475 2098 1597 2163 bibisse
1621 2099 1829 2164 arbitrantur.
1870 2099 1966 2164 Unde
1989 2099 2109 2185 legitur
2132 2100 2166 2162 in

382 2231 495 2282 assas.
513 2205 680 2268 Hieremia
710 2205 886 2290 propheta:
924 2206 966 2268 Et
992 2221 1068 2292 post
1096 2233 1146 2270 eas
1177 2209 1259 2271 bibet
1289 2207 1413 2272 Sesarh.
1463 2207 1584 2270 Sesaeh
1616 2208 1701 2270 enim
1732 2205 2034 2270 Nabuchodonosor
2064 2205 2165 2270 fuisse
2186 2230 2211 2269 rs

513 2310 682 2375 doctores¹
713 2313 815 2375 nostri
845 2311 1046 2397 intellegunt.
1095 2312 1219 2392 Quodsi
1245 2312 1546 2377 Nabuchodonosor
1574 2314 1656 2377 tanti
1687 2312 1847 2398 sacrilegii
1878 2323 2053 2399 tantaeque
2078 2335 2165 2376 arro·

513 2421 654 2504 gantiae,
680 2428 790 2482 tantae
808 2419 904 2482 etiam
922 2420 1097 2504 impictatis
1122 2442 1191 2500 rex,
1216 2433 1349 2505 propter
1372 2443 1463 2483 suam
1487 2418 1640 2483 humilem
1664 2420 1918 2504 recognitionem
1944 2417 1986 2482 ad
2010 2419 2165 2483 honorem

512 2524 729 2611 decoremque
753 2526 845 2610 regni
870 2527 919 2588 sui
944 2527 1116 2611 pervenire
1141 2549 1266 2613 suoque
1297 2549 1398 2612 regno
1431 2527 1557 2590 restitui
1588 2539 1620 2589 et
1644 2525 1918 2611 magnificentiam
1943 2525 2086 2589 Domino
2110 2528 2165 2589 tri·

512 2632 632 2697 buente
657 2632 846 2718 ampliorem
872 2632 934 2696 sibi
963 2632 1039 2696 addi
1070 2636 1258 2719 promeruit,
1289 2633 1391 2719 liquet
1421 2633 1566 2720 prolecto
1598 2645 1630 2697 et
1659 2632 1881 2696 indubitanter
1911 2633 2018 2718 accipi
2048 2645 2164 2718 potest,

513 2741 600 2827 quod
624 2741 667 2822 hi,
692 2742 748 2827 qui
771 2763 823 2802 res
848 2741 921 2803 Deo
945 2753 1090 2804 sacratas
1122 2742 1155 2803 in
1186 2741 1253 2802 suis
1283 2739 1440 2804 audacter
1470 2738 1647 2803 abutuntur
1677 2738 1799 2820 usibus,
1830 2741 1858 2802 si
1885 2738 1928 2802 ad
1951 2750 2079 2824 tempus
2103 2738 2165 2802 sibi
2184 2765 2210 2803 so

512 2849 740 2932 prospexerint
775 2859 807 2909 et
841 2847 973 2932 dignam
1008 2847 1081 2910 Deo
1117 2846 1373 2930 recognitionem
1408 2845 1603 2909 inlicitorum
1639 2846 1799 2910 factorum
1835 2869 1966 2909 suorum
2001 2845 2166 2909 humiliter

512 2953 660 3033 fecerint,
692 2954 821 3016 veniam
853 2953 1043 3017 delictorum
1075 2977 1206 3016 suorum
1237 2953 1361 3038 possint
1390 2955 1569 3038 promereri
1600 2964 1632 3016 et
1661 2976 1727 3016 non
1758 2952 1861 3016 solum
1892 2954 1925 3015 in
1949 2952 2010 3016 hoc
2035 2952 2164 3015 saeculo

512 3059 733 3145 temporaliter
761 3083 780 3123 a
804 3060 946 3124 Domine
978 3060 1126 3140 exaltari,
1159 3083 1273 3122 rerum
1303 3060 1400 3122 etiam
1432 3060 1464 3121 in
1495 3060 1602 3123 futuro
1633 3059 1840 3123 aeternaliter
1870 3060 2082 3122 remunerari.
2129 3058 2165 3122 Si

513 3180 621 3229 autem
652 3166 713 3230 hoc
737 3167 846 3230 faeere
877 3189 1096 3252 praepropere
1121 3166 1384 3244 detrectaverint,
1415 3166 1593 3229 verendum
1618 3177 1667 3230 est
1694 3165 1768 3247 illis,
1799 3189 1840 3229 ne
1864 3165 1905 3229 ad
1930 3166 2031 3228 instar
2054 3163 2164 3228 Nabu-

513 3272 718 3337 chodonosor
740 3296 813 3336 cum
838 3273 915 3336 ieris
939 3271 1062 3354 bestiis,
1087 3273 1120 3335 id
1146 3284 1194 3336 est
1218 3295 1292 3335 eum
1316 3271 1479 3335 inmundis
1503 3271 1679 3358 spiritibus
1704 3272 1745 3336 de
1763 3271 1880 3358 quibus
1897 3270 2164 3357 psalmographus
2182 3297 2209 3335 ss

371 3407 493 3454 streis.
513 3381 574 3444 ait:
606 3381 656 3444 Ne
680 3381 800 3457 trudas,
825 3381 972 3459 Dorru‘ne,
1004 3383 1110 3445 bestiis
1134 3384 1260 3444 animas
1283 3382 1491 3466 eorrfiteatinm
1516 3382 1584 3460 tibi,
1616 3380 1657 3442 sit
1680 3402 1791 3443 eorum
1815 3380 1884 3443 sine
1909 3379 1971 3442 fine
1995 3377 2162 3443 habitatio.

620 3521 703 3607 (60).
729 3521 840 3585 XXII.
876 3522 977 3585 Porro
1002 3522 1183 3601 Balthasar,
1216 3522 1271 3606 qui
1296 3520 1379 3584 filius
1403 3520 1705 3585 Nabuchodonosor
1727 3523 1827 3586 fuisse
1852 3519 2057 3604 describitur,
2087 3522 2164 3585 vino

514 3627 642 3691 deditus
658 3629 691 3691 iu
708 3640 830 3691 tantam
847 3651 1058 3714 prerumpere
1076 3651 1173 3691 ausus
1191 3640 1240 3690 est
1255 3626 1442 3713 superbiam
1460 3651 1602 3713 suaeque
1620 3628 1732 3692 salutis
1748 3630 1923 3708 inimicam,
1947 3630 2046 3692 immo
2067 3629 2163 3692 sacri-

513 3734 620 3819 legam
640 3735 927 3820 presumptionem,
951 3746 986 3797 ut
1009 3737 1041 3797 in
1067 3736 1217 3797 convivia
1243 3757 1301 3797 suo
1318 3735 1391 3797 Deo
1409 3745 1535 3798 saerata
1552 3757 1631 3798 vasa
1654 3735 1696 3798 ad
1714 3734 1839 3800 libitum
1856 3759 1948 3798 suum
1966 3733 2094 3798 iuberet
2109 3733 2164 3797 ad·

514 3841 602 3922 ferri,
627 3853 662 3905 ut
687 3840 813 3905 biberet
835 3842 868 3903 in
893 3842 940 3903 eis
965 3843 1033 3926 ipse
1059 3853 1091 3904 et
1114 3842 1286 3926 optimates
1312 3842 1391 3920 eius,
1416 3863 1535 3904 uxores
1553 3852 1585 3905 et
1601 3840 1803 3905 concubinae
1820 3843 1890 3906 eius
1907 3852 1940 3904 et
1956 3840 2166 3905 conlaudaret
2183 3865 2210 3903 m

514 3947 593 4010 deos
617 3970 705 4029 suos,
739 3957 770 4010 et
801 3946 841 4009 ob
873 3946 906 4010 id
937 3947 978 4009 ad
1011 3971 1102 4011 snum
1133 3948 1298 4010 interitum
1331 3947 1502 4010 articulum
1534 3947 1706 4012 scribentis
1736 3950 1904 4035 prospexit
1928 3949 1961 4010 iu
1985 3949 2109 4033 pariete
2134 3958 2166 4010 et

514 4053 630 4117 eadem
660 4067 755 4117 noete
779 4052 885 4117 Medis
917 4065 948 4117 et
972 4054 1080 4116 Persis
1112 4077 1183 4116 sese
1216 4052 1440 4117 obsidentibus
1471 4077 1572 4139 regno
1604 4077 1678 4118 cum
1708 4057 1777 4118 vita
1808 4056 1921 4136 caruit,
1952 4055 2035 4118 sicut
2063 4052 2165 4116 verba

407 4172 494 4264 Εὕα-Ἣ,
514 4160 685 4224 Danihelis
710 4160 887 4245 prophetae
912 4160 952 4223 de
977 4183 1015 4223 eo
1041 4173 1072 4223 et
1096 4159 1254 4223 adversus
1274 4183 1346 4223 euru
1364 4171 1532 4242 testantur,
1558 4184 1641 4246 quae
1659 4162 1704 4224 ita
1720 4184 1754 4225 se
1771 4160 1910 4225 habent:
1939 4161 2054 4240 Ores,
2078 4161 2165 4224 Deus

489 4256 689 4332 ⁸altissimas
720 4294 846 4352 reprcunt
878 4282 906 4330 et
935 4270 1212 4352 rnagpiiticentiam,
1241 4269 1378 4354 pluriam
1409 4282 1437 4330 et
1466 4267 1610 4332 hormrcm
1643 4269 1732 4332 dedit
1759 4269 2050 4332 Nabuchodonosor
2072 4269 2168 4353 patri

513 4390 573 4439 tuo.
623 4375 664 4436 Et
687 4390 821 4460 priprter
851 4377 1126 4460 nraypriticontiam,
1163 4400 1257 4458 arram
1289 4375 1418 4437 (lenierat
1447 4377 1486 4453 ei,
1522 4377 1667 4438 sutricensi
1687 4377 1816 4461 populi,
1852 4376 1952 4438 tribus
1982 4388 2010 4438 et
2039 4375 2165 4461 linquae
2183 4396 2210 4434 as

514 4483 683 4544 tremebant
705 4495 733 4543 et
756 4483 927 4544 ructuabant
949 4507 1026 4543 ercan.
1078 4481 1162 4557 eros
1188 4481 1306 4543 ridebat
1331 4482 1536 4566 interficiebat
1558 4496 1586 4544 st
1608 4506 1685 4566 qnos
1709 4483 1829 4545 uolebat
1853 4483 2058 4566 percutiebat,
2089 4506 2165 4565 quos

516 4590 636 4651 colebat
663 4588 822 4650 exaltabat
850 4602 877 4649 et
907 4613 983 4671 qrrcs
1016 4587 1133 4650 sciebat
1163 4588 1360 4650 hurrn'liabat.
1411 4587 1545 4663 (hirando
1575 4602 1676 4651 autern
1707 4590 1856 4651 eieratnm
1888 4602 1932 4651 est
1961 4613 2015 4651 eor
2045 4589 2111 4651 eius
2138 4601 2166 4650 et

514 4697 647 4780 spiritns
673 4695 761 4756 illins
785 4695 966 4778 obfirmatus
990 4694 1101 4756 estad
1122 4695 1314 4778 snperbiam,
1339 4694 1498 4778 ‹hpositus
1522 4708 1566 4756 est
1589 4694 1627 4758 de
1650 4695 1730 4757 solio
1755 4697 1845 4780 repni
1865 4696 1920 4758 sni
1936 4709 1964 4756 et
1975 4696 2083 4781 pluria
2098 4696 2165 4758 eius

340 4831 495 4878 tramae
514 4802 619 4864 ablata
645 4814 696 4862 est.
744 4799 787 4861 Et
809 4798 909 4861 infra:
948 4800 994 4862 Tn
1019 4825 1149 4884 qrraqnc,
1174 4801 1270 4884 ¹tilius
1294 4802 1361 4862 eins
1384 4800 1569 4881 Baithasar,
1602 4825 1662 4863 non
1693 4802 1872 4864 humiliasti
1893 4825 1947 4864 cor
1970 4815 2066 4880 tunm,
2096 4825 2163 4864 curn

514 4911 612 4971 scires
635 4909 710 4971 baec
735 4909 851 4984 ornrria,
875 4907 931 4968 sed
953 4907 1120 4970 ‹nli-ersum
1146 4907 1370 4969 ‹brrrrinatorern
1396 4908 1480 4969 caeli
1501 4908 1600 4970 elatus
1623 4932 1672 4988 es,·
1695 4922 1724 4971 st
1745 4932 1822 4970 rasa
1846 4908 1956 4971 (latrans
1979 4909 2047 4972 eius
2065 4908 2165 4971 albata
2182 4929 2211 4966 ro

622 5161 695 5209 xxi.
726 5163 738 5209 l
766 5155 829 5225 ega]
850 5177 914 5223 ergo
933 5159 972 5208 hic
990 5169 1013 5210 et
1031 5160 1102 5223 inira
1124 5158 1153 5208 L.
1221 5163 1284 5207 3et
1302 5153 1518 5223 generationem]
1539 5161 1567 5207 in
1586 5159 1790 5224 generationem
1809 5158 1835 5206 B
1845 5163 1869 5206 2.
1942 5159 2107 5208 4niclrilum
2129 5155 2164 5208 Μ.

517 5253 549 5299 lo
569 5245 641 5314 qnia]
663 5251 708 5314 qui
729 5248 760 5298 L.
848 5251 879 5298 12
902 5250 1038 5298 llieremis
1059 5249 1094 5297 it.
1189 5251 1219 5296 13
1241 5246 1409 5297 lralrcllitieo
1431 5246 1467 5296 Μ.
1560 5249 1591 5296 16
1612 5242 1724 5309 Quodsi]
1744 5247 1823 5307 Quod
1842 5244 1879 5293 Μ.
1969 5253 2115 5311 tantaqnae
2138 5251 2164 5297 t'.

515 5340 672 5403 arrogantia
691 5336 723 5387 L.
796 5341 826 5387 21
849 5337 1154 5387 humiliter—suorum
1174 5337 1265 5385 desierit
1283 5336 1341 5385 B3.
1362 5336 1398 5386 M.
1473 5338 1506 5385 24
1526 5337 1738 5386 detractaverint
1757 5335 1817 5394 Bb,
1844 5337 2034 5385 detractaverit
2053 5333 2089 5385 Μ.

621 5444 710 5492 xxii.
738 5445 769 5492 2?
794 5441 915 5491 ltaltasar
935 5442 993 5491 Ba.
1013 5442 1043 5490 Μ
1060 5441 1183 5506 (scama).
1265 5447 1298 5492 ts
1318 5451 1420 5492 tantum
1441 5445 1478 5496 Μ.
1559 5445 1592 5492 29
1611 5444 1841 5507 praesumtionem
1860 5443 1921 5493 132.
2002 5445 2037 5492 33
2056 5437 2163 5502 liabent}

515 5535 598 5583 abent
617 5531 653 5582 Μ.
726 5535 759 5583 3ῖ
780 5549 849 5596 qum
868 5532 933 5580 aerea
953 5527 989 5579 Μ,
1063 5535 1095 5580 38
1116 5533 1267 5581 offirmatus
1287 5532 1347 5581 BL)-
1361 5537 1385 5582 3.
1406 5531 1442 5580 Μ.
1508 5535 1540 5583 39
1561 5526 1610 5596 est]
1631 5533 1665 5581 ab
1685 5549 1718 5582 eo
1737 5532 1797 5581 aaa.
1817 5532 1915 5584 aaa.
1935 5528 1972 5581 Μ.
2183 5552 2210 5591 tt

627 5769 653 5836 l)
683 5769 731 5838 Cf.
759 5767 955 5840 Ilieronprnus,
990 5765 1140 5824 Commeat.
1172 5766 1200 5822 in
1225 5766 1372 5822 letaniam
1397 5785 1420 5822 c.
1438 5770 1479 5824 25
1503 5769 1588 5824 1226
1612 5761 1700 5840 (Opp.
1718 5766 1772 5836 IV,
1791 5761 1891 5839 1019),
1916 5766 1962 5822 ubi
1985 5765 2091 5822 Sescch
2113 5784 2163 5819 no·

515 5876 642 5930 sissimus
666 5894 715 5928 rex
739 5875 891 5946 Babylonis
914 5875 1085 5949 appellatur.
