<?xml version="1.0" encoding="UTF-8"?>
<!DOCTYPE html PUBLIC "-//W3C//DTD XHTML 1.0 Transitional//EN"
    "http://www.w3.org/TR/xhtml1/DTD/xhtml1-transitional.dtd">
<html xmlns="http://www.w3.org/1999/xhtml" xml:lang="en" lang="en">
 <head>
  <title>
</title>
<meta http-equiv="Content-Type" content="text/html;charset=utf-8" />
  <meta name='ocr-system' content='tesseract 3.04.00' />
  <meta name='ocr-capabilities' content='ocr_page ocr_carea ocr_par ocr_line ocrx_word'/>
</head>
<body>
  <div class='ocr_page' id='page_1' title='image "./monumentagerman02gescgoog/monumentagerman02gescgoog_0045.png"; bbox 0 0 4884 6717; ppageno 0'>
   <div class='ocr_carea' id='block_1_1' title="bbox 671 524 1856 589">
    <p class='ocr_par' dir='ltr' id='par_1_1' title="bbox 671 524 1856 589">
     <span class='ocr_line' id='line_1_1' title="bbox 671 524 1856 589; baseline 0.006 -7"><span class='ocrx_word' id='word_1_1' title='bbox 671 527 723 582; x_wconf 78' lang='lat'><strong>44.</strong></span> <span class='ocrx_word' id='word_1_2' title='bbox 760 524 978 583; x_wconf 84' lang='lat' dir='ltr'><strong>CONCILIUM</strong></span> <span class='ocrx_word' id='word_1_3' title='bbox 1001 525 1229 582; x_wconf 84' lang='lat' dir='ltr'><strong>PARISIENSE</strong></span> <span class='ocrx_word' id='word_1_4' title='bbox 1252 528 1289 582; x_wconf 99' lang='lat' dir='ltr'><strong>A.</strong></span> <span class='ocrx_word' id='word_1_5' title='bbox 1311 527 1385 584; x_wconf 84' lang='lat'><strong>825.</strong></span> <span class='ocrx_word' id='word_1_6' title='bbox 1791 527 1856 589; x_wconf 72' lang='grc'>133</span> 
     </span>
    </p>
   </div>
   <div class='ocr_carea' id='block_1_2' title="bbox 155 722 1857 1880">
    <p class='ocr_par' dir='ltr' id='par_1_2' title="bbox 155 722 1857 1880">
     <span class='ocr_line' id='line_1_2' title="bbox 198 722 1857 797; baseline 0.005 -20"><span class='ocrx_word' id='word_1_7' title='bbox 198 724 323 795; x_wconf 89' lang='lat' dir='ltr'><strong>denique</strong></span> <span class='ocrx_word' id='word_1_8' title='bbox 348 724 468 793; x_wconf 89' lang='lat' dir='ltr'><strong>adorari,</strong></span> <span class='ocrx_word' id='word_1_9' title='bbox 494 724 570 795; x_wconf 90' lang='lat' dir='ltr'><strong>quod</strong></span> <span class='ocrx_word' id='word_1_10' title='bbox 593 724 630 777; x_wconf 93' lang='lat' dir='ltr'><strong>sit</strong></span> <span class='ocrx_word' id='word_1_11' title='bbox 651 722 759 777; x_wconf 87' lang='lat' dir='ltr'><strong>factum</strong></span> <span class='ocrx_word' id='word_1_12' title='bbox 782 729 812 778; x_wconf 91' lang='lat' dir='ltr'><strong>et</strong></span> <span class='ocrx_word' id='word_1_13' title='bbox 835 722 981 777; x_wconf 88' lang='lat' dir='ltr'><strong>conditum</strong></span> <span class='ocrx_word' id='word_1_14' title='bbox 1004 740 1022 777; x_wconf 90' lang='lat' dir='ltr'><strong>a</strong></span> <span class='ocrx_word' id='word_1_15' title='bbox 1044 723 1119 790; x_wconf 88' lang='lat' dir='ltr'><strong>Deo,</strong></span> <span class='ocrx_word' id='word_1_16' title='bbox 1142 724 1194 779; x_wconf 88' lang='lat' dir='ltr'><strong>sed</strong></span> <span class='ocrx_word' id='word_1_17' title='bbox 1217 741 1304 778; x_wconf 90' lang='lat' dir='ltr'><strong>unum</strong></span> <span class='ocrx_word' id='word_1_18' title='bbox 1328 725 1418 796; x_wconf 89' lang='lat' dir='ltr'><strong>ipsum</strong></span> <span class='ocrx_word' id='word_1_19' title='bbox 1439 726 1544 792; x_wconf 89' lang='lat' dir='ltr'><strong>Deum,</strong></span> <span class='ocrx_word' id='word_1_20' title='bbox 1568 728 1616 797; x_wconf 89' lang='lat' dir='ltr'><strong>qui</strong></span> <span class='ocrx_word' id='word_1_21' title='bbox 1640 727 1710 782; x_wconf 87' lang='lat' dir='ltr'><strong>fecit</strong></span> <span class='ocrx_word' id='word_1_22' title='bbox 1735 739 1766 782; x_wconf 91' lang='lat' dir='ltr'><strong>et</strong></span> <span class='ocrx_word' id='word_1_23' title='bbox 1789 747 1857 784; x_wconf 85' lang='lat' dir='ltr'><strong>con·</strong></span> 
     </span>
     <span class='ocr_line' id='line_1_3' title="bbox 199 831 396 886; baseline 0.005 -2"><span class='ocrx_word' id='word_1_24' title='bbox 199 831 272 885; x_wconf 88' lang='lat' dir='ltr'><strong>didit</strong></span> <span class='ocrx_word' id='word_1_25' title='bbox 294 832 396 886; x_wconf 88' lang='lat' dir='ltr'><strong>omnia.</strong></span> 
     </span>
     <span class='ocr_line' id='line_1_4' title="bbox 305 942 1853 1031; baseline 0.005 -22"><span class='ocrx_word' id='word_1_26' title='bbox 305 945 471 1010; x_wconf 85' lang='lat' dir='ltr'><strong>XXXIII.</strong></span> <span class='ocrx_word' id='word_1_27' title='bbox 506 945 589 1009; x_wconf 88' lang='lat' dir='ltr'><strong>Item</strong></span> <span class='ocrx_word' id='word_1_28' title='bbox 612 944 815 1030; x_wconf 79' lang='lat' dir='ltr'>Augustinus</span> <span class='ocrx_word' id='word_1_29' title='bbox 839 945 873 1007; x_wconf 91' lang='lat' dir='ltr'><strong>in</strong></span> <span class='ocrx_word' id='word_1_30' title='bbox 897 942 979 1009; x_wconf 88' lang='lat' dir='ltr'><strong>libro</strong></span> <span class='ocrx_word' id='word_1_31' title='bbox 1004 943 1045 1008; x_wconf 93' lang='lat' dir='ltr'><strong>de</strong></span> <span class='ocrx_word' id='word_1_32' title='bbox 1070 946 1176 1008; x_wconf 86' lang='lat' dir='ltr'><strong>anime</strong></span> <span class='ocrx_word' id='word_1_33' title='bbox 1201 946 1399 1031; x_wconf 87' lang='lat' dir='ltr'><strong>quantitate:</strong></span> <span class='ocrx_word' id='word_1_34' title='bbox 1428 951 1531 1011; x_wconf 86' lang='lat' dir='ltr'><strong>Deus¹</strong></span> <span class='ocrx_word' id='word_1_35' title='bbox 1555 965 1652 1012; x_wconf 84' lang='lat' dir='ltr'><strong>autem</strong></span> <span class='ocrx_word' id='word_1_36' title='bbox 1676 959 1853 1016; x_wconf 75' lang='lat' dir='ltr'><strong>inmortalem</strong></span> 
     </span>
     <span class='ocr_line' id='line_1_5' title="bbox 198 1060 1855 1136; baseline 0.002 -19"><span class='ocrx_word' id='word_1_37' title='bbox 198 1064 317 1118; x_wconf 78' lang='lat' dir='ltr'><strong>ammam</strong></span> <span class='ocrx_word' id='word_1_38' title='bbox 341 1062 422 1129; x_wconf 87' lang='lat' dir='ltr'><strong>feeit,</strong></span> <span class='ocrx_word' id='word_1_39' title='bbox 451 1069 485 1116; x_wconf 91' lang='lat' dir='ltr'><strong>ut</strong></span> <span class='ocrx_word' id='word_1_40' title='bbox 507 1062 617 1133; x_wconf 84' lang='lat' dir='ltr'>opinor,</span> <span class='ocrx_word' id='word_1_41' title='bbox 646 1061 700 1115; x_wconf 91' lang='lat' dir='ltr'><strong>nisi</strong></span> <span class='ocrx_word' id='word_1_42' title='bbox 723 1060 798 1116; x_wconf 85' lang='lat' dir='ltr'><strong>forte</strong></span> <span class='ocrx_word' id='word_1_43' title='bbox 822 1060 875 1116; x_wconf 92' lang='lat' dir='ltr'><strong>tibi</strong></span> <span class='ocrx_word' id='word_1_44' title='bbox 898 1060 983 1116; x_wconf 87' lang='lat' dir='ltr'><strong>aliter</strong></span> <span class='ocrx_word' id='word_1_45' title='bbox 1005 1061 1129 1115; x_wconf 84' lang='lat' dir='ltr'><strong>ridetur.</strong></span> <span class='ocrx_word' id='word_1_46' title='bbox 1176 1061 1251 1133; x_wconf 81' lang='lat' dir='ltr'><strong>Ergo</strong></span> <span class='ocrx_word' id='word_1_47' title='bbox 1279 1069 1311 1116; x_wconf 90' lang='lat' dir='ltr'><strong>tu</strong></span> <span class='ocrx_word' id='word_1_48' title='bbox 1335 1062 1425 1117; x_wconf 82' lang='lat' dir='ltr'><strong>velles</strong></span> <span class='ocrx_word' id='word_1_49' title='bbox 1449 1063 1519 1118; x_wconf 89' lang='lat' dir='ltr'><strong>talia</strong></span> <span class='ocrx_word' id='word_1_50' title='bbox 1541 1062 1602 1118; x_wconf 88' lang='lat' dir='ltr'><strong>lieri</strong></span> <span class='ocrx_word' id='word_1_51' title='bbox 1627 1065 1663 1120; x_wconf 86' lang='lat' dir='ltr'><strong>ab</strong></span> <span class='ocrx_word' id='word_1_52' title='bbox 1687 1064 1855 1136; x_wconf 87' lang='lat' dir='ltr'><strong>hominibus,</strong></span> 
     </span>
     <span class='ocr_line' id='line_1_6' title="bbox 156 1166 1854 1241; baseline 0.004 -18"><span class='ocrx_word' id='word_1_53' title='bbox 156 1193 171 1232; x_wconf 68' lang='lat' dir='ltr'><strong>a</strong></span> <span class='ocrx_word' id='word_1_54' title='bbox 199 1170 294 1241; x_wconf 88' lang='lat' dir='ltr'><strong>qualia</strong></span> <span class='ocrx_word' id='word_1_55' title='bbox 316 1170 397 1223; x_wconf 89' lang='lat' dir='ltr'><strong>Dens</strong></span> <span class='ocrx_word' id='word_1_56' title='bbox 424 1169 519 1224; x_wconf 74' lang='lat' dir='ltr'><strong>iecit?</strong></span> <span class='ocrx_word' id='word_1_57' title='bbox 564 1168 629 1223; x_wconf 84' lang='lat' dir='ltr'><strong>Non</strong></span> <span class='ocrx_word' id='word_1_58' title='bbox 660 1168 791 1239; x_wconf 87' lang='lat' dir='ltr'><strong>equidem</strong></span> <span class='ocrx_word' id='word_1_59' title='bbox 822 1168 875 1223; x_wconf 89' lang='lat' dir='ltr'><strong>hoc</strong></span> <span class='ocrx_word' id='word_1_60' title='bbox 905 1169 1033 1223; x_wconf 78' lang='lat' dir='ltr'>dixerim.</span> <span class='ocrx_word' id='word_1_61' title='bbox 1081 1166 1140 1223; x_wconf 87' lang='lat' dir='ltr'><strong>Sed</strong></span> <span class='ocrx_word' id='word_1_62' title='bbox 1171 1168 1407 1239; x_wconf 69' lang='lat' dir='ltr'><strong>quemadmodum</strong></span> <span class='ocrx_word' id='word_1_63' title='bbox 1437 1171 1498 1241; x_wconf 89' lang='lat' dir='ltr'><strong>ipse</strong></span> <span class='ocrx_word' id='word_1_64' title='bbox 1528 1171 1683 1226; x_wconf 87' lang='lat' dir='ltr'><strong>inmortalis</strong></span> <span class='ocrx_word' id='word_1_65' title='bbox 1707 1172 1854 1229; x_wconf 85' lang='lat' dir='ltr'><strong>inmortale</strong></span> 
     </span>
     <span class='ocr_line' id='line_1_7' title="bbox 199 1275 1854 1347; baseline 0.004 -17"><span class='ocrx_word' id='word_1_66' title='bbox 199 1276 333 1347; x_wconf 80' lang='lat' dir='ltr'><strong>quiddam</strong></span> <span class='ocrx_word' id='word_1_67' title='bbox 356 1275 426 1330; x_wconf 83' lang='lat' dir='ltr'><strong>feeit</strong></span> <span class='ocrx_word' id='word_1_68' title='bbox 450 1276 486 1330; x_wconf 92' lang='lat' dir='ltr'><strong>ad</strong></span> <span class='ocrx_word' id='word_1_69' title='bbox 509 1275 722 1330; x_wconf 86' lang='lat' dir='ltr'><strong>similitudinem</strong></span> <span class='ocrx_word' id='word_1_70' title='bbox 745 1293 835 1342; x_wconf 87' lang='lat' dir='ltr'><strong>suam,</strong></span> <span class='ocrx_word' id='word_1_71' title='bbox 859 1275 898 1329; x_wconf 90' lang='lat' dir='ltr'><strong>sic</strong></span> <span class='ocrx_word' id='word_1_72' title='bbox 923 1284 952 1328; x_wconf 88' lang='lat' dir='ltr'><strong>et</strong></span> <span class='ocrx_word' id='word_1_73' title='bbox 976 1292 1027 1330; x_wconf 88' lang='lat' dir='ltr'><strong>nos</strong></span> <span class='ocrx_word' id='word_1_74' title='bbox 1050 1275 1213 1330; x_wconf 83' lang='lat' dir='ltr'><strong>inmortales</strong></span> <span class='ocrx_word' id='word_1_75' title='bbox 1229 1293 1247 1329; x_wconf 86' lang='lat' dir='ltr'><strong>a</strong></span> <span class='ocrx_word' id='word_1_76' title='bbox 1261 1275 1326 1331; x_wconf 90' lang='lat' dir='ltr'><strong>Deo</strong></span> <span class='ocrx_word' id='word_1_77' title='bbox 1350 1276 1418 1331; x_wconf 87' lang='lat' dir='ltr'><strong>faeti</strong></span> <span class='ocrx_word' id='word_1_78' title='bbox 1442 1276 1478 1332; x_wconf 85' lang='lat' dir='ltr'><strong>ad</strong></span> <span class='ocrx_word' id='word_1_79' title='bbox 1494 1277 1706 1332; x_wconf 87' lang='lat' dir='ltr'><strong>similitudinem</strong></span> <span class='ocrx_word' id='word_1_80' title='bbox 1730 1287 1854 1336; x_wconf 90' lang='lat' dir='ltr'><strong>nostram</strong></span> 
     </span>
     <span class='ocr_line' id='line_1_8' title="bbox 199 1382 1854 1457; baseline 0.004 -21"><span class='ocrx_word' id='word_1_81' title='bbox 199 1384 275 1453; x_wconf 90' lang='lat' dir='ltr'><strong>quod</strong></span> <span class='ocrx_word' id='word_1_82' title='bbox 305 1382 423 1436; x_wconf 84' lang='lat' dir='ltr'><strong>facimus</strong></span> <span class='ocrx_word' id='word_1_83' title='bbox 453 1382 603 1438; x_wconf 87' lang='lat' dir='ltr'><strong>inmortale</strong></span> <span class='ocrx_word' id='word_1_84' title='bbox 635 1400 698 1437; x_wconf 87' lang='lat' dir='ltr'><strong>esse</strong></span> <span class='ocrx_word' id='word_1_85' title='bbox 730 1382 862 1438; x_wconf 86' lang='lat' dir='ltr'><strong>deberet.</strong></span> <span class='ocrx_word' id='word_1_86' title='bbox 909 1382 1001 1436; x_wconf 80' lang='lat' dir='ltr'>Recte</span> <span class='ocrx_word' id='word_1_87' title='bbox 1032 1382 1154 1448; x_wconf 78' lang='lat' dir='ltr'><strong>diceres,</strong></span> <span class='ocrx_word' id='word_1_88' title='bbox 1185 1382 1208 1436; x_wconf 85' lang='lat' dir='ltr'><strong>ai</strong></span> <span class='ocrx_word' id='word_1_89' title='bbox 1239 1383 1274 1436; x_wconf 87' lang='lat' dir='ltr'><strong>ad</strong></span> <span class='ocrx_word' id='word_1_90' title='bbox 1299 1383 1360 1437; x_wconf 92' lang='lat' dir='ltr'><strong>eius</strong></span> <span class='ocrx_word' id='word_1_91' title='bbox 1388 1383 1538 1454; x_wconf 87' lang='lat' dir='ltr'><strong>imaginem</strong></span> <span class='ocrx_word' id='word_1_92' title='bbox 1561 1384 1695 1455; x_wconf 79' lang='lat' dir='ltr'>pingeres</span> <span class='ocrx_word' id='word_1_93' title='bbox 1719 1386 1854 1457; x_wconf 88' lang='lat' dir='ltr'><strong>tabulam,</strong></span> 
     </span>
     <span class='ocr_line' id='line_1_9' title="bbox 199 1489 1856 1564; baseline 0.004 -22"><span class='ocrx_word' id='word_1_94' title='bbox 199 1489 275 1560; x_wconf 90' lang='lat' dir='ltr'><strong>quod</strong></span> <span class='ocrx_word' id='word_1_95' title='bbox 298 1489 326 1543; x_wconf 89' lang='lat' dir='ltr'><strong>in</strong></span> <span class='ocrx_word' id='word_1_96' title='bbox 349 1499 378 1544; x_wconf 93' lang='lat' dir='ltr'><strong>te</strong></span> <span class='ocrx_word' id='word_1_97' title='bbox 403 1489 551 1546; x_wconf 78' lang='lat' dir='ltr'><strong>inmortale</strong></span> <span class='ocrx_word' id='word_1_98' title='bbox 577 1507 640 1544; x_wconf 89' lang='lat' dir='ltr'><strong>esse</strong></span> <span class='ocrx_word' id='word_1_99' title='bbox 664 1489 775 1556; x_wconf 78' lang='lat' dir='ltr'><strong>credis3</strong></span> <span class='ocrx_word' id='word_1_100' title='bbox 800 1507 874 1543; x_wconf 89' lang='lat' dir='ltr'><strong>nunc</strong></span> <span class='ocrx_word' id='word_1_101' title='bbox 898 1506 966 1542; x_wconf 84' lang='lat' dir='ltr'><strong>vcro</strong></span> <span class='ocrx_word' id='word_1_102' title='bbox 989 1489 1017 1542; x_wconf 92' lang='lat' dir='ltr'><strong>in</strong></span> <span class='ocrx_word' id='word_1_103' title='bbox 1042 1507 1078 1542; x_wconf 90' lang='lat' dir='ltr'><strong>ea</strong></span> <span class='ocrx_word' id='word_1_104' title='bbox 1091 1489 1232 1559; x_wconf 80' lang='lat' dir='ltr'><strong>exprimis</strong></span> <span class='ocrx_word' id='word_1_105' title='bbox 1249 1489 1460 1544; x_wconf 88' lang='lat' dir='ltr'><strong>similitudinem</strong></span> <span class='ocrx_word' id='word_1_106' title='bbox 1477 1491 1610 1561; x_wconf 89' lang='lat' dir='ltr'><strong>corporis,</strong></span> <span class='ocrx_word' id='word_1_107' title='bbox 1635 1493 1710 1562; x_wconf 86' lang='lat' dir='ltr'><strong>qued</strong></span> <span class='ocrx_word' id='word_1_108' title='bbox 1726 1494 1856 1564; x_wconf 85' lang='lat' dir='ltr'><strong>profecto</strong></span> 
     </span>
     <span class='ocr_line' id='line_1_10' title="bbox 198 1594 1854 1668; baseline 0.005 -19"><span class='ocrx_word' id='word_1_109' title='bbox 198 1595 318 1650; x_wconf 88' lang='lat' dir='ltr'><strong>mortale</strong></span> <span class='ocrx_word' id='word_1_110' title='bbox 343 1603 395 1651; x_wconf 88' lang='lat' dir='ltr'><strong>cst.</strong></span> <span class='ocrx_word' id='word_1_111' title='bbox 431 1594 578 1659; x_wconf 86' lang='lat' dir='ltr'><strong>Quomodo</strong></span> <span class='ocrx_word' id='word_1_112' title='bbox 603 1614 670 1668; x_wconf 84' lang='lat' dir='ltr'><strong>ergo</strong></span> <span class='ocrx_word' id='word_1_113' title='bbox 694 1614 754 1650; x_wconf 89' lang='lat' dir='ltr'><strong>sum</strong></span> <span class='ocrx_word' id='word_1_114' title='bbox 777 1595 874 1649; x_wconf 91' lang='lat' dir='ltr'><strong>similis</strong></span> <span class='ocrx_word' id='word_1_115' title='bbox 892 1596 966 1662; x_wconf 86' lang='lat' dir='ltr'><strong>Deo,</strong></span> <span class='ocrx_word' id='word_1_116' title='bbox 990 1612 1053 1649; x_wconf 89' lang='lat' dir='ltr'><strong>curn</strong></span> <span class='ocrx_word' id='word_1_117' title='bbox 1077 1595 1236 1654; x_wconf 88' lang='lat' dir='ltr'><strong>inmortalia</strong></span> <span class='ocrx_word' id='word_1_118' title='bbox 1258 1596 1337 1650; x_wconf 90' lang='lat' dir='ltr'><strong>nulla</strong></span> <span class='ocrx_word' id='word_1_119' title='bbox 1359 1614 1472 1667; x_wconf 86' lang='lat' dir='ltr'><strong>possum</strong></span> <span class='ocrx_word' id='word_1_120' title='bbox 1496 1596 1591 1652; x_wconf 84' lang='lat' dir='ltr'><strong>lacere</strong></span> <span class='ocrx_word' id='word_1_121' title='bbox 1615 1605 1647 1652; x_wconf 88' lang='lat' dir='ltr'><strong>ut</strong></span> <span class='ocrx_word' id='word_1_122' title='bbox 1670 1599 1742 1655; x_wconf 83' lang='lat' dir='ltr'><strong>ille?</strong></span> <span class='ocrx_word' id='word_1_123' title='bbox 1777 1599 1854 1665; x_wconf 84' lang='lat' dir='ltr'><strong>Quo·</strong></span> 
     </span>
     <span class='ocr_line' id='line_1_11' title="bbox 155 1701 1853 1775; baseline 0.003 -17"><span class='ocrx_word' id='word_1_124' title='bbox 155 1719 181 1758; x_wconf 86' lang='lat' dir='ltr'><strong>ro</strong></span> <span class='ocrx_word' id='word_1_125' title='bbox 198 1701 280 1757; x_wconf 87' lang='lat' dir='ltr'><strong>modo</strong></span> <span class='ocrx_word' id='word_1_126' title='bbox 303 1719 357 1756; x_wconf 89' lang='lat' dir='ltr'><strong>neo</strong></span> <span class='ocrx_word' id='word_1_127' title='bbox 380 1703 472 1775; x_wconf 87' lang='lat' dir='ltr'><strong>image</strong></span> <span class='ocrx_word' id='word_1_128' title='bbox 495 1703 619 1774; x_wconf 89' lang='lat' dir='ltr'><strong>corporis</strong></span> <span class='ocrx_word' id='word_1_129' title='bbox 642 1703 685 1757; x_wconf 88' lang='lat' dir='ltr'><strong>tui</strong></span> <span class='ocrx_word' id='word_1_130' title='bbox 707 1710 805 1773; x_wconf 89' lang='lat' dir='ltr'><strong>potest</strong></span> <span class='ocrx_word' id='word_1_131' title='bbox 828 1701 880 1756; x_wconf 89' lang='lat' dir='ltr'><strong>hoc</strong></span> <span class='ocrx_word' id='word_1_132' title='bbox 904 1701 1012 1769; x_wconf 75' lang='lat' dir='ltr'><strong>valere,</strong></span> <span class='ocrx_word' id='word_1_133' title='bbox 1037 1702 1113 1772; x_wconf 90' lang='lat' dir='ltr'><strong>quod</strong></span> <span class='ocrx_word' id='word_1_134' title='bbox 1137 1711 1216 1756; x_wconf 90' lang='lat' dir='ltr'><strong>tuum</strong></span> <span class='ocrx_word' id='word_1_135' title='bbox 1233 1719 1334 1773; x_wconf 89' lang='lat' dir='ltr'><strong>corpus</strong></span> <span class='ocrx_word' id='word_1_136' title='bbox 1349 1702 1437 1768; x_wconf 84' lang='lat' dir='ltr'><strong>valet,</strong></span> <span class='ocrx_word' id='word_1_137' title='bbox 1462 1703 1502 1757; x_wconf 90' lang='lat' dir='ltr'><strong>sic</strong></span> <span class='ocrx_word' id='word_1_138' title='bbox 1518 1704 1611 1758; x_wconf 89' lang='lat' dir='ltr'><strong>anima</strong></span> <span class='ocrx_word' id='word_1_139' title='bbox 1626 1722 1682 1758; x_wconf 91' lang='lat' dir='ltr'><strong>non</strong></span> <span class='ocrx_word' id='word_1_140' title='bbox 1698 1707 1853 1763; x_wconf 88' lang='lat' dir='ltr'><strong>mirandum</strong></span> 
     </span>
     <span class='ocr_line' id='line_1_12' title="bbox 201 1808 1854 1880; baseline 0.004 -17"><span class='ocrx_word' id='word_1_141' title='bbox 201 1816 255 1876; x_wconf 90' lang='lat' dir='ltr'><strong>est,</strong></span> <span class='ocrx_word' id='word_1_142' title='bbox 279 1809 303 1863; x_wconf 93' lang='lat' dir='ltr'><strong>si</strong></span> <span class='ocrx_word' id='word_1_143' title='bbox 326 1810 484 1880; x_wconf 89' lang='lat' dir='ltr'><strong>potentiam</strong></span> <span class='ocrx_word' id='word_1_144' title='bbox 507 1817 616 1865; x_wconf 85' lang='lat' dir='ltr'><strong>tantam</strong></span> <span class='ocrx_word' id='word_1_145' title='bbox 639 1827 694 1863; x_wconf 90' lang='lat' dir='ltr'><strong>non</strong></span> <span class='ocrx_word' id='word_1_146' title='bbox 717 1809 806 1864; x_wconf 87' lang='lat' dir='ltr'><strong>habet</strong></span> <span class='ocrx_word' id='word_1_147' title='bbox 830 1816 964 1880; x_wconf 89' lang='lat' dir='ltr'><strong>quantam</strong></span> <span class='ocrx_word' id='word_1_148' title='bbox 988 1808 1048 1876; x_wconf 92' lang='lat' dir='ltr'><strong>ille,</strong></span> <span class='ocrx_word' id='word_1_149' title='bbox 1079 1810 1115 1863; x_wconf 90' lang='lat' dir='ltr'><strong>ad</strong></span> <span class='ocrx_word' id='word_1_150' title='bbox 1145 1809 1225 1862; x_wconf 90' lang='lat' dir='ltr'><strong>cuius</strong></span> <span class='ocrx_word' id='word_1_151' title='bbox 1255 1809 1468 1864; x_wconf 87' lang='lat' dir='ltr'><strong>similitudinem</strong></span> <span class='ocrx_word' id='word_1_152' title='bbox 1497 1810 1575 1865; x_wconf 86' lang='lat' dir='ltr'><strong>facta</strong></span> <span class='ocrx_word' id='word_1_153' title='bbox 1598 1820 1642 1866; x_wconf 90' lang='lat' dir='ltr'><strong>est</strong></span> <span class='ocrx_word' id='word_1_154' title='bbox 1673 1814 1706 1866; x_wconf 86' lang='lat' dir='ltr'><strong>et</strong></span> <span class='ocrx_word' id='word_1_155' title='bbox 1735 1816 1854 1871; x_wconf 82' lang='lat' dir='ltr'><strong>cetera.</strong></span> 
     </span>
    </p>
   </div>
   <div class='ocr_carea' id='block_1_3' title="bbox 156 1941 1857 2350">
    <p class='ocr_par' dir='ltr' id='par_1_3' title="bbox 199 1941 1857 2242">
     <span class='ocr_line' id='line_1_13' title="bbox 307 1941 1857 2029; baseline 0.004 -23"><span class='ocrx_word' id='word_1_156' title='bbox 307 1941 343 2006; x_wconf 91' lang='lat' dir='ltr'><strong>Si</strong></span> <span class='ocrx_word' id='word_1_157' title='bbox 368 1944 454 2006; x_wconf 91' lang='lat' dir='ltr'><strong>enim</strong></span> <span class='ocrx_word' id='word_1_158' title='bbox 478 1944 587 2027; x_wconf 84' lang='lat' dir='ltr'><strong>imago</strong></span> <span class='ocrx_word' id='word_1_159' title='bbox 611 1941 744 2006; x_wconf 89' lang='lat' dir='ltr'><strong>hnmani</strong></span> <span class='ocrx_word' id='word_1_160' title='bbox 769 1942 914 2026; x_wconf 88' lang='lat' dir='ltr'><strong>corperis</strong></span> <span class='ocrx_word' id='word_1_161' title='bbox 938 1963 1000 2005; x_wconf 88' lang='lat' dir='ltr'><strong>nec</strong></span> <span class='ocrx_word' id='word_1_162' title='bbox 1030 1951 1155 2005; x_wconf 88' lang='lat' dir='ltr'><strong>tantum</strong></span> <span class='ocrx_word' id='word_1_163' title='bbox 1179 1941 1290 2005; x_wconf 86' lang='lat' dir='ltr'><strong>valere</strong></span> <span class='ocrx_word' id='word_1_164' title='bbox 1314 1942 1479 2023; x_wconf 90' lang='lat' dir='ltr'><strong>asseritur,</strong></span> <span class='ocrx_word' id='word_1_165' title='bbox 1513 1953 1670 2029; x_wconf 89' lang='lat' dir='ltr'><strong>quantum</strong></span> <span class='ocrx_word' id='word_1_166' title='bbox 1695 1949 1857 2012; x_wconf 82' lang='lat' dir='ltr'><strong>veraciter</strong></span> 
     </span>
     <span class='ocr_line' id='line_1_14' title="bbox 199 2045 1855 2136; baseline 0 -23"><span class='ocrx_word' id='word_1_167' title='bbox 199 2049 307 2135; x_wconf 89' lang='lat' dir='ltr'><strong>ipsum</strong></span> <span class='ocrx_word' id='word_1_168' title='bbox 323 2072 441 2135; x_wconf 90' lang='lat' dir='ltr'><strong>corpus</strong></span> <span class='ocrx_word' id='word_1_169' title='bbox 458 2048 568 2113; x_wconf 87' lang='lat' dir='ltr'><strong>valere</strong></span> <span class='ocrx_word' id='word_1_170' title='bbox 583 2047 782 2135; x_wconf 82' lang='lat' dir='ltr'><strong>perhibetur,</strong></span> <span class='ocrx_word' id='word_1_171' title='bbox 807 2070 872 2134; x_wconf 89' lang='lat' dir='ltr'><strong>qua</strong></span> <span class='ocrx_word' id='word_1_172' title='bbox 892 2070 992 2112; x_wconf 89' lang='lat' dir='ltr'><strong>causa</strong></span> <span class='ocrx_word' id='word_1_173' title='bbox 1008 2045 1070 2111; x_wconf 91' lang='lat' dir='ltr'><strong>sibi</strong></span> <span class='ocrx_word' id='word_1_174' title='bbox 1086 2047 1258 2133; x_wconf 86' lang='lat' dir='ltr'><strong>suffragari</strong></span> <span class='ocrx_word' id='word_1_175' title='bbox 1274 2070 1370 2134; x_wconf 88' lang='lat' dir='ltr'><strong>posse</strong></span> <span class='ocrx_word' id='word_1_176' title='bbox 1386 2060 1502 2134; x_wconf 88' lang='lat' dir='ltr'><strong>putant</strong></span> <span class='ocrx_word' id='word_1_177' title='bbox 1517 2048 1664 2114; x_wconf 88' lang='lat' dir='ltr'><strong>nonnulli</strong></span> <span class='ocrx_word' id='word_1_178' title='bbox 1681 2049 1855 2136; x_wconf 85' lang='lat' dir='ltr'><strong>reprehen-</strong></span> 
     </span>
     <span class='ocr_line' id='line_1_15' title="bbox 200 2153 1852 2242; baseline 0.001 -24"><span class='ocrx_word' id='word_1_179' title='bbox 200 2156 291 2220; x_wconf 86' lang='lat' dir='ltr'><strong>sione</strong></span> <span class='ocrx_word' id='word_1_180' title='bbox 315 2156 418 2241; x_wconf 82' lang='lat' dir='ltr'><strong>digni,</strong></span> <span class='ocrx_word' id='word_1_181' title='bbox 442 2158 498 2242; x_wconf 92' lang='lat' dir='ltr'><strong>qui</strong></span> <span class='ocrx_word' id='word_1_182' title='bbox 521 2157 556 2219; x_wconf 92' lang='lat' dir='ltr'><strong>in</strong></span> <span class='ocrx_word' id='word_1_183' title='bbox 579 2154 635 2220; x_wconf 90' lang='lat' dir='ltr'><strong>illa</strong></span> <span class='ocrx_word' id='word_1_184' title='bbox 658 2155 783 2241; x_wconf 85' lang='lat' dir='ltr'><strong>synodo</strong></span> <span class='ocrx_word' id='word_1_185' title='bbox 808 2153 989 2219; x_wconf 84' lang='lat' dir='ltr'><strong>Grecorurn</strong></span> <span class='ocrx_word' id='word_1_186' title='bbox 1013 2153 1244 2219; x_wconf 85' lang='lat' dir='ltr'><strong>mediationem</strong></span> <span class='ocrx_word' id='word_1_187' title='bbox 1264 2155 1442 2240; x_wconf 77' lang='lat' dir='ltr'><strong>imaginum</strong></span> <span class='ocrx_word' id='word_1_188' title='bbox 1459 2154 1521 2219; x_wconf 88' lang='lat' dir='ltr'><strong>sibi</strong></span> <span class='ocrx_word' id='word_1_189' title='bbox 1537 2160 1758 2221; x_wconf 84' lang='lat' dir='ltr'><strong>necessariam</strong></span> <span class='ocrx_word' id='word_1_190' title='bbox 1781 2179 1852 2221; x_wconf 91' lang='lat' dir='ltr'><strong>esse</strong></span> 
     </span>
    </p>

    <p class='ocr_par' dir='ltr' id='par_1_4' title="bbox 156 2261 647 2350">
     <span class='ocr_line' id='line_1_16' title="bbox 156 2261 647 2350; baseline -0.008 -20"><span class='ocrx_word' id='word_1_191' title='bbox 156 2291 182 2331; x_wconf 82' lang='lat' dir='ltr'><strong>n</strong></span> <span class='ocrx_word' id='word_1_192' title='bbox 201 2262 310 2327; x_wconf 82' lang='lat' dir='ltr'><strong>dicere</strong></span> <span class='ocrx_word' id='word_1_193' title='bbox 333 2261 647 2350; x_wconf 81' lang='lat' dir='ltr'><strong>praesumpserrmt?</strong></span> 
     </span>
    </p>
   </div>
   <div class='ocr_carea' id='block_1_4' title="bbox 155 2386 1857 3116">
    <p class='ocr_par' dir='ltr' id='par_1_5' title="bbox 155 2386 1857 3116">
     <span class='ocr_line' id='line_1_17' title="bbox 308 2386 1857 2474; baseline 0.001 -24"><span class='ocrx_word' id='word_1_194' title='bbox 308 2387 490 2451; x_wconf 91' lang='lat' dir='ltr'><strong>XXXIIII.</strong></span> <span class='ocrx_word' id='word_1_195' title='bbox 526 2387 729 2474; x_wconf 83' lang='lat' dir='ltr'><strong>Augustinus</strong></span> <span class='ocrx_word' id='word_1_196' title='bbox 753 2387 785 2451; x_wconf 92' lang='lat' dir='ltr'><strong>in</strong></span> <span class='ocrx_word' id='word_1_197' title='bbox 802 2386 884 2451; x_wconf 91' lang='lat' dir='ltr'><strong>libro</strong></span> <span class='ocrx_word' id='word_1_198' title='bbox 901 2386 993 2451; x_wconf 89' lang='lat' dir='ltr'><strong>VIII.</strong></span> <span class='ocrx_word' id='word_1_199' title='bbox 1011 2386 1051 2450; x_wconf 88' lang='lat' dir='ltr'><strong>da</strong></span> <span class='ocrx_word' id='word_1_200' title='bbox 1069 2388 1201 2451; x_wconf 88' lang='lat' dir='ltr'><strong>civitate</strong></span> <span class='ocrx_word' id='word_1_201' title='bbox 1217 2386 1300 2450; x_wconf 89' lang='lat' dir='ltr'><strong>Dei:</strong></span> <span class='ocrx_word' id='word_1_202' title='bbox 1326 2393 1528 2468; x_wconf 74' lang='lat' dir='ltr'><strong>Quapropter²</strong></span> <span class='ocrx_word' id='word_1_203' title='bbox 1543 2398 1644 2453; x_wconf 80' lang='lat' dir='ltr'><strong>men‘to</strong></span> <span class='ocrx_word' id='word_1_204' title='bbox 1660 2399 1742 2452; x_wconf 89' lang='lat' dir='ltr'><strong>homo</strong></span> <span class='ocrx_word' id='word_1_205' title='bbox 1758 2397 1857 2452; x_wconf 84' lang='lat' dir='ltr'><strong>deficit</strong></span> 
     </span>
     <span class='ocr_line' id='line_1_18' title="bbox 200 2503 1193 2576; baseline -0.001 -18"><span class='ocrx_word' id='word_1_206' title='bbox 200 2504 237 2558; x_wconf 89' lang='lat' dir='ltr'><strong>ab</strong></span> <span class='ocrx_word' id='word_1_207' title='bbox 260 2503 318 2574; x_wconf 92' lang='lat' dir='ltr'><strong>illo,</strong></span> <span class='ocrx_word' id='word_1_208' title='bbox 343 2506 392 2576; x_wconf 90' lang='lat' dir='ltr'><strong>qui</strong></span> <span class='ocrx_word' id='word_1_209' title='bbox 418 2523 481 2558; x_wconf 88' lang='lat' dir='ltr'><strong>cum</strong></span> <span class='ocrx_word' id='word_1_210' title='bbox 505 2503 586 2572; x_wconf 82' lang='lat' dir='ltr'><strong>iecit,</strong></span> <span class='ocrx_word' id='word_1_211' title='bbox 611 2522 675 2559; x_wconf 89' lang='lat' dir='ltr'><strong>cum</strong></span> <span class='ocrx_word' id='word_1_212' title='bbox 698 2504 752 2558; x_wconf 88' lang='lat' dir='ltr'><strong>sibi</strong></span> <span class='ocrx_word' id='word_1_213' title='bbox 775 2503 905 2575; x_wconf 83' lang='lat' dir='ltr'><strong>praeficit</strong></span> <span class='ocrx_word' id='word_1_214' title='bbox 928 2504 989 2575; x_wconf 89' lang='lat' dir='ltr'><strong>ipse</strong></span> <span class='ocrx_word' id='word_1_215' title='bbox 1014 2504 1090 2575; x_wconf 89' lang='lat' dir='ltr'><strong>quod</strong></span> <span class='ocrx_word' id='word_1_216' title='bbox 1114 2503 1193 2560; x_wconf 81' lang='lat' dir='ltr'><strong>fecit.</strong></span> 
     </span>
     <span class='ocr_line' id='line_1_19' title="bbox 308 2599 1854 2687; baseline -0.001 -21"><span class='ocrx_word' id='word_1_217' title='bbox 308 2603 541 2667; x_wconf 75' lang='lat' dir='ltr'><strong>Demonstrat³</strong></span> <span class='ocrx_word' id='word_1_218' title='bbox 564 2602 650 2665; x_wconf 88' lang='lat' dir='ltr'><strong>enirn</strong></span> <span class='ocrx_word' id='word_1_219' title='bbox 674 2601 761 2665; x_wconf 90' lang='lat' dir='ltr'><strong>idem</strong></span> <span class='ocrx_word' id='word_1_220' title='bbox 785 2600 912 2681; x_wconf 88' lang='lat' dir='ltr'><strong>Ermes,</strong></span> <span class='ocrx_word' id='word_1_221' title='bbox 943 2599 1031 2687; x_wconf 89' lang='lat' dir='ltr'><strong>quod</strong></span> <span class='ocrx_word' id='word_1_222' title='bbox 1054 2601 1201 2665; x_wconf 89' lang='lat' dir='ltr'><strong>homines</strong></span> <span class='ocrx_word' id='word_1_223' title='bbox 1225 2602 1342 2665; x_wconf 89' lang='lat' dir='ltr'><strong>mortui</strong></span> <span class='ocrx_word' id='word_1_224' title='bbox 1372 2600 1484 2665; x_wconf 86' lang='lat' dir='ltr'><strong>divino</strong></span> <span class='ocrx_word' id='word_1_225' title='bbox 1515 2599 1708 2666; x_wconf 84' lang='lat' dir='ltr'><strong>colebantur</strong></span> <span class='ocrx_word' id='word_1_226' title='bbox 1733 2600 1854 2666; x_wconf 89' lang='lat' dir='ltr'><strong>honore</strong></span> 
     </span>
     <span class='ocr_line' id='line_1_20' title="bbox 200 2706 1856 2796; baseline -0.001 -23"><span class='ocrx_word' id='word_1_227' title='bbox 200 2709 290 2774; x_wconf 85' lang='lat' dir='ltr'><strong>velut</strong></span> <span class='ocrx_word' id='word_1_228' title='bbox 305 2708 521 2796; x_wconf 84' lang='lat' dir='ltr'><strong>Aesculapius</strong></span> <span class='ocrx_word' id='word_1_229' title='bbox 545 2721 643 2795; x_wconf 88' lang='lat' dir='ltr'><strong>atque</strong></span> <span class='ocrx_word' id='word_1_230' title='bbox 659 2707 852 2788; x_wconf 88' lang='lat' dir='ltr'><strong>Mercurius,</strong></span> <span class='ocrx_word' id='word_1_231' title='bbox 877 2730 972 2794; x_wconf 87' lang='lat' dir='ltr'><strong>quem</strong></span> <span class='ocrx_word' id='word_1_232' title='bbox 997 2730 1091 2771; x_wconf 92' lang='lat' dir='ltr'><strong>suum</strong></span> <span class='ocrx_word' id='word_1_233' title='bbox 1115 2729 1186 2771; x_wconf 90' lang='lat' dir='ltr'><strong>esse</strong></span> <span class='ocrx_word' id='word_1_234' title='bbox 1211 2706 1291 2772; x_wconf 87' lang='lat' dir='ltr'><strong>dicit</strong></span> <span class='ocrx_word' id='word_1_235' title='bbox 1314 2730 1423 2790; x_wconf 83' lang='lat' dir='ltr'><strong>avum,</strong></span> <span class='ocrx_word' id='word_1_236' title='bbox 1448 2719 1481 2772; x_wconf 89' lang='lat' dir='ltr'><strong>et</strong></span> <span class='ocrx_word' id='word_1_237' title='bbox 1503 2707 1630 2794; x_wconf 86' lang='lat' dir='ltr'><strong>reliqui.</strong></span> <span class='ocrx_word' id='word_1_238' title='bbox 1672 2708 1745 2772; x_wconf 88' lang='lat' dir='ltr'><strong>Hac</strong></span> <span class='ocrx_word' id='word_1_239' title='bbox 1769 2709 1856 2772; x_wconf 90' lang='lat' dir='ltr'><strong>enim</strong></span> 
     </span>
     <span class='ocr_line' id='line_1_21' title="bbox 155 2812 1855 2902; baseline -0.003 -19"><span class='ocrx_word' id='word_1_240' title='bbox 155 2843 183 2883; x_wconf 82' lang='lat' dir='ltr'><strong>so</strong></span> <span class='ocrx_word' id='word_1_241' title='bbox 201 2818 373 2882; x_wconf 89' lang='lat' dir='ltr'><strong>occasione</strong></span> <span class='ocrx_word' id='word_1_242' title='bbox 405 2826 541 2902; x_wconf 89' lang='lat' dir='ltr'><strong>accepta</strong></span> <span class='ocrx_word' id='word_1_243' title='bbox 571 2814 747 2880; x_wconf 87' lang='lat' dir='ltr'><strong>daemones</strong></span> <span class='ocrx_word' id='word_1_244' title='bbox 779 2827 814 2880; x_wconf 90' lang='lat' dir='ltr'><strong>ut</strong></span> <span class='ocrx_word' id='word_1_245' title='bbox 844 2816 1075 2879; x_wconf 85' lang='lat' dir='ltr'><strong>intercessores</strong></span> <span class='ocrx_word' id='word_1_246' title='bbox 1106 2815 1283 2878; x_wconf 80' lang='lat' dir='ltr'><strong>existerent</strong></span> <span class='ocrx_word' id='word_1_247' title='bbox 1314 2815 1401 2901; x_wconf 89' lang='lat' dir='ltr'><strong>apud</strong></span> <span class='ocrx_word' id='word_1_248' title='bbox 1432 2812 1534 2879; x_wconf 89' lang='lat' dir='ltr'><strong>bonos</strong></span> <span class='ocrx_word' id='word_1_249' title='bbox 1565 2814 1655 2896; x_wconf 88' lang='lat' dir='ltr'><strong>deos,</strong></span> <span class='ocrx_word' id='word_1_250' title='bbox 1687 2837 1769 2902; x_wconf 89' lang='lat' dir='ltr'><strong>quos</strong></span> <span class='ocrx_word' id='word_1_251' title='bbox 1796 2837 1855 2879; x_wconf 89' lang='lat' dir='ltr'><strong>nos</strong></span> 
     </span>
     <span class='ocr_line' id='line_1_22' title="bbox 200 2920 1856 3009; baseline -0.001 -21"><span class='ocrx_word' id='word_1_252' title='bbox 200 2922 335 3009; x_wconf 88' lang='lat' dir='ltr'><strong>angelos</strong></span> <span class='ocrx_word' id='word_1_253' title='bbox 365 2935 495 2986; x_wconf 89' lang='lat' dir='ltr'><strong>sanctos</strong></span> <span class='ocrx_word' id='word_1_254' title='bbox 526 2945 585 2987; x_wconf 89' lang='lat' dir='ltr'><strong>seu</strong></span> <span class='ocrx_word' id='word_1_255' title='bbox 615 2921 828 3007; x_wconf 85' lang='lat' dir='ltr'><strong>archangelos</strong></span> <span class='ocrx_word' id='word_1_256' title='bbox 856 2921 909 2985; x_wconf 80' lang='lat' dir='ltr'><strong>vel</strong></span> <span class='ocrx_word' id='word_1_257' title='bbox 940 2931 1116 3008; x_wconf 88' lang='lat' dir='ltr'><strong>potestates</strong></span> <span class='ocrx_word' id='word_1_258' title='bbox 1147 2920 1297 2985; x_wconf 87' lang='lat' dir='ltr'><strong>dicimus.</strong></span> <span class='ocrx_word' id='word_1_259' title='bbox 1343 2920 1417 2984; x_wconf 89' lang='lat' dir='ltr'><strong>Tali</strong></span> <span class='ocrx_word' id='word_1_260' title='bbox 1447 2922 1534 2985; x_wconf 88' lang='lat' dir='ltr'><strong>enim</strong></span> <span class='ocrx_word' id='word_1_261' title='bbox 1558 2921 1682 2985; x_wconf 89' lang='lat' dir='ltr'><strong>ratione</strong></span> <span class='ocrx_word' id='word_1_262' title='bbox 1706 2920 1856 2986; x_wconf 88' lang='lat' dir='ltr'><strong>nubiloso</strong></span> 
     </span>
     <span class='ocr_line' id='line_1_23' title="bbox 201 3026 1385 3116; baseline -0.003 -23"><span class='ocrx_word' id='word_1_263' title='bbox 201 3031 363 3095; x_wconf 87' lang='lat' dir='ltr'><strong>velamine</strong></span> <span class='ocrx_word' id='word_1_264' title='bbox 387 3030 550 3116; x_wconf 89' lang='lat' dir='ltr'><strong>sapientes</strong></span> <span class='ocrx_word' id='word_1_265' title='bbox 574 3029 743 3115; x_wconf 88' lang='lat' dir='ltr'><strong>gentilium</strong></span> <span class='ocrx_word' id='word_1_266' title='bbox 768 3051 827 3094; x_wconf 91' lang='lat' dir='ltr'><strong>sua</strong></span> <span class='ocrx_word' id='word_1_267' title='bbox 850 3029 984 3093; x_wconf 90' lang='lat' dir='ltr'><strong>numina</strong></span> <span class='ocrx_word' id='word_1_268' title='bbox 1007 3026 1164 3092; x_wconf 82' lang='lat' dir='ltr'><strong>obtexere</strong></span> <span class='ocrx_word' id='word_1_269' title='bbox 1188 3026 1385 3092; x_wconf 86' lang='lat' dir='ltr'><strong>nitebantur.</strong></span> 
     </span>
    </p>
   </div>
   <div class='ocr_carea' id='block_1_5' title="bbox 155 3151 1856 3876">
    <p class='ocr_par' dir='ltr' id='par_1_6' title="bbox 308 3151 1856 3240">
     <span class='ocr_line' id='line_1_24' title="bbox 308 3151 1856 3240; baseline -0.001 -22"><span class='ocrx_word' id='word_1_270' title='bbox 308 3154 454 3218; x_wconf 87' lang='lat' dir='ltr'><strong>XXXV.</strong></span> <span class='ocrx_word' id='word_1_271' title='bbox 489 3152 682 3218; x_wconf 90' lang='lat' dir='ltr'><strong>Ambrosius</strong></span> <span class='ocrx_word' id='word_1_272' title='bbox 712 3155 746 3217; x_wconf 92' lang='lat' dir='ltr'><strong>in</strong></span> <span class='ocrx_word' id='word_1_273' title='bbox 777 3154 979 3240; x_wconf 85' lang='lat' dir='ltr'><strong>expositione</strong></span> <span class='ocrx_word' id='word_1_274' title='bbox 1004 3151 1161 3238; x_wconf 87' lang='lat' dir='ltr'><strong>epistolae</strong></span> <span class='ocrx_word' id='word_1_275' title='bbox 1185 3151 1227 3216; x_wconf 91' lang='lat' dir='ltr'><strong>ad</strong></span> <span class='ocrx_word' id='word_1_276' title='bbox 1251 3151 1430 3216; x_wconf 85' lang='lat' dir='ltr'><strong>Romanos:</strong></span> <span class='ocrx_word' id='word_1_277' title='bbox 1462 3159 1629 3233; x_wconf 76' lang='lat' dir='ltr'><strong>Numquid⁴</strong></span> <span class='ocrx_word' id='word_1_278' title='bbox 1652 3170 1711 3218; x_wconf 87' lang='lat' dir='ltr'><strong>tam</strong></span> <span class='ocrx_word' id='word_1_279' title='bbox 1739 3163 1856 3218; x_wconf 83' lang='lat' dir='ltr'><strong>demens</strong></span> 
     </span>
    </p>

    <p class='ocr_par' dir='ltr' id='par_1_7' title="bbox 155 3268 1856 3876">
     <span class='ocr_line' id='line_1_25' title="bbox 202 3268 1855 3342; baseline -0.001 -16"><span class='ocrx_word' id='word_1_280' title='bbox 202 3278 247 3326; x_wconf 88' lang='lat' dir='ltr'><strong>est</strong></span> <span class='ocrx_word' id='word_1_281' title='bbox 271 3270 373 3342; x_wconf 87' lang='lat' dir='ltr'><strong>aliquis</strong></span> <span class='ocrx_word' id='word_1_282' title='bbox 396 3276 445 3325; x_wconf 90' lang='lat' dir='ltr'><strong>aut</strong></span> <span class='ocrx_word' id='word_1_283' title='bbox 468 3269 567 3324; x_wconf 89' lang='lat' dir='ltr'><strong>salutis</strong></span> <span class='ocrx_word' id='word_1_284' title='bbox 590 3287 659 3325; x_wconf 89' lang='lat' dir='ltr'><strong>suae</strong></span> <span class='ocrx_word' id='word_1_285' title='bbox 683 3270 829 3336; x_wconf 88' lang='lat' dir='ltr'><strong>inmemor,</strong></span> <span class='ocrx_word' id='word_1_286' title='bbox 854 3276 886 3323; x_wconf 88' lang='lat' dir='ltr'><strong>ut</strong></span> <span class='ocrx_word' id='word_1_287' title='bbox 909 3268 1151 3324; x_wconf 87' lang='lat' dir='ltr'><strong>honorificentiam</strong></span> <span class='ocrx_word' id='word_1_288' title='bbox 1173 3270 1250 3340; x_wconf 85' lang='lat' dir='ltr'><strong>regis</strong></span> <span class='ocrx_word' id='word_1_289' title='bbox 1273 3269 1400 3324; x_wconf 77' lang='lat' dir='ltr'><strong>vindicet</strong></span> <span class='ocrx_word' id='word_1_290' title='bbox 1423 3271 1527 3337; x_wconf 88' lang='lat' dir='ltr'><strong>comiti,</strong></span> <span class='ocrx_word' id='word_1_291' title='bbox 1552 3271 1669 3325; x_wconf 74' lang='lat' dir='ltr'><strong>cuneda</strong></span> <span class='ocrx_word' id='word_1_292' title='bbox 1691 3271 1743 3326; x_wconf 87' lang='lat' dir='ltr'><strong>hac</strong></span> <span class='ocrx_word' id='word_1_293' title='bbox 1767 3288 1809 3337; x_wconf 86' lang='lat' dir='ltr'><strong>re,</strong></span> <span class='ocrx_word' id='word_1_294' title='bbox 1833 3270 1855 3324; x_wconf 88' lang='lat' dir='ltr'><strong>si</strong></span> 
     </span>
     <span class='ocr_line' id='line_1_26' title="bbox 155 3376 1854 3449; baseline -0.001 -15"><span class='ocrx_word' id='word_1_295' title='bbox 155 3393 183 3434; x_wconf 82' lang='lat' dir='ltr'><strong>so</strong></span> <span class='ocrx_word' id='word_1_296' title='bbox 202 3379 251 3449; x_wconf 92' lang='lat' dir='ltr'><strong>qui</strong></span> <span class='ocrx_word' id='word_1_297' title='bbox 275 3378 359 3432; x_wconf 85' lang='lat' dir='ltr'><strong>etiam</strong></span> <span class='ocrx_word' id='word_1_298' title='bbox 383 3384 507 3432; x_wconf 85' lang='lat' dir='ltr'><strong>tractare</strong></span> <span class='ocrx_word' id='word_1_299' title='bbox 531 3376 638 3431; x_wconf 80' lang='lat' dir='ltr'><strong>fuerint</strong></span> <span class='ocrx_word' id='word_1_300' title='bbox 662 3377 781 3442; x_wconf 82' lang='lat' dir='ltr'><strong>inventi,</strong></span> <span class='ocrx_word' id='word_1_301' title='bbox 804 3377 865 3431; x_wconf 90' lang='lat' dir='ltr'><strong>iure</strong></span> <span class='ocrx_word' id='word_1_302' title='bbox 889 3383 922 3431; x_wconf 92' lang='lat' dir='ltr'><strong>ut</strong></span> <span class='ocrx_word' id='word_1_303' title='bbox 945 3377 987 3431; x_wconf 88' lang='lat' dir='ltr'><strong>rei</strong></span> <span class='ocrx_word' id='word_1_304' title='bbox 1010 3376 1179 3432; x_wconf 89' lang='lat' dir='ltr'><strong>damnantur</strong></span> <span class='ocrx_word' id='word_1_305' title='bbox 1201 3376 1367 3442; x_wconf 88' lang='lat' dir='ltr'><strong>maiestatis,</strong></span> <span class='ocrx_word' id='word_1_306' title='bbox 1392 3385 1422 3431; x_wconf 89' lang='lat' dir='ltr'><strong>et</strong></span> <span class='ocrx_word' id='word_1_307' title='bbox 1439 3377 1484 3431; x_wconf 87' lang='lat' dir='ltr'><strong>isti</strong></span> <span class='ocrx_word' id='word_1_308' title='bbox 1501 3395 1532 3432; x_wconf 93' lang='lat' dir='ltr'><strong>se</strong></span> <span class='ocrx_word' id='word_1_309' title='bbox 1549 3395 1604 3431; x_wconf 89' lang='lat' dir='ltr'><strong>non</strong></span> <span class='ocrx_word' id='word_1_310' title='bbox 1628 3378 1757 3448; x_wconf 82' lang='lat' dir='ltr'><strong>cogitant</strong></span> <span class='ocrx_word' id='word_1_311' title='bbox 1780 3395 1854 3445; x_wconf 91' lang='lat' dir='ltr'><strong>reos,</strong></span> 
     </span>
     <span class='ocr_line' id='line_1_27' title="bbox 202 3482 1856 3555; baseline -0.001 -16"><span class='ocrx_word' id='word_1_312' title='bbox 202 3486 250 3555; x_wconf 88' lang='lat' dir='ltr'><strong>qni</strong></span> <span class='ocrx_word' id='word_1_313' title='bbox 274 3484 407 3539; x_wconf 88' lang='lat' dir='ltr'><strong>honorem</strong></span> <span class='ocrx_word' id='word_1_314' title='bbox 431 3483 549 3538; x_wconf 88' lang='lat' dir='ltr'><strong>nominis</strong></span> <span class='ocrx_word' id='word_1_315' title='bbox 566 3483 621 3538; x_wconf 91' lang='lat' dir='ltr'><strong>Dei</strong></span> <span class='ocrx_word' id='word_1_316' title='bbox 637 3482 774 3538; x_wconf 80' lang='lat' dir='ltr'><strong>deserunt</strong></span> <span class='ocrx_word' id='word_1_317' title='bbox 789 3490 938 3538; x_wconf 88' lang='lat' dir='ltr'><strong>creaturae</strong></span> <span class='ocrx_word' id='word_1_318' title='bbox 958 3490 989 3538; x_wconf 90' lang='lat' dir='ltr'><strong>et</strong></span> <span class='ocrx_word' id='word_1_319' title='bbox 1011 3482 1112 3538; x_wconf 88' lang='lat' dir='ltr'><strong>relicto</strong></span> <span class='ocrx_word' id='word_1_320' title='bbox 1127 3484 1248 3538; x_wconf 91' lang='lat' dir='ltr'><strong>Domino</strong></span> <span class='ocrx_word' id='word_1_321' title='bbox 1264 3500 1415 3538; x_wconf 85' lang='lat' dir='ltr'><strong>conservos</strong></span> <span class='ocrx_word' id='word_1_322' title='bbox 1431 3483 1560 3550; x_wconf 87' lang='lat' dir='ltr'><strong>adorant,</strong></span> <span class='ocrx_word' id='word_1_323' title='bbox 1589 3483 1669 3555; x_wconf 85' lang='lat' dir='ltr'><strong>quasi</strong></span> <span class='ocrx_word' id='word_1_324' title='bbox 1685 3485 1722 3538; x_wconf 90' lang='lat' dir='ltr'><strong>sit</strong></span> <span class='ocrx_word' id='word_1_325' title='bbox 1738 3483 1856 3554; x_wconf 76' lang='lat' dir='ltr'><strong>aliquid,</strong></span> 
     </span>
     <span class='ocr_line' id='line_1_28' title="bbox 202 3590 1855 3662; baseline -0.001 -16"><span class='ocrx_word' id='word_1_326' title='bbox 202 3591 277 3661; x_wconf 90' lang='lat' dir='ltr'><strong>quod</strong></span> <span class='ocrx_word' id='word_1_327' title='bbox 301 3590 365 3662; x_wconf 90' lang='lat' dir='ltr'><strong>plns</strong></span> <span class='ocrx_word' id='word_1_328' title='bbox 388 3598 552 3645; x_wconf 84' lang='lat' dir='ltr'><strong>reservetur</strong></span> <span class='ocrx_word' id='word_1_329' title='bbox 567 3591 653 3645; x_wconf 79' lang='lat' dir='ltr'><strong>Deo?</strong></span> <span class='ocrx_word' id='word_1_330' title='bbox 688 3590 760 3645; x_wconf 88' lang='lat' dir='ltr'><strong>Nam</strong></span> <span class='ocrx_word' id='word_1_331' title='bbox 783 3590 848 3644; x_wconf 90' lang='lat' dir='ltr'><strong>ideo</strong></span> <span class='ocrx_word' id='word_1_332' title='bbox 871 3591 907 3644; x_wconf 91' lang='lat' dir='ltr'><strong>ad</strong></span> <span class='ocrx_word' id='word_1_333' title='bbox 930 3606 1027 3661; x_wconf 83' lang='lat' dir='ltr'><strong>regern</strong></span> <span class='ocrx_word' id='word_1_334' title='bbox 1052 3608 1104 3661; x_wconf 89' lang='lat' dir='ltr'><strong>per</strong></span> <span class='ocrx_word' id='word_1_335' title='bbox 1126 3591 1255 3645; x_wconf 88' lang='lat' dir='ltr'><strong>tribunos</strong></span> <span class='ocrx_word' id='word_1_336' title='bbox 1271 3597 1321 3645; x_wconf 87' lang='lat' dir='ltr'><strong>sut</strong></span> <span class='ocrx_word' id='word_1_337' title='bbox 1337 3590 1455 3646; x_wconf 86' lang='lat' dir='ltr'><strong>comites</strong></span> <span class='ocrx_word' id='word_1_338' title='bbox 1471 3592 1536 3658; x_wconf 91' lang='lat' dir='ltr'><strong>itur,</strong></span> <span class='ocrx_word' id='word_1_339' title='bbox 1562 3591 1629 3662; x_wconf 91' lang='lat' dir='ltr'><strong>quia</strong></span> <span class='ocrx_word' id='word_1_340' title='bbox 1650 3591 1731 3645; x_wconf 89' lang='lat' dir='ltr'><strong>homo</strong></span> <span class='ocrx_word' id='word_1_341' title='bbox 1756 3590 1855 3660; x_wconf 88' lang='lat' dir='ltr'><strong>utique</strong></span> 
     </span>
     <span class='ocr_line' id='line_1_29' title="bbox 203 3696 1856 3769; baseline -0.002 -16"><span class='ocrx_word' id='word_1_342' title='bbox 203 3707 247 3753; x_wconf 88' lang='lat' dir='ltr'><strong>est</strong></span> <span class='ocrx_word' id='word_1_343' title='bbox 270 3715 320 3753; x_wconf 86' lang='lat' dir='ltr'><strong>rex</strong></span> <span class='ocrx_word' id='word_1_344' title='bbox 350 3704 380 3752; x_wconf 90' lang='lat' dir='ltr'><strong>ct</strong></span> <span class='ocrx_word' id='word_1_345' title='bbox 404 3697 496 3752; x_wconf 90' lang='lat' dir='ltr'><strong>nescit</strong></span> <span class='ocrx_word' id='word_1_346' title='bbox 526 3697 630 3767; x_wconf 91' lang='lat' dir='ltr'><strong>quibus</strong></span> <span class='ocrx_word' id='word_1_347' title='bbox 660 3697 768 3752; x_wconf 89' lang='lat' dir='ltr'><strong>debeat</strong></span> <span class='ocrx_word' id='word_1_348' title='bbox 797 3696 999 3767; x_wconf 86' lang='lat' dir='ltr'><strong>rempublicam</strong></span> <span class='ocrx_word' id='word_1_349' title='bbox 1023 3697 1153 3752; x_wconf 87' lang='lat' dir='ltr'><strong>credere.</strong></span> <span class='ocrx_word' id='word_1_350' title='bbox 1199 3697 1247 3752; x_wconf 90' lang='lat' dir='ltr'><strong>Ad</strong></span> <span class='ocrx_word' id='word_1_351' title='bbox 1270 3698 1364 3752; x_wconf 88' lang='lat' dir='ltr'><strong>Deum</strong></span> <span class='ocrx_word' id='word_1_352' title='bbox 1387 3704 1483 3752; x_wconf 88' lang='lat' dir='ltr'><strong>antem</strong></span> <span class='ocrx_word' id='word_1_353' title='bbox 1511 3699 1739 3769; x_wconf 89' lang='lat' dir='ltr'><strong>promerendum,</strong></span> <span class='ocrx_word' id='word_1_354' title='bbox 1771 3714 1856 3768; x_wconf 88' lang='lat' dir='ltr'><strong>quem</strong></span> 
     </span>
     <span class='ocr_line' id='line_1_30' title="bbox 201 3802 1848 3876; baseline -0.001 -18"><span class='ocrx_word' id='word_1_355' title='bbox 201 3804 269 3858; x_wconf 91' lang='lat' dir='ltr'><strong>nihil</strong></span> <span class='ocrx_word' id='word_1_356' title='bbox 285 3804 385 3876; x_wconf 88' lang='lat' dir='ltr'><strong>utique</strong></span> <span class='ocrx_word' id='word_1_357' title='bbox 401 3807 473 3859; x_wconf 86' lang='lat' dir='ltr'><strong>latet</strong></span> <span class='ocrx_word' id='word_1_358' title='bbox 501 3833 538 3843; x_wconf 80' lang='lat'>-</span> <span class='ocrx_word' id='word_1_359' title='bbox 557 3804 678 3858; x_wconf 89' lang='lat' dir='ltr'><strong>omnium</strong></span> <span class='ocrx_word' id='word_1_360' title='bbox 695 3804 769 3858; x_wconf 89' lang='lat' dir='ltr'><strong>enim</strong></span> <span class='ocrx_word' id='word_1_361' title='bbox 785 3803 888 3858; x_wconf 89' lang='lat' dir='ltr'><strong>merita</strong></span> <span class='ocrx_word' id='word_1_362' title='bbox 902 3803 980 3856; x_wconf 86' lang='lat' dir='ltr'><strong>novit</strong></span> <span class='ocrx_word' id='word_1_363' title='bbox 1000 3832 1050 3870; x_wconf 95' lang='lat'><strong>-,</strong></span> <span class='ocrx_word' id='word_1_364' title='bbox 1066 3802 1268 3875; x_wconf 82' lang='lat' dir='ltr'><strong>suffragatione</strong></span> <span class='ocrx_word' id='word_1_365' title='bbox 1285 3821 1340 3859; x_wconf 88' lang='lat' dir='ltr'><strong>neu</strong></span> <span class='ocrx_word' id='word_1_366' title='bbox 1364 3820 1435 3875; x_wconf 88' lang='lat' dir='ltr'><strong>opus</strong></span> <span class='ocrx_word' id='word_1_367' title='bbox 1459 3811 1514 3870; x_wconf 89' lang='lat' dir='ltr'><strong>est,</strong></span> <span class='ocrx_word' id='word_1_368' title='bbox 1538 3805 1589 3859; x_wconf 90' lang='lat' dir='ltr'><strong>sed</strong></span> <span class='ocrx_word' id='word_1_369' title='bbox 1613 3811 1710 3859; x_wconf 89' lang='lat' dir='ltr'><strong>mente</strong></span> <span class='ocrx_word' id='word_1_370' title='bbox 1735 3804 1848 3858; x_wconf 88' lang='lat' dir='ltr'><strong>devota.</strong></span> 
     </span>
    </p>
   </div>
   <div class='ocr_carea' id='block_1_6' title="bbox 156 3916 1855 4004">
    <p class='ocr_par' dir='ltr' id='par_1_8' title="bbox 156 3916 1855 4004">
     <span class='ocr_line' id='line_1_31' title="bbox 156 3916 1855 4004; baseline -0.003 -17"><span class='ocrx_word' id='word_1_371' title='bbox 156 3947 184 3987; x_wconf 86' lang='lat' dir='ltr'><strong>so</strong></span> <span class='ocrx_word' id='word_1_372' title='bbox 308 3918 470 3983; x_wconf 90' lang='lat' dir='ltr'><strong>XXXVI.</strong></span> <span class='ocrx_word' id='word_1_373' title='bbox 506 3918 589 3983; x_wconf 89' lang='lat' dir='ltr'><strong>Item</strong></span> <span class='ocrx_word' id='word_1_374' title='bbox 605 3917 807 4004; x_wconf 83' lang='lat' dir='ltr'><strong>Augustinus</strong></span> <span class='ocrx_word' id='word_1_375' title='bbox 824 3919 857 3982; x_wconf 89' lang='lat' dir='ltr'><strong>in</strong></span> <span class='ocrx_word' id='word_1_376' title='bbox 880 3916 963 3982; x_wconf 87' lang='lat' dir='ltr'><strong>libro</strong></span> <span class='ocrx_word' id='word_1_377' title='bbox 987 3917 1028 3982; x_wconf 89' lang='lat' dir='ltr'><strong>dc</strong></span> <span class='ocrx_word' id='word_1_378' title='bbox 1052 3940 1132 3982; x_wconf 83' lang='lat' dir='ltr'><strong>vera</strong></span> <span class='ocrx_word' id='word_1_379' title='bbox 1155 3917 1312 4003; x_wconf 90' lang='lat' dir='ltr'><strong>religione</strong></span> <span class='ocrx_word' id='word_1_380' title='bbox 1337 3920 1422 3982; x_wconf 90' lang='lat' dir='ltr'><strong>inter</strong></span> <span class='ocrx_word' id='word_1_381' title='bbox 1444 3929 1553 3983; x_wconf 87' lang='lat' dir='ltr'><strong>cetera</strong></span> <span class='ocrx_word' id='word_1_382' title='bbox 1577 3917 1673 3983; x_wconf 90' lang='lat' dir='ltr'><strong>dicit:</strong></span> <span class='ocrx_word' id='word_1_383' title='bbox 1698 3923 1768 3984; x_wconf 67' lang='lat' dir='ltr'><strong>Ad5</strong></span> <span class='ocrx_word' id='word_1_384' title='bbox 1789 3947 1855 3999; x_wconf 84' lang='lat' dir='ltr'><strong>per-</strong></span> 
     </span>
    </p>
   </div>
   <div class='ocr_carea' id='block_1_7' title="bbox 156 4141 1857 4854">
    <p class='ocr_par' dir='ltr' id='par_1_9' title="bbox 201 4141 1855 4213">
     <span class='ocr_line' id='line_1_32' title="bbox 201 4141 1855 4213; baseline -0.001 -16"><span class='ocrx_word' id='word_1_385' title='bbox 201 4143 387 4209; x_wconf 88' lang='lat' dir='ltr'><strong>sensibilium,</strong></span> <span class='ocrx_word' id='word_1_386' title='bbox 411 4160 485 4213; x_wconf 89' lang='lat' dir='ltr'><strong>quae</strong></span> <span class='ocrx_word' id='word_1_387' title='bbox 509 4143 589 4197; x_wconf 90' lang='lat' dir='ltr'><strong>nobis</strong></span> <span class='ocrx_word' id='word_1_388' title='bbox 613 4142 649 4196; x_wconf 95' lang='lat' dir='ltr'><strong>ab</strong></span> <span class='ocrx_word' id='word_1_389' title='bbox 674 4141 725 4196; x_wconf 90' lang='lat' dir='ltr'><strong>hoc</strong></span> <span class='ocrx_word' id='word_1_390' title='bbox 749 4141 876 4197; x_wconf 86' lang='lat' dir='ltr'><strong>sensibili</strong></span> <span class='ocrx_word' id='word_1_391' title='bbox 899 4142 1004 4196; x_wconf 85' lang='lat' dir='ltr'><strong>mundo</strong></span> <span class='ocrx_word' id='word_1_392' title='bbox 1027 4159 1204 4213; x_wconf 88' lang='lat' dir='ltr'><strong>percorpus</strong></span> <span class='ocrx_word' id='word_1_393' title='bbox 1228 4142 1382 4212; x_wconf 88' lang='lat' dir='ltr'><strong>impressae</strong></span> <span class='ocrx_word' id='word_1_394' title='bbox 1407 4142 1497 4196; x_wconf 85' lang='lat' dir='ltr'><strong>varias</strong></span> <span class='ocrx_word' id='word_1_395' title='bbox 1521 4142 1669 4213; x_wconf 84' lang='lat' dir='ltr'><strong>opiniones</strong></span> <span class='ocrx_word' id='word_1_396' title='bbox 1689 4159 1855 4212; x_wconf 82' lang='lat' dir='ltr'><strong>erroresque</strong></span> 
     </span>
    </p>

    <p class='ocr_par' dir='ltr' id='par_1_10' title="bbox 200 4247 1856 4322">
     <span class='ocr_line' id='line_1_33' title="bbox 200 4247 1856 4322; baseline -0.002 -17"><span class='ocrx_word' id='word_1_397' title='bbox 200 4257 350 4322; x_wconf 88' lang='lat' dir='ltr'><strong>generant.</strong></span> <span class='ocrx_word' id='word_1_398' title='bbox 398 4249 459 4304; x_wconf 85' lang='lat' dir='ltr'><strong>Nec</strong></span> <span class='ocrx_word' id='word_1_399' title='bbox 491 4266 613 4304; x_wconf 86' lang='lat' dir='ltr'><strong>errorem</strong></span> <span class='ocrx_word' id='word_1_400' title='bbox 643 4247 731 4302; x_wconf 88' lang='lat' dir='ltr'><strong>ullum</strong></span> <span class='ocrx_word' id='word_1_401' title='bbox 763 4248 791 4303; x_wconf 93' lang='lat' dir='ltr'><strong>in</strong></span> <span class='ocrx_word' id='word_1_402' title='bbox 820 4249 957 4319; x_wconf 86' lang='lat' dir='ltr'><strong>religione</strong></span> <span class='ocrx_word' id='word_1_403' title='bbox 983 4266 1046 4303; x_wconf 88' lang='lat' dir='ltr'><strong>esse</strong></span> <span class='ocrx_word' id='word_1_404' title='bbox 1069 4248 1207 4319; x_wconf 87' lang='lat' dir='ltr'><strong>petuisse,</strong></span> <span class='ocrx_word' id='word_1_405' title='bbox 1238 4248 1261 4302; x_wconf 90' lang='lat' dir='ltr'><strong>si</strong></span> <span class='ocrx_word' id='word_1_406' title='bbox 1292 4249 1385 4303; x_wconf 89' lang='lat' dir='ltr'><strong>anima</strong></span> <span class='ocrx_word' id='word_1_407' title='bbox 1414 4267 1465 4319; x_wconf 89' lang='lat' dir='ltr'><strong>pro</strong></span> <span class='ocrx_word' id='word_1_408' title='bbox 1488 4248 1552 4304; x_wconf 90' lang='lat' dir='ltr'><strong>Dea</strong></span> <span class='ocrx_word' id='word_1_409' title='bbox 1583 4267 1634 4305; x_wconf 89' lang='lat' dir='ltr'><strong>sue</strong></span> <span class='ocrx_word' id='word_1_410' title='bbox 1664 4266 1719 4302; x_wconf 90' lang='lat' dir='ltr'><strong>non</strong></span> <span class='ocrx_word' id='word_1_411' title='bbox 1747 4247 1856 4304; x_wconf 87' lang='lat' dir='ltr'><strong>celeret</strong></span> 
     </span>
    </p>

    <p class='ocr_par' dir='ltr' id='par_1_11' title="bbox 156 4354 1857 4534">
     <span class='ocr_line' id='line_1_34' title="bbox 200 4354 1857 4427; baseline -0.002 -15"><span class='ocrx_word' id='word_1_412' title='bbox 200 4358 320 4412; x_wconf 87' lang='lat' dir='ltr'><strong>animam</strong></span> <span class='ocrx_word' id='word_1_413' title='bbox 344 4363 393 4411; x_wconf 90' lang='lat' dir='ltr'><strong>aut</strong></span> <span class='ocrx_word' id='word_1_414' title='bbox 416 4374 519 4427; x_wconf 89' lang='lat' dir='ltr'><strong>corpus</strong></span> <span class='ocrx_word' id='word_1_415' title='bbox 541 4363 591 4410; x_wconf 87' lang='lat' dir='ltr'><strong>aut</strong></span> <span class='ocrx_word' id='word_1_416' title='bbox 614 4354 786 4410; x_wconf 79' lang='lat' dir='ltr'><strong>fantasmata</strong></span> <span class='ocrx_word' id='word_1_417' title='bbox 808 4372 868 4424; x_wconf 86' lang='lat' dir='ltr'><strong>sna,</strong></span> <span class='ocrx_word' id='word_1_418' title='bbox 901 4373 974 4426; x_wconf 90' lang='lat' dir='ltr'><strong>quae</strong></span> <span class='ocrx_word' id='word_1_419' title='bbox 1001 4354 1070 4408; x_wconf 90' lang='lat' dir='ltr'><strong>nihil</strong></span> <span class='ocrx_word' id='word_1_420' title='bbox 1094 4363 1160 4409; x_wconf 91' lang='lat' dir='ltr'><strong>sunt</strong></span> <span class='ocrx_word' id='word_1_421' title='bbox 1182 4354 1261 4410; x_wconf 90' lang='lat' dir='ltr'><strong>aliud</strong></span> <span class='ocrx_word' id='word_1_422' title='bbox 1284 4373 1367 4425; x_wconf 84' lang='lat' dir='ltr'><strong>quarn</strong></span> <span class='ocrx_word' id='word_1_423' title='bbox 1392 4356 1428 4410; x_wconf 93' lang='lat' dir='ltr'><strong>de</strong></span> <span class='ocrx_word' id='word_1_424' title='bbox 1452 4356 1549 4427; x_wconf 91' lang='lat' dir='ltr'><strong>specie</strong></span> <span class='ocrx_word' id='word_1_425' title='bbox 1574 4356 1697 4427; x_wconf 89' lang='lat' dir='ltr'><strong>corporis</strong></span> <span class='ocrx_word' id='word_1_426' title='bbox 1721 4372 1857 4426; x_wconf 86' lang='lat' dir='ltr'><strong>corporeo</strong></span> 
     </span>
     <span class='ocr_line' id='line_1_35' title="bbox 156 4461 603 4534; baseline -0.009 -13"><span class='ocrx_word' id='word_1_427' title='bbox 156 4481 183 4521; x_wconf 82' lang='lat' dir='ltr'><strong>sa</strong></span> <span class='ocrx_word' id='word_1_428' title='bbox 201 4480 286 4518; x_wconf 87' lang='lat' dir='ltr'><strong>sensu</strong></span> <span class='ocrx_word' id='word_1_429' title='bbox 310 4469 434 4518; x_wconf 88' lang='lat' dir='ltr'><strong>attracta</strong></span> <span class='ocrx_word' id='word_1_430' title='bbox 456 4461 603 4534; x_wconf 82' lang='lat' dir='ltr'><strong>figmenta.</strong></span> 
     </span>
    </p>

    <p class='ocr_par' dir='ltr' id='par_1_12' title="bbox 308 4559 1856 4640">
     <span class='ocr_line' id='line_1_36' title="bbox 308 4559 1856 4640; baseline -0.001 -16"><span class='ocrx_word' id='word_1_431' title='bbox 308 4559 391 4624; x_wconf 87' lang='lat' dir='ltr'><strong>Item</strong></span> <span class='ocrx_word' id='word_1_432' title='bbox 415 4560 448 4623; x_wconf 86' lang='lat' dir='ltr'><strong>in</strong></span> <span class='ocrx_word' id='word_1_433' title='bbox 473 4559 604 4624; x_wconf 84' lang='lat' dir='ltr'><strong>eodem:</strong></span> <span class='ocrx_word' id='word_1_434' title='bbox 637 4564 723 4624; x_wconf 79' lang='lat' dir='ltr'><strong>Non⁶</strong></span> <span class='ocrx_word' id='word_1_435' title='bbox 745 4569 783 4622; x_wconf 89' lang='lat' dir='ltr'><strong>ait</strong></span> <span class='ocrx_word' id='word_1_436' title='bbox 807 4569 887 4624; x_wconf 90' lang='lat' dir='ltr'><strong>nobis</strong></span> <span class='ocrx_word' id='word_1_437' title='bbox 914 4568 1014 4639; x_wconf 85' lang='lat' dir='ltr'><strong>religio</strong></span> <span class='ocrx_word' id='word_1_438' title='bbox 1037 4568 1219 4624; x_wconf 89' lang='lat' dir='ltr'><strong>humanorum</strong></span> <span class='ocrx_word' id='word_1_439' title='bbox 1243 4585 1361 4640; x_wconf 89' lang='lat' dir='ltr'><strong>operum</strong></span> <span class='ocrx_word' id='word_1_440' title='bbox 1385 4568 1488 4624; x_wconf 86' lang='lat' dir='ltr'><strong>cultus.</strong></span> <span class='ocrx_word' id='word_1_441' title='bbox 1535 4568 1669 4624; x_wconf 87' lang='lat' dir='ltr'><strong>Meliores</strong></span> <span class='ocrx_word' id='word_1_442' title='bbox 1694 4569 1767 4624; x_wconf 89' lang='lat' dir='ltr'><strong>enim</strong></span> <span class='ocrx_word' id='word_1_443' title='bbox 1790 4576 1856 4622; x_wconf 89' lang='lat' dir='ltr'><strong>sunt</strong></span> 
     </span>
    </p>

    <p class='ocr_par' dir='ltr' id='par_1_13' title="bbox 200 4675 1856 4748">
     <span class='ocr_line' id='line_1_37' title="bbox 200 4675 1856 4748; baseline 0 -18"><span class='ocrx_word' id='word_1_444' title='bbox 200 4677 254 4748; x_wconf 91' lang='lat' dir='ltr'><strong>ipsi</strong></span> <span class='ocrx_word' id='word_1_445' title='bbox 284 4675 419 4743; x_wconf 87' lang='lat' dir='ltr'><strong>artifices,</strong></span> <span class='ocrx_word' id='word_1_446' title='bbox 451 4676 500 4747; x_wconf 87' lang='lat' dir='ltr'><strong>qui</strong></span> <span class='ocrx_word' id='word_1_447' title='bbox 530 4675 600 4731; x_wconf 88' lang='lat' dir='ltr'><strong>talia</strong></span> <span class='ocrx_word' id='word_1_448' title='bbox 630 4676 781 4742; x_wconf 81' lang='lat' dir='ltr'><strong>fabricant,</strong></span> <span class='ocrx_word' id='word_1_449' title='bbox 813 4695 882 4747; x_wconf 88' lang='lat' dir='ltr'><strong>quos</strong></span> <span class='ocrx_word' id='word_1_450' title='bbox 913 4683 1009 4730; x_wconf 88' lang='lat' dir='ltr'><strong>tamen</strong></span> <span class='ocrx_word' id='word_1_451' title='bbox 1039 4676 1133 4731; x_wconf 90' lang='lat' dir='ltr'><strong>colere</strong></span> <span class='ocrx_word' id='word_1_452' title='bbox 1164 4692 1220 4731; x_wconf 90' lang='lat' dir='ltr'><strong>non</strong></span> <span class='ocrx_word' id='word_1_453' title='bbox 1251 4676 1398 4732; x_wconf 84' lang='lat' dir='ltr'><strong>debemus.</strong></span> <span class='ocrx_word' id='word_1_454' title='bbox 1444 4675 1508 4733; x_wconf 86' lang='lat' dir='ltr'><strong>Non</strong></span> <span class='ocrx_word' id='word_1_455' title='bbox 1538 4676 1576 4730; x_wconf 88' lang='lat' dir='ltr'><strong>sit</strong></span> <span class='ocrx_word' id='word_1_456' title='bbox 1598 4676 1681 4731; x_wconf 88' lang='lat' dir='ltr'><strong>nobis</strong></span> <span class='ocrx_word' id='word_1_457' title='bbox 1705 4675 1804 4747; x_wconf 85' lang='lat' dir='ltr'><strong>religio</strong></span> <span class='ocrx_word' id='word_1_458' title='bbox 1827 4676 1856 4730; x_wconf 90' lang='lat' dir='ltr'><strong>in</strong></span> 
     </span>
    </p>

    <p class='ocr_par' dir='ltr' id='par_1_14' title="bbox 201 4781 1855 4854">
     <span class='ocr_line' id='line_1_38' title="bbox 201 4781 1855 4854; baseline 0 -18"><span class='ocrx_word' id='word_1_459' title='bbox 201 4783 418 4839; x_wconf 81' lang='lat' dir='ltr'><strong>fantasmatibus</strong></span> <span class='ocrx_word' id='word_1_460' title='bbox 440 4783 553 4839; x_wconf 89' lang='lat' dir='ltr'><strong>uostris.</strong></span> <span class='ocrx_word' id='word_1_461' title='bbox 601 4782 703 4837; x_wconf 86' lang='lat' dir='ltr'><strong>Melius</strong></span> <span class='ocrx_word' id='word_1_462' title='bbox 727 4783 801 4838; x_wconf 87' lang='lat' dir='ltr'><strong>enirn</strong></span> <span class='ocrx_word' id='word_1_463' title='bbox 830 4786 1038 4854; x_wconf 88' lang='lat' dir='ltr'><strong>qualecumque</strong></span> <span class='ocrx_word' id='word_1_464' title='bbox 1062 4800 1160 4837; x_wconf 80' lang='lat' dir='ltr'><strong>rerum</strong></span> <span class='ocrx_word' id='word_1_465' title='bbox 1184 4800 1267 4853; x_wconf 83' lang='lat' dir='ltr'><strong>quarn</strong></span> <span class='ocrx_word' id='word_1_466' title='bbox 1298 4800 1380 4838; x_wconf 85' lang='lat' dir='ltr'><strong>omne</strong></span> <span class='ocrx_word' id='word_1_467' title='bbox 1412 4783 1547 4853; x_wconf 90' lang='lat' dir='ltr'><strong>quicquid</strong></span> <span class='ocrx_word' id='word_1_468' title='bbox 1571 4800 1623 4854; x_wconf 91' lang='lat' dir='ltr'><strong>pro</strong></span> <span class='ocrx_word' id='word_1_469' title='bbox 1647 4782 1764 4838; x_wconf 88' lang='lat' dir='ltr'><strong>arbitrio</strong></span> <span class='ocrx_word' id='word_1_470' title='bbox 1787 4781 1855 4854; x_wconf 89' lang='lat' dir='ltr'><strong>tingi</strong></span> 
     </span>
    </p>
   </div>
   <div class='ocr_carea' id='block_1_8' title="bbox 154 4990 1339 5324">
    <p class='ocr_par' dir='ltr' id='par_1_15' title="bbox 307 4990 758 5046">
     <span class='ocr_line' id='line_1_39' title="bbox 307 4990 758 5046; baseline -0.002 -4"><span class='ocrx_word' id='word_1_471' title='bbox 307 4992 437 5046; x_wconf 81' lang='lat' dir='ltr'><strong>XXXIII.</strong></span> <span class='ocrx_word' id='word_1_472' title='bbox 465 4995 481 5042; x_wconf 86' lang='grc'>3</span> <span class='ocrx_word' id='word_1_473' title='bbox 500 4992 623 5042; x_wconf 87' lang='lat' dir='ltr'><strong>XXXIII</strong></span> <span class='ocrx_word' id='word_1_474' title='bbox 641 4991 708 5042; x_wconf 70' lang='lat' dir='ltr'><strong>dour</strong></span> <span class='ocrx_word' id='word_1_475' title='bbox 727 4990 758 5041; x_wconf 86' lang='lat' dir='ltr'><strong>P.</strong></span> 
     </span>
    </p>

    <p class='ocr_par' dir='ltr' id='par_1_16' title="bbox 154 5074 1339 5324">
     <span class='ocr_line' id='line_1_40' title="bbox 154 5074 1242 5146; baseline -0.001 -15"><span class='ocrx_word' id='word_1_476' title='bbox 154 5093 184 5132; x_wconf 75' lang='lat' dir='ltr'><strong>eo</strong></span> <span class='ocrx_word' id='word_1_477' title='bbox 308 5081 457 5133; x_wconf 85' lang='lat' dir='ltr'><strong>XXXIIII.</strong></span> <span class='ocrx_word' id='word_1_478' title='bbox 489 5083 520 5131; x_wconf 77' lang='lat'><strong>16</strong></span> <span class='ocrx_word' id='word_1_479' title='bbox 539 5082 566 5131; x_wconf 92' lang='lat' dir='ltr'><strong>in</strong></span> <span class='ocrx_word' id='word_1_480' title='bbox 584 5081 651 5131; x_wconf 80' lang='lat' dir='ltr'><strong>deest</strong></span> <span class='ocrx_word' id='word_1_481' title='bbox 669 5080 699 5131; x_wconf 91' lang='lat' dir='ltr'><strong>P.</strong></span> <span class='ocrx_word' id='word_1_482' title='bbox 774 5074 957 5146; x_wconf 87' lang='lat' dir='ltr'><strong>Quapropter]</strong></span> <span class='ocrx_word' id='word_1_483' title='bbox 975 5081 1045 5144; x_wconf 79' lang='lat' dir='ltr'><strong>Aug.</strong></span> <span class='ocrx_word' id='word_1_484' title='bbox 1064 5080 1092 5129; x_wconf 82' lang='lat' dir='ltr'><strong>ia</strong></span> <span class='ocrx_word' id='word_1_485' title='bbox 1110 5097 1189 5145; x_wconf 76' lang='lat' dir='ltr'><strong>omrq.</strong></span> <span class='ocrx_word' id='word_1_486' title='bbox 1210 5079 1242 5130; x_wconf 87' lang='lat' dir='ltr'><strong>P.</strong></span> 
     </span>
     <span class='ocr_line' id='line_1_41' title="bbox 307 5164 1000 5235; baseline -0.004 -14"><span class='ocrx_word' id='word_1_487' title='bbox 307 5171 418 5222; x_wconf 83' lang='lat' dir='ltr'><strong>XXXV.</strong></span> <span class='ocrx_word' id='word_1_488' title='bbox 448 5173 482 5221; x_wconf 84' lang='grc'>23</span> <span class='ocrx_word' id='word_1_489' title='bbox 502 5164 650 5235; x_wconf 85' lang='lat' dir='ltr'><strong>Numquid]</strong></span> <span class='ocrx_word' id='word_1_490' title='bbox 669 5170 805 5221; x_wconf 87' lang='lat' dir='ltr'><strong>Ambrosii</strong></span> <span class='ocrx_word' id='word_1_491' title='bbox 824 5169 852 5219; x_wconf 81' lang='lat' dir='ltr'><strong>ia</strong></span> <span class='ocrx_word' id='word_1_492' title='bbox 870 5185 950 5234; x_wconf 76' lang='lat' dir='ltr'><strong>mory.</strong></span> <span class='ocrx_word' id='word_1_493' title='bbox 970 5167 1000 5218; x_wconf 91' lang='lat' dir='ltr'><strong>P.</strong></span> 
     </span>
     <span class='ocr_line' id='line_1_42' title="bbox 307 5251 1339 5324; baseline -0.004 -14"><span class='ocrx_word' id='word_1_494' title='bbox 307 5260 433 5310; x_wconf 84' lang='lat' dir='ltr'><strong>XXXVI.</strong></span> <span class='ocrx_word' id='word_1_495' title='bbox 461 5262 496 5310; x_wconf 88' lang='grc'>30</span> <span class='ocrx_word' id='word_1_496' title='bbox 515 5253 569 5323; x_wconf 88' lang='lat' dir='ltr'><strong>Ad]</strong></span> <span class='ocrx_word' id='word_1_497' title='bbox 588 5261 659 5324; x_wconf 84' lang='lat' dir='ltr'><strong>Aug.</strong></span> <span class='ocrx_word' id='word_1_498' title='bbox 677 5258 705 5309; x_wconf 85' lang='lat' dir='ltr'><strong>in</strong></span> <span class='ocrx_word' id='word_1_499' title='bbox 723 5276 802 5323; x_wconf 71' lang='lat' dir='ltr'><strong>musy.</strong></span> <span class='ocrx_word' id='word_1_500' title='bbox 823 5257 853 5308; x_wconf 92' lang='lat' dir='ltr'><strong>P.</strong></span> <span class='ocrx_word' id='word_1_501' title='bbox 926 5260 961 5307; x_wconf 84' lang='grc'>36</span> <span class='ocrx_word' id='word_1_502' title='bbox 981 5251 1052 5319; x_wconf 86' lang='grc' dir='ltr'>Νοιι]</span> <span class='ocrx_word' id='word_1_503' title='bbox 1074 5258 1144 5321; x_wconf 88' lang='lat' dir='ltr'><strong>Aug.</strong></span> <span class='ocrx_word' id='word_1_504' title='bbox 1162 5257 1190 5306; x_wconf 83' lang='lat' dir='ltr'><strong>ia</strong></span> <span class='ocrx_word' id='word_1_505' title='bbox 1208 5275 1288 5321; x_wconf 64' lang='lat' dir='ltr'><strong>oraro.</strong></span> <span class='ocrx_word' id='word_1_506' title='bbox 1309 5258 1339 5306; x_wconf 88' lang='lat' dir='ltr'><strong>P.</strong></span> 
     </span>
    </p>
   </div>
   <div class='ocr_carea' id='block_1_9' title="bbox 155 5455 1858 5963">
    <p class='ocr_par' dir='ltr' id='par_1_17' title="bbox 312 5455 1858 5536">
     <span class='ocr_line' id='line_1_43' title="bbox 312 5455 1858 5536; baseline 0 -22"><span class='ocrx_word' id='word_1_507' title='bbox 312 5461 341 5528; x_wconf 93' lang='lat' dir='ltr'><strong>l)</strong></span> <span class='ocrx_word' id='word_1_508' title='bbox 365 5459 547 5536; x_wconf 67' lang='lat' dir='ltr'><strong>Auqiutinus,</strong></span> <span class='ocrx_word' id='word_1_509' title='bbox 571 5457 618 5515; x_wconf 84' lang='lat' dir='ltr'><strong>De</strong></span> <span class='ocrx_word' id='word_1_510' title='bbox 640 5457 796 5533; x_wconf 57' lang='lat' dir='ltr'><strong>quantitas</strong></span> <span class='ocrx_word' id='word_1_511' title='bbox 818 5457 932 5514; x_wconf 75' lang='lat' dir='ltr'><strong>anianae</strong></span> <span class='ocrx_word' id='word_1_512' title='bbox 955 5477 978 5512; x_wconf 85' lang='lat' dir='ltr'><strong>c.</strong></span> <span class='ocrx_word' id='word_1_513' title='bbox 994 5463 1034 5527; x_wconf 80' lang='lat'><strong>2;</strong></span> <span class='ocrx_word' id='word_1_514' title='bbox 1058 5457 1132 5533; x_wconf 83' lang='grc' dir='ltr'>(φρ</span> <span class='ocrx_word' id='word_1_515' title='bbox 1151 5457 1174 5528; x_wconf 84' lang='grc' dir='ltr'><strong>Ι,</strong></span> <span class='ocrx_word' id='word_1_516' title='bbox 1190 5459 1261 5518; x_wconf 77' lang='grc'><em>402.</em></span> <span class='ocrx_word' id='word_1_517' title='bbox 1337 5455 1367 5524; x_wconf 74' lang='grc'><strong>2)</strong></span> <span class='ocrx_word' id='word_1_518' title='bbox 1392 5456 1572 5533; x_wconf 69' lang='lat' dir='ltr'><strong>deigratiam,</strong></span> <span class='ocrx_word' id='word_1_519' title='bbox 1597 5455 1644 5514; x_wconf 82' lang='lat' dir='ltr'><strong>De</strong></span> <span class='ocrx_word' id='word_1_520' title='bbox 1667 5455 1778 5514; x_wconf 76' lang='lat' dir='ltr'><strong>civitate</strong></span> <span class='ocrx_word' id='word_1_521' title='bbox 1800 5455 1858 5514; x_wconf 77' lang='lat' dir='ltr'><strong>Do·</strong></span> 
     </span>
    </p>

    <p class='ocr_par' dir='ltr' id='par_1_18' title="bbox 208 5555 1856 5643">
     <span class='ocr_line' id='line_1_44' title="bbox 208 5555 1856 5643; baseline -0.001 -21"><span class='ocrx_word' id='word_1_522' title='bbox 208 5565 286 5622; x_wconf 85' lang='lat' dir='ltr'><strong>VIII</strong></span> <span class='ocrx_word' id='word_1_523' title='bbox 303 5586 326 5622; x_wconf 89' lang='lat' dir='ltr'><strong>c.</strong></span> <span class='ocrx_word' id='word_1_524' title='bbox 342 5569 384 5626; x_wconf 78' lang='lat'><strong>23</strong></span> <span class='ocrx_word' id='word_1_525' title='bbox 405 5557 430 5643; x_wconf 58' lang='grc' dir='ltr'><em>ἕ</em></span> <span class='ocrx_word' id='word_1_526' title='bbox 444 5570 483 5634; x_wconf 81' lang='grc'><strong>2,·</strong></span> <span class='ocrx_word' id='word_1_527' title='bbox 508 5564 581 5641; x_wconf 99' lang='grc' dir='ltr'>(φρ</span> <span class='ocrx_word' id='word_1_528' title='bbox 606 5563 671 5635; x_wconf 88' lang='lat' dir='ltr'><strong>VII,</strong></span> <span class='ocrx_word' id='word_1_529' title='bbox 687 5567 756 5624; x_wconf 79' lang='lat'><strong>211.</strong></span> <span class='ocrx_word' id='word_1_530' title='bbox 849 5563 880 5634; x_wconf 84' lang='lat'><strong>3)</strong></span> <span class='ocrx_word' id='word_1_531' title='bbox 906 5563 955 5636; x_wconf 84' lang='lat' dir='ltr'><strong>Cf.</strong></span> <span class='ocrx_word' id='word_1_532' title='bbox 977 5563 1077 5620; x_wconf 81' lang='lat' dir='ltr'><strong>ibidem</strong></span> <span class='ocrx_word' id='word_1_533' title='bbox 1100 5563 1178 5620; x_wconf 91' lang='lat' dir='ltr'><strong>VIII</strong></span> <span class='ocrx_word' id='word_1_534' title='bbox 1195 5584 1218 5620; x_wconf 88' lang='lat' dir='ltr'><strong>c.</strong></span> <span class='ocrx_word' id='word_1_535' title='bbox 1235 5565 1276 5623; x_wconf 70' lang='lat'><strong>24</strong></span> <span class='ocrx_word' id='word_1_536' title='bbox 1298 5555 1323 5639; x_wconf 61' lang='grc' dir='ltr'><strong><em>ἕ</em></strong></span> <span class='ocrx_word' id='word_1_537' title='bbox 1337 5566 1373 5630; x_wconf 88' lang='grc'>3,·</span> <span class='ocrx_word' id='word_1_538' title='bbox 1403 5565 1422 5619; x_wconf 89' lang='lat' dir='ltr'><strong>l.</strong></span> <span class='ocrx_word' id='word_1_539' title='bbox 1438 5565 1457 5620; x_wconf 90' lang='lat' dir='ltr'><strong>l.</strong></span> <span class='ocrx_word' id='word_1_540' title='bbox 1489 5562 1552 5633; x_wconf 88' lang='lat' dir='ltr'><strong>VII,</strong></span> <span class='ocrx_word' id='word_1_541' title='bbox 1568 5564 1638 5622; x_wconf 70' lang='lat'><strong>214.</strong></span> <span class='ocrx_word' id='word_1_542' title='bbox 1735 5563 1767 5630; x_wconf 79' lang='lat'><strong>4)</strong></span> <span class='ocrx_word' id='word_1_543' title='bbox 1792 5562 1856 5620; x_wconf 79' lang='lat' dir='ltr'><strong>Pa.-</strong></span> 
     </span>
    </p>

    <p class='ocr_par' dir='ltr' id='par_1_19' title="bbox 155 5669 1854 5747">
     <span class='ocr_line' id='line_1_45' title="bbox 155 5669 1854 5747; baseline -0.001 -18"><span class='ocrx_word' id='word_1_544' title='bbox 155 5695 183 5735; x_wconf 73' lang='lat' dir='ltr'><strong>as</strong></span> <span class='ocrx_word' id='word_1_545' title='bbox 201 5672 373 5743; x_wconf 77' lang='lat' dir='ltr'><strong>Ambrosias,</strong></span> <span class='ocrx_word' id='word_1_546' title='bbox 406 5673 556 5731; x_wconf 70' lang='lat' dir='ltr'><strong>Commmrt.</strong></span> <span class='ocrx_word' id='word_1_547' title='bbox 588 5671 617 5729; x_wconf 84' lang='lat' dir='ltr'><strong>ia</strong></span> <span class='ocrx_word' id='word_1_548' title='bbox 647 5671 725 5747; x_wconf 65' lang='lat' dir='ltr'><strong>epist.</strong></span> <span class='ocrx_word' id='word_1_549' title='bbox 756 5672 799 5729; x_wconf 83' lang='lat' dir='ltr'><strong>ad</strong></span> <span class='ocrx_word' id='word_1_550' title='bbox 825 5671 988 5741; x_wconf 58' lang='lat' dir='ltr'><strong>Rauranum</strong></span> <span class='ocrx_word' id='word_1_551' title='bbox 1023 5671 1097 5746; x_wconf 89' lang='grc' dir='ltr'>(φρ.</span> <span class='ocrx_word' id='word_1_552' title='bbox 1123 5670 1263 5728; x_wconf 80' lang='lat' dir='ltr'><strong>Ambrosii</strong></span> <span class='ocrx_word' id='word_1_553' title='bbox 1285 5669 1326 5739; x_wconf 88' lang='lat'><strong>11,</strong></span> <span class='ocrx_word' id='word_1_554' title='bbox 1353 5690 1422 5746; x_wconf 83' lang='lat' dir='ltr'><strong>app.</strong></span> <span class='ocrx_word' id='word_1_555' title='bbox 1447 5673 1494 5730; x_wconf 86' lang='grc'><strong>33.</strong></span> <span class='ocrx_word' id='word_1_556' title='bbox 1609 5669 1640 5741; x_wconf 82' lang='lat'><strong>5)</strong></span> <span class='ocrx_word' id='word_1_557' title='bbox 1674 5669 1854 5747; x_wconf 64' lang='lat' dir='ltr'><strong>Augustinus,</strong></span> 
     </span>
    </p>

    <p class='ocr_par' dir='ltr' id='par_1_20' title="bbox 200 5770 1855 5963">
     <span class='ocr_line' id='line_1_46' title="bbox 200 5770 1855 5856; baseline -0.001 -19"><span class='ocrx_word' id='word_1_558' title='bbox 200 5780 248 5837; x_wconf 81' lang='lat' dir='ltr'><strong>De</strong></span> <span class='ocrx_word' id='word_1_559' title='bbox 269 5799 339 5837; x_wconf 80' lang='lat' dir='ltr'><strong>ocra</strong></span> <span class='ocrx_word' id='word_1_560' title='bbox 362 5779 498 5856; x_wconf 72' lang='lat' dir='ltr'><strong>religione</strong></span> <span class='ocrx_word' id='word_1_561' title='bbox 519 5799 543 5836; x_wconf 86' lang='lat' dir='ltr'><strong>c.</strong></span> <span class='ocrx_word' id='word_1_562' title='bbox 568 5781 585 5838; x_wconf 86' lang='lat'><em>1</em></span> <span class='ocrx_word' id='word_1_563' title='bbox 608 5770 632 5856; x_wconf 63' lang='grc' dir='ltr'><em>ἕ</em></span> <span class='ocrx_word' id='word_1_564' title='bbox 655 5781 673 5837; x_wconf 88' lang='grc'>3</span> <span class='ocrx_word' id='word_1_565' title='bbox 697 5779 748 5849; x_wconf 93' lang='grc'>(-</span> <span class='ocrx_word' id='word_1_566' title='bbox 767 5787 908 5852; x_wconf 84' lang='lat' dir='ltr'><strong>generant</strong></span> <span class='ocrx_word' id='word_1_567' title='bbox 931 5780 951 5834; x_wconf 90' lang='lat' dir='ltr'><strong>l.</strong></span> <span class='ocrx_word' id='word_1_568' title='bbox 969 5781 1029 5848; x_wconf 85' lang='grc'>33),</span> <span class='ocrx_word' id='word_1_569' title='bbox 1054 5798 1077 5834; x_wconf 89' lang='lat' dir='ltr'><strong>c.</strong></span> <span class='ocrx_word' id='word_1_570' title='bbox 1096 5780 1135 5839; x_wconf 88' lang='grc'>10</span> <span class='ocrx_word' id='word_1_571' title='bbox 1156 5771 1252 5856; x_wconf 74' lang='lat'><em>§18;</em></span> <span class='ocrx_word' id='word_1_572' title='bbox 1284 5779 1358 5853; x_wconf 88' lang='grc' dir='ltr'>(φρ.</span> <span class='ocrx_word' id='word_1_573' title='bbox 1383 5776 1494 5848; x_wconf 68' lang='lat' dir='ltr'><strong>Lm.</strong></span> <span class='ocrx_word' id='word_1_574' title='bbox 1510 5778 1580 5837; x_wconf 68' lang='lat'><strong>751.</strong></span> <span class='ocrx_word' id='word_1_575' title='bbox 1684 5777 1716 5840; x_wconf 73' lang='lat'><strong>6)</strong></span> <span class='ocrx_word' id='word_1_576' title='bbox 1747 5775 1855 5835; x_wconf 71' lang='lat' dir='ltr'><strong>Ibidem</strong></span> 
     </span>
     <span class='ocr_line' id='line_1_47' title="bbox 202 5877 642 5963; baseline -0.007 -19"><span class='ocrx_word' id='word_1_577' title='bbox 202 5906 225 5944; x_wconf 88' lang='lat' dir='ltr'><strong>c.</strong></span> <span class='ocrx_word' id='word_1_578' title='bbox 242 5888 281 5946; x_wconf 75' lang='lat'><strong>54</strong></span> <span class='ocrx_word' id='word_1_579' title='bbox 304 5877 421 5963; x_wconf 57' lang='grc' dir='ltr'><strong>5108,Ι</strong></span> <span class='ocrx_word' id='word_1_580' title='bbox 451 5887 469 5942; x_wconf 92' lang='lat' dir='ltr'><strong>l.</strong></span> <span class='ocrx_word' id='word_1_581' title='bbox 486 5887 505 5942; x_wconf 85' lang='lat' dir='ltr'><strong>l.</strong></span> <span class='ocrx_word' id='word_1_582' title='bbox 530 5884 642 5954; x_wconf 68' lang='lat' dir='ltr'><strong>mse.</strong></span> 
     </span>
    </p>
   </div>
   <div class='ocr_carea' id='block_1_10' title="bbox 0 0 2406 6708">
    <p class='ocr_par' dir='ltr' id='par_1_21' title="bbox 0 0 2406 6708">
     <span class='ocr_line' id='line_1_48' title="bbox 0 0 2406 6708; baseline 0 0"><span class='ocrx_word' id='word_1_583' title='bbox 0 0 2406 6708; x_wconf 95' lang='lat' dir='ltr'><strong> </strong></span> 
     </span>
    </p>
   </div>
  </div>
 </body>
</html>
