4884 6717
271 518 323 576 53.
358 518 624 578 CONSTITUTIO
641 522 694 576 DE
710 519 951 577 PARTITIONE
968 519 1164 577 BONORUM
1180 521 1424 578 MONASTERII
1439 521 1469 578 S.
1485 522 1663 580 DYONISII
1678 524 1715 580 A.
1733 521 1808 580 832.
1855 516 1920 579 689

270 730 381 774 eorum
416 706 678 797 necessiltatibus
712 706 944 773 deserviendas
973 706 1190 790 tradideram,
1225 730 1285 793 per
1318 707 1403 772 banc
1437 707 1617 795 largitionis
1652 719 1777 775 cartam
1809 719 1922 775 nostra

270 813 472 902 aliorumque
501 812 661 880 bonorum
691 814 858 880 bominum
888 812 1040 880 manibus
1069 812 1254 879 roboratam
1285 815 1332 879 eis
1363 814 1605 880 confirmassem
1635 838 1674 881 ac
1705 816 1920 902 delegassem,

270 921 409 1009 qualiter
430 922 465 985 in
480 920 588 986 futuro
608 931 720 986 nostra
742 921 921 1002 concessio,
945 943 1044 1007 quam
1068 919 1109 985 ob
1125 921 1191 985 Dei
1209 942 1354 987 amorem
1378 933 1411 986 et
1432 923 1492 1009 ip.
1510 946 1576 989 ..s
1599 934 1729 988 nostrae
1753 923 1920 1010 scriptum,

269 1027 433 1093 humiliter
454 1028 559 1115 primo
583 1030 727 1093 omnium
751 1050 790 1093 ac
813 1028 1005 1115 suppliciter
1027 1049 1233 1092 successores
1256 1051 1346 1093 meos
1369 1050 1486 1116 precor
1509 1038 1542 1094 et
1570 1028 1741 1112 admoneo,
1771 1040 1808 1095 ut
1836 1028 1922 1094 banc

238 1145 399 1206 anostrae
423 1133 636 1199 ordinationis
660 1134 933 1216 constitutionem,
957 1156 1056 1220 quam
1078 1132 1155 1217 Dei,
1178 1142 1215 1198 ut
1238 1133 1346 1216 credo,
1370 1136 1526 1200 instinctu
1547 1135 1620 1201 fieri
1649 1135 1845 1219 desideravi,
1875 1137 1923 1201 ita

268 1240 500 1307 inviolabiliter
522 1241 589 1305 suis
619 1239 833 1329 tempor[ibus
863 1251 897 1305 et
925 1264 945 1304 a
975 1239 1055 1328 suile
1085 1239 1328 1306 successoribus
1359 1244 1547 1308 conservari
1577 1243 1749 1327 voluerint,
1780 1244 1920 1308 scientes

268 1371 334 1413 non
357 1347 534 1413 ambitione
557 1348 635 1412 veni
657 1347 797 1412 nominis
821 1357 878 1411 aut
900 1345 1079 1434 cupiditate
1108 1348 1291 1434 praesentis
1320 1348 1454 1435 gloriae,
1484 1349 1543 1415 sed
1573 1349 1643 1414 sola
1670 1349 1799 1415 futurae
1829 1350 1920 1415 retri-

269 1454 410 1520 butionis
433 1452 586 1519 mercede
610 1452 652 1519 ob
675 1453 710 1518 id
733 1476 785 1518 me
808 1476 869 1541 per
891 1476 1097 1535 consensum,
1120 1463 1157 1519 ut
1180 1453 1260 1536 dixi,
1285 1454 1408 1520 domini
1431 1457 1495 1521 mei
1518 1455 1602 1520 hanc
1631 1454 1918 1545 constituti[0nem]

269 1609 278 1625 .
303 1611 311 1625 .
336 1610 344 1626 .
369 1573 382 1625 t
409 1561 609 1634 monasticus
633 1559 713 1626 ordo
736 1562 904 1647 potuisset,
928 1561 1012 1625 sicut
1034 1561 1219 1647 praeteritis
1242 1560 1444 1648 temporibus
1468 1560 1617 1628 omnibus
1641 1562 1847 1628 manifestum
1870 1572 1921 1628 est

225 1699 250 1737 n
268 1668 455 1754 contigisse,
485 1668 520 1731 in
543 1677 668 1733 tannim
695 1677 731 1731 ut
753 1664 907 1753 pastorali
931 1666 1141 1753 neglegentia
1164 1666 1318 1732 diuturna
1346 1678 1380 1732 et
1408 1669 1536 1733 incuria
1565 1668 1751 1756 temporalis
1782 1668 1920 1734 subsidii

268 1775 425 1861 paulatim
458 1772 663 1860 neglegendo
698 1773 796 1838 etiam
827 1793 892 1836 exa
915 1824 922 1838 .
949 1824 956 1838 .
982 1829 988 1841 .
1014 1782 1071 1838 ant
1104 1771 1230 1861 absque
1265 1776 1494 1840 retractatione
1528 1777 1710 1863 postposita
1744 1799 1765 1841 s
1797 1777 1918 1842 maiore

267 1891 370 1967 perte,
394 1881 502 1968 ipsum
524 1879 672 1946 habitum
694 1879 882 1944 amiserunt
932 1878 1074 1960 Quidam
1097 1902 1175 1945 vero
1199 1879 1313 1946 divina
1335 1881 1549 1968 inspiratione
1573 1882 1729 1948 admoniti
1753 1893 1787 1949 et
1809 1904 1918 1948 amore

268 1987 410 2053 devincti
434 1988 469 2052 in
492 1997 624 2052 sanctae
647 1985 814 2073 religionis
837 1988 1002 2074 proposito
1026 1997 1059 2051 et
1085 1984 1198 2052 babitu
1229 1987 1399 2074 elegerunt
1427 1987 1564 2054 viriliter
1592 1988 1811 2079 permane[re]
1844 2039 1918 2056 ...

267 2094 375 2177 rebus,
399 2093 519 2182 quibus
540 2105 675 2181 possent
697 2092 885 2159 subsistere.
930 2094 1009 2159 Post
1032 2092 1113 2158 haec
1136 2093 1298 2180 siquidem
1320 2097 1355 2158 in
1378 2094 1479 2159 altero
1502 2094 1574 2160 loco
1598 2095 1823 2161 huiuscemodi
1845 2119 1920 2183 pro·

223 2229 249 2269 rs
267 2199 401 2266 sessioni
423 2202 542 2288 aptiori
565 2200 725 2288 quaedam
748 2199 828 2264 villa
850 2201 898 2265 eis
921 2210 971 2265 est
994 2199 1080 2282 data,
1104 2200 1138 2263 in
1165 2222 1230 2287 quo
1260 2200 1469 2266 nihilominus
1499 2201 1583 2267 cella
1612 2214 1663 2268 est
1691 2202 1756 2267 illis
1785 2227 1807 2268 a
1833 2226 1919 2269 novo

266 2307 411 2391 fundata,
446 2318 480 2374 et
508 2309 556 2373 ita
585 2330 645 2396 per
673 2317 801 2394 tempus
831 2305 977 2395 ali[quod
1006 2307 1080 2393 ipsi,
1116 2307 1173 2393 qui
1201 2306 1450 2398 professiolnem
1480 2309 1664 2397 regularem
1693 2311 1919 2397 promiserant,

266 2416 405 2481 seiuncti
428 2425 627 2496 manserunt,
650 2413 755 2479 donec
778 2423 931 2500 respectu
953 2413 1120 2478 inmensae
1143 2412 1210 2479 Dei
1241 2412 1433 2482 clementiae
1463 2416 1644 2503 periculum
1674 2416 1754 2481 mihi
1785 2438 1827 2481 ex
1856 2415 1918 2482 hoc

266 2523 438 2587 imminens
461 2543 522 2608 per
543 2520 716 2587 sollicitam
738 2520 1023 2606 investigationem
1046 2530 1079 2584 et
1102 2519 1317 2607 quorumdam
1340 2521 1475 2586 inanium
1491 2544 1534 2586 ex
1550 2523 1597 2586 eis
1613 2523 1918 2610 manifestationem,

268 2627 377 2718 [quam
401 2629 458 2715 qui
479 2626 626 2693 habitum
649 2624 878 2715 monasticlum
901 2625 1103 2713 reliquerant
1124 2624 1186 2691 sub
1209 2627 1361 2692 monachi
1383 2630 1513 2692 nomine
1536 2628 1757 2711 finnaverunt,
1786 2629 1918 2695 eviden-

222 2767 249 2807 ,ο
266 2737 389 2801 tissime
413 2735 492 2800 satis
515 2756 712 2821 cognoscere
734 2733 825 2820 potui
848 2734 959 2819 piique
974 2732 1115 2820 Augusti
1139 2731 1345 2798 clementiam
1368 2733 1532 2799 humiliter
1562 2747 1595 2801 et
1609 2735 1804 2802 fiducialiter
1819 2736 1917 2819 adii¹,

266 2854 302 2908 ut
324 2865 434 2908 amore
459 2840 589 2906 divinae
614 2840 756 2905 institiae
787 2850 820 2905 et
848 2849 1035 2905 sanctorum
1064 2841 1199 2905 istorum
1230 2840 1362 2924 bonore,
1394 2843 1622 2929 episcoporum
1651 2845 1812 2910 sententis
1843 2895 1850 2909 .
1876 2894 1917 2909 ..

267 2951 337 3015 eius
359 2950 550 3031 incurreret,
574 2947 602 3011 si
624 2956 749 3012 erratus
772 2956 899 3011 nostros
924 2947 1088 3032 corrigere
1112 2968 1177 3011 non
1200 2946 1355 3030 studeret,
1385 2947 1471 3012 unde
1501 2949 1686 3014 mercedem
1717 2951 1787 3016 sine
1817 2949 1918 3018 dubio

267 3056 513 3144 adipisceretur,
537 3055 622 3118 siin
644 3052 711 3118 Dei
733 3053 831 3117 vinea
853 3051 1009 3118 sollicitus
1034 3052 1140 3119 cultor
1161 3052 1311 3119 laborare
1339 3054 1381 3119 ad
1410 3056 1550 3141 gratiam
1581 3058 1761 3121 communis
1784 3057 1918 3123 Domini

267 3174 299 3228 et
322 3162 477 3228 creatoris
500 3161 603 3226 nostri
626 3169 775 3226 certaret.
823 3158 889 3241 Qui
918 3159 993 3248 pius
1016 3208 1024 3224 .
1050 3210 1057 3224 .
1083 3210 1091 3224 .
1124 3158 1322 3249 [prlivilegia
1343 3161 1489 3248 perlecta
1516 3185 1574 3228 seu
1603 3163 1802 3229 firmationes
1825 3165 1918 3230 istius

221 3299 248 3339 ss
267 3269 530 3357 congregationis
559 3278 766 3355 perspectas,
801 3268 943 3331 maxime
974 3278 1083 3332 autem
1117 3265 1325 3354 privilegiuin
1354 3267 1511 3334 Landrici
1546 3269 1689 3357 religiosi
1718 3271 1919 3338 Parisiorum

266 3378 435 3465 episcopi²
457 3375 594 3441 sollicite
618 3374 869 3456 consideratum,
897 3397 994 3461 quem
1024 3385 1060 3439 ut
1090 3374 1143 3438 hic
1172 3372 1331 3460 regularis
1361 3374 1440 3440 ordo
1471 3375 1703 3443 inviolabiliter
1733 3376 1919 3467 conse[rvs-

265 3482 378 3573 returl,
403 3532 463 3548 ...
489 3479 776 3572 [praedelcessoris
796 3481 866 3546 eius
885 3479 1098 3563 Chlodovei⁸,
1123 3481 1178 3566 qui
1198 3502 1272 3545 eum
1292 3504 1349 3545 suo
1367 3492 1544 3570 praecepto
1563 3483 1714 3567 firmavit,
1738 3484 1918 3572 perfectum

267 3602 300 3657 et
321 3600 517 3671 sanctonum,
542 3590 598 3676 qui
620 3609 724 3675 usque
747 3587 844 3652 bodie
867 3586 1033 3652 miraculis
1061 3597 1244 3669 coruscant,
1276 3586 1427 3654 manibus
1457 3588 1645 3656 roboratum
1674 3592 1727 3656 isti
1758 3591 1918 3658 ecclesiae

266 3695 400 3763 tradidit
422 3705 456 3761 et
477 3693 637 3760 libertatis
661 3717 734 3760 eam
764 3694 936 3782 privilegio
967 3694 1148 3759 bonoravit.
1195 3694 1289 3758 Tunc
1313 3694 1423 3760 domin
1447 3745 1455 3760 .
1481 3746 1488 3760 .
1513 3745 1522 3761 .
1547 3696 1673 3780 derunt,
1705 3699 1762 3786 qui
1792 3721 1827 3763 se
1858 3699 1919 3765 hoc

222 3832 249 3872 so
267 3804 388 3868 vidisse
412 3813 446 3867 et
467 3824 574 3885 nosse,
605 3800 694 3890 quod
723 3801 896 3889 privilegia
926 3811 959 3866 et
987 3811 1164 3888 praecepta
1193 3812 1364 3888 parentum
1399 3815 1431 3867 et
1465 3802 1753 3891 praedecessorum
1788 3829 1919 3872 suorum

267 3909 436 3992 sonabant,
460 3907 733 3998 protestabantur,
757 3907 897 3973 libenter
919 3907 1054 3980 audivit.
1093 3907 1189 3973 Unde
1213 3908 1342 3973 hortatu
1365 3920 1397 3972 et
1415 3908 1644 3997 deprecatione
1662 3934 1784 3996 eorum,
1801 3913 1919 4001 quibus

268 4017 417 4083 dominus
441 4016 534 4082 Iesus
557 4015 706 4082 Christus
739 4014 782 4080 ad
809 4014 973 4101 pastorale
1004 4015 1161 4102 selgimen
1187 4064 1195 4078 .
1220 4063 1228 4078 .
1254 4064 1262 4079 .
1287 4016 1434 4101 quaestio
1458 4015 1598 4106 d]ifinita
1620 4029 1678 4101 est,
1709 4020 1794 4084 sicut
1823 4043 1918 4108 syno-

267 4124 350 4189 dalis
373 4146 416 4188 ex
439 4123 512 4205 boc,
536 4146 634 4210 quam
658 4120 827 4204 habemus,
852 4133 953 4205 carta,
977 4122 1069 4187 cuius
1093 4121 1263 4208 exemplar
1285 4123 1319 4185 in
1342 4121 1476 4188 archivo
1504 4135 1553 4188 est
1584 4125 1802 4211 imperatorio,
1833 4125 1917 4191 ordi-

266 4231 433 4296 natissime
456 4234 599 4311 narrat¹,
630 4239 729 4315 atque
760 4227 939 4293 secundum
970 4227 1097 4292 divinas
1127 4227 1216 4314 leges
1247 4227 1407 4293 ecclesiae
1437 4229 1596 4316 praedicti
1626 4230 1742 4297 fratres
1771 4231 1917 4299 habitum

223 4366 249 4406 rs
267 4336 481 4403 monasticum
502 4345 699 4422 receperunt
721 4358 759 4400 ac
786 4333 983 4423 segullarem
1012 4335 1260 4421 promissionem
1289 4335 1499 4400 iteraverunt.
1554 4337 1620 4402 Sed
1648 4340 1774 4426 antiqui
1804 4339 1916 4405 salutis

267 4444 428 4510 humanae
451 4441 566 4532 blostis
589 4443 733 4508 versutia
757 4451 925 4526 satagente
957 4439 1089 4528 quidam
1120 4463 1163 4505 ex
1192 4439 1347 4506 fratribus
1377 4443 1562 4529 saepefatis,
1594 4455 1753 4531 quatenus
1784 4445 1825 4510 de
1856 4444 1916 4510 sub

266 4553 342 4638 iugo
372 4549 504 4638 regulae
539 4549 752 4626 solverentur,
786 4548 1017 4634 imperatorem
1050 4546 1197 4634 aggressi
1233 4557 1317 4611 sunt.
1377 4547 1584 4637 Quapropter
1617 4551 1660 4616 ad
1694 4551 1918 4617 huiuscemodi

266 4656 490 4724 nefandissimi
514 4656 640 4721 inimici
662 4653 848 4720 habands
871 4651 1061 4742 moli[mina]
1088 4702 1147 4717 ...
1171 4652 1262 4719 idum
1286 4664 1319 4718 et
1341 4654 1529 4741 plenissime
1553 4680 1587 4722 re
1611 4657 1769 4724 ventilata
1793 4657 1919 4723 difinita

267 4776 299 4829 et
322 4764 491 4852 consopita
513 4773 563 4827 est
586 4762 745 4849 quaestio.
784 4760 838 4825 Ad
861 4759 949 4847 quod
973 4759 1162 4825 evitandum
1185 4758 1226 4823 de
1244 4769 1353 4825 cetero
1369 4761 1561 4848 perditionis
1577 4763 1757 4850 periculum
1773 4764 1918 4831 studiosa

221 5017 248 5057 so
374 4995 588 5067 itemporfibus
607 5004 635 5049 et
654 5014 670 5048 s
689 4993 758 5061 suils
776 4997 859 5064 sappi.
878 5013 891 5048 c
908 4997 972 5048 coni.
1051 5001 1067 5048 8
1086 4998 1310 5048 constitutionem
1328 5000 1412 5064 suppl
1430 5016 1443 5049 e
1460 5000 1523 5050 coni.
1606 5003 1637 5052 1³
1657 5018 1816 5068 permanere
1834 5003 1917 5068 suppl.

265 5107 296 5141 a
312 5090 447 5155 diplomate
466 5086 614 5141 Hludoscici
630 5088 725 5148 elwa,-
742 5106 765 5137 v.
784 5103 862 5152 supra
876 5104 906 5152 p.
920 5091 971 5136 685
991 5087 1008 5136 l.
1025 5090 1065 5136 20.
1140 5088 1171 5136 15
1192 5081 1256 5150 quo]
1274 5086 1326 5138 scil.
1346 5086 1416 5138 loco.
1491 5090 1523 5138 lu
1542 5088 1654 5154 aliquod
1672 5114 1706 5125 -
1722 5091 1918 5157 professionem

265 5180 350 5246 suppl
368 5195 381 5229 e
397 5177 462 5230 coni.
525 5178 558 5228 19
577 5192 658 5242 quam
677 5201 713 5211 -
731 5176 910 5226 monasticum
929 5176 1012 5241 suppl.
1031 5192 1044 5225 c
1060 5175 1124 5225 coni.
1186 5176 1220 5226 24
1239 5175 1384 5242 privilegia
1402 5178 1485 5242 suppl.
1503 5178 1595 5228 esoni.
1657 5180 1692 5230 28
1710 5185 1919 5231 comerssretur

354 5267 576 5333 praedecessoris
598 5265 794 5331 supptecont
877 5266 910 5315 29
934 5258 1373 5330 domin...]postlittes·cssn
1397 5266 1788 5320 semiermium
1812 5268 1918 5320 eidam

268 5359 302 5409 82
327 5358 448 5424 regimen
468 5394 475 5407 .
495 5393 504 5408 .
522 5392 529 5406 .
548 5353 654 5406 difimts
671 5355 755 5421 neppt
773 5371 786 5405 e
803 5354 867 5405 corsi.
959 5354 993 5404 35
1019 5353 1171 5419 regularem
1190 5353 1330 5405 -bostis
1348 5356 1431 5421 suppl
1454 5372 1484 5407 eu
1502 5355 1650 5408 Hindoeici
1673 5357 1809 5423 diplosrctc
1825 5359 1920 5418 altem·

221 5444 827 5512 tso.nsprcp.685l.17,p.6861.21sq.
901 5444 935 5493 38
953 5441 1094 5493 molimina
1111 5443 1195 5509 suppl
1213 5460 1227 5493 e
1244 5444 1307 5495 coni.
1381 5440 1526 5508 ...iduml
1544 5445 1628 5498 ecem
1646 5447 1655 5496 i
1672 5446 1758 5497 dubia

267 5615 271 5623 Ι
378 5661 407 5730 1)
430 5662 463 5720 V.
482 5681 516 5738 p.
534 5664 597 5721 686
620 5663 638 5718 l.
657 5664 693 5720 31
718 5669 855 5737 strupra
879 5662 945 5719 le.
1042 5659 1073 5730 2)
1097 5660 1124 5716 d.
1150 5661 1177 5718 d.
1203 5659 1407 5730 6521ot.1.,·
1436 5660 1553 5734 Tardis,
1577 5663 1596 5718 1.
1613 5663 1632 5719 l.
1652 5682 1686 5738 p.
1703 5666 1733 5722 8.
1831 5663 1861 5734 3)
1887 5664 1918 5722 V.

270 5769 421 5829 Cblodouei
442 5768 482 5826 II.
508 5776 692 5845 praeceptam
717 5768 744 5825 d.
770 5768 797 5825 d.
823 5769 884 5827 653
908 5765 971 5823 lua.
995 5769 1054 5836 22;
1086 5764 1159 5825 Mo,
1183 5765 1264 5842 Drpl.
1291 5766 1400 5825 Meron.
1425 5770 1472 5827 19.
1587 5768 1618 5838 4)
1651 5766 1701 5842 Os,
1729 5771 1919 5828 mmmmm

267 5877 447 5936 mesmes.

323 5993 367 6036 Ue
381 5991 481 6032 Corellia
494 5993 524 6033 11.
1672 5998 1705 6049 87
