4884 6717
242 487 454 545 APPENDIX.
502 487 533 544 n.
567 488 785 545 DECRETUM
808 487 982 544 SPURIUM
1005 485 1204 542 HADRIANI
1221 486 1246 541 l.
1269 486 1399 542 PAPAE
1423 486 1475 541 DE
1500 485 1784 543 invasuffunts.
1831 478 1895 541 827

242 675 397 763 legesque
428 686 461 740 et
489 698 596 741 mores
627 686 660 740 et
689 673 961 763 quemadmodum
987 673 1041 739 he·

242 805 332 847 reses
367 793 400 847 et
434 781 611 848 seditiones
646 781 777 848 abolere
810 792 960 869 possent,
1000 781 1041 846 de

242 888 421 977 apostolica
444 889 523 954 sede
547 901 579 954 ct
603 889 644 953 de
668 889 826 976 dignitate
850 890 1041 977 patriciatus

243 1010 276 1062 et
304 997 451 1062 Romano
481 997 629 1085 imperio,
664 1018 708 1061 ex
738 995 856 1083 quibus
891 994 1041 1061 omnibus

210 1130 224 1169 s
242 1105 361 1169 nimius
385 1126 475 1168 error
498 1102 667 1169 crescebat
689 1104 842 1168 universo
862 1100 944 1167 orbi.
979 1102 1040 1167 Po·

242 1210 337 1298 pulus
367 1211 478 1298 itaque
502 1210 667 1276 Romanus
697 1233 786 1276 ntorc
817 1209 911 1275 solito
935 1208 1041 1295 legem

243 1316 416 1382 condebat.
450 1316 515 1383 Sed
533 1316 666 1382 difficile
684 1328 754 1383 erat
768 1339 827 1405 pro
844 1338 1040 1404 unoquoque

242 1426 379 1510 negocio
410 1425 534 1489 tociens
564 1434 612 1489 tot
640 1426 675 1488 in
704 1447 803 1488 unum
828 1444 1040 1509 congregare.

242 1530 339 1597 Unde
369 1554 462 1596 suum
493 1532 543 1597 ius
574 1542 608 1595 et
636 1539 829 1618 potestatem
853 1530 1040 1617 imperatori

197 1665 223 1703 to
242 1649 483 1721 concesserunt,
513 1647 611 1725 prout
637 1637 771 1723 legitur:
804 1636 958 1725 ‘Populus
981 1638 1040 1700 ita·

242 1768 304 1833 que
321 1744 486 1810 Romanus
503 1745 665 1810 concessit
688 1746 719 1808 ei
743 1755 776 1808 et
797 1744 832 1807 in
850 1766 925 1808 eum
945 1765 1040 1808 omne

242 1875 335 1917 suum
359 1853 409 1916 ius
433 1863 466 1916 et
488 1851 704 1938 potestatem'.

287 2013 348 2100 (6).
383 2012 436 2077 Ad
461 2012 522 2077 hoc
546 2034 675 2100 quoque
693 2010 879 2099 exemplum
896 2010 1040 2098 prefatus
1095 2022 1239 2077 Adrianus
1273 2027 1381 2079 autem
1417 2043 1492 2096 papa
1525 2042 1588 2080 cum
1623 2022 1756 2078 universa
1789 2021 1896 2092 synodo

242 2120 406 2185 Adrianus
433 2142 520 2208 papa
543 2142 617 2184 cum
641 2120 727 2184 omni
753 2117 841 2183 clero
865 2128 898 2183 et
919 2117 1039 2205 populo
1095 2119 1302 2186 tradiderunt
1325 2132 1430 2186 Karoia
1454 2132 1495 2186 ius
1520 2139 1550 2187 et
1573 2138 1750 2204 potestatem
1771 2127 1895 2199 eligendi

197 2252 221 2290 ts
242 2240 274 2293 et
297 2229 450 2292 universo
472 2237 586 2291 sancta
608 2225 733 2313 synodo
761 2224 895 2289 tradidit
917 2223 1040 2289 Karolo
1095 2236 1258 2305 pontificem
1272 2246 1300 2294 et
1317 2239 1465 2293 ordinandi
1478 2238 1661 2310 apostolicam
1676 2237 1785 2302 sedem,
1802 2234 1895 2306 digni·

240 2336 389 2421 Augusto
413 2357 507 2398 omne
531 2356 625 2398 suum
648 2334 699 2397 ius
723 2342 756 2396 ct
773 2342 966 2419 potestatem
983 2330 1039 2396 eli·
1094 2347 1180 2397 tatem
1203 2362 1319 2417 quoqne
1342 2346 1507 2418 patriciatus
1531 2345 1557 2400 ei
1580 2348 1842 2400 concesseruut.

240 2440 340 2528 gendi
362 2440 550 2528 pontificem
573 2455 607 2504 et
630 2438 802 2504 ordinandi
827 2437 1037 2527 apostolicam

241 2548 362 2631 sedem,
386 2546 580 2634 dignitatem
595 2569 725 2634 quoque
742 2547 933 2634 patriciatus
952 2547 1038 2610 sini·
1092 2439 1817 2799 s

241 2654 315 2720 liter
337 2656 367 2720 ei
392 2656 563 2720 concessit.

195 2838 224 2877 so
286 2817 347 2904 (7)
382 2818 521 2904 Insuper
554 2816 832 2904 archiepiscopat,
868 2816 1039 2903 episcopos
1093 2827 1213 2898 Insuper
1242 2825 1480 2896 archiepiscopos,
1512 2824 1661 2895 episcopos
1692 2843 1744 2895 per
1769 2826 1894 2896 singulas

241 2946 300 3011 per
323 2923 468 3010 singulas
491 2925 678 3011 provincias
699 2923 741 2988 ab
758 2946 797 2989 eo
813 2924 1038 2987 investituram
1094 2933 1252 3007 provincias
1276 2933 1312 2987 ab
1337 2950 1371 2988 eo
1389 2932 1582 2986 investituram
1598 2933 1729 3004 accipere
1746 2932 1895 2998 definiunt,

241 3033 391 3119 accipere
427 3031 595 3096 definiunt.
652 3031 733 3096 Post
769 3031 831 3095 hec
870 3051 1040 3095 consecra·

240 3141 361 3203 tionem
375 3139 563 3226 suscipiant,
579 3138 667 3202 unde
682 3139 840 3226 pertinet3
858 3138 904 3202 ita
919 3147 1038 3218 tamen,

241 3257 276 3310 ut
299 3244 421 3310 abolita
444 3247 486 3309 sit
508 3256 655 3309 veterum
679 3246 841 3309 sententia
868 3265 1039 3330 moresque

195 3374 222 3414 ss
241 3354 275 3416 in
306 3362 481 3439 posterum,
512 3363 671 3439 quatenus
701 3374 796 3415 nemo
828 3374 887 3438 per
921 3373 1039 3436 cogna-

241 3461 362 3524 tionem
392 3458 446 3523 vel
474 3481 534 3545 per
563 3459 746 3524 amiciciam
778 3470 834 3522 aut
860 3481 920 3545 per
942 3480 1039 3545 pecu·

241 3568 328 3632 niam
353 3565 414 3630 sibi
439 3565 539 3653 eligat
566 3567 766 3653 episcopum,
797 3564 855 3630 sed
886 3565 946 3629 soli
970 3565 1040 3650 regi

242 3673 425 3738 huiusmodi
472 3674 655 3738 reverenda
692 3673 853 3738 tribuatur
890 3671 1040 3737 facultas.

241 3782 466 3846 Veruntamen
493 3782 642 3867 quamvis
666 3803 686 3845 a
710 3779 797 3845 clero
822 3791 854 3844 et
877 3803 896 3844 a
919 3778 1041 3867 populo

196 3914 224 3955 so
242 3888 353 3976 aliqua
382 3888 626 3975 presumptione
656 3887 709 3951 vel
739 3887 905 3973 religionis
941 3908 1041 3951 causa

242 3996 382 4082 eligatur
404 3995 588 4081 episcopus,
612 3994 711 4059 nisia
732 4016 809 4080 rege
833 3992 984 4059 laudetur
1009 4005 1041 4058 et
1096 4010 1138 4082 et,
1162 4012 1207 4074 ut,
1232 4008 1284 4063 nisi
1309 4026 1325 4062 a
1349 4024 1416 4078 rege
1441 4007 1573 4060 laudetur
1596 4015 1625 4060 et
1648 4006 1813 4060 investiatur
1836 4007 1896 4077 epi-

242 4104 443 4182 investiatur,
467 4125 488 4166 a
509 4103 639 4166 nemine
664 4113 882 4166 consecretur.
1095 4134 1207 4187 scopus,
1238 4133 1255 4169 a
1278 4115 1390 4170 nemine
1415 4120 1612 4178 consecretur,

243 4350 284 4416 ab
314 4353 486 4432 universis,
523 4352 578 4437 qui
613 4352 647 4415 in
677 4350 740 4415 hac
770 4361 882 4414 sancta
915 4349 1041 4437 synodo

197 4484 224 4524 ss
243 4460 431 4545 congregati
469 4458 599 4523 fuerant
638 4460 669 4522 in
708 4458 838 4522 nomine
877 4458 1040 4539 trinitatis,

242 4564 409 4630 Adrianus
442 4588 530 4654 papa
565 4589 622 4652 pre
658 4565 807 4630 omnibus
841 4565 903 4629 hec
934 4565 1041 4628 omnia

243 4675 415 4754 concessit,
439 4672 586 4737 laudavit
607 4685 639 4737 ct
656 4671 848 4737 affirmando
865 4672 1041 4736 constituit.

243 4779 295 4845 Ad
318 4781 380 4845 hec
405 4781 502 4845 etiam
526 4780 708 4845 roborando
725 4778 910 4844 subintulit:
936 4777 992 4843 ‘Ut
1015 4778 1042 4842 si

244 4889 316 4974 quis
334 4887 470 4976 posthae
487 4898 601 4953 contra
616 4887 701 4952 hanc
718 4899 863 4951 sanctam
881 4885 1040 4973 synodum
1068 4831 1071 4954 l

196 5019 226 5057 so
243 5005 417 5060 temerator
439 5006 587 5082 repertus
611 4994 709 5059 fucrit
732 4995 801 5058 sive
826 5005 940 5058 contra
968 4993 1041 5075 hoc,
1068 4989 1072 5082 (

244 5100 332 5188 quod
355 5101 567 5188 prediximus,
592 5102 835 5188 repugnaverit,
861 5102 1041 5166 cuiuscum·
1069 5183 1071 5204 Ι

287 4246 348 4330 (8).
383 4244 437 4309 Ex
464 4243 526 4308 boe
550 4245 621 4330 ipso
645 4254 692 4308 tot
714 4242 849 4330 prolatis
873 4244 1041 4307 sententiis

1069 5247 1072 5292 l

1069 5311 1072 5348 ⁵
1145 5323 1178 5371 16
1196 5314 1364 5388 patriciatus]
1378 5320 1576 5386 patriarchatus
1589 5321 1608 5370 J
1616 5326 1639 5371 1.
1688 5321 1847 5384 patriciatus
1862 5315 1898 5382 ci]

1098 5412 1125 5461 si
1145 5412 1307 5476 patriciatus
1326 5410 1356 5460 Z.
1429 5410 1464 5460 20
1484 5404 1609 5475 iusuper]
1629 5417 1657 5460 et
1674 5409 1735 5460 add.
1756 5408 1785 5459 P.
1841 5410 1898 5475 spi·

1070 5523 1073 5564 1
1098 5516 1198 5566 scopos
1224 5499 1290 5550 deest
1313 5499 1364 5558 12,
1393 5507 1421 5550 et
1449 5500 1595 5566 episcopos
1619 5499 1652 5549 G.
1725 5501 1756 5549 tt
1787 5499 1898 5549 investi·

1071 5651 1073 5670 Ι
1099 5596 1174 5639 turas
1185 5589 1214 5638 Z.
1238 5583 1377 5652 definiunt]
1388 5589 1423 5638 ita
1436 5587 1464 5648 P,
1475 5588 1599 5639 definivit
1609 5589 1644 5648 Ι),
1655 5588 1841 5640 tinniverunt
1850 5588 1871 5638 J
1875 5594 1898 5650 1,

1100 5678 1228 5728 diffinivit
1245 5678 1298 5727 12.
1320 5677 1352 5736 G,
1381 5677 1516 5726 diffiniunt
1541 5678 1571 5728 Z.
1662 5679 1693 5727 31
1723 5675 1848 5729 laudatur
1868 5676 1899 5726 P.

1071 5749 1074 5780 ¹
1100 5770 1246 5833 episcopus
1271 5791 1304 5801 -
1329 5762 1513 5829 consecretur]
1543 5783 1561 5817 a
1587 5768 1695 5818 nemine
1724 5776 1901 5817 consecretur

1071 5887 1074 5918 ,
1100 5857 1247 5921 episcopus
1266 5856 1294 5910 Z.

1617 5955 1684 6014 104*
