4884 6717
717 547 769 604 50.
805 547 1023 605 CONCILIUM
1047 549 1274 606 Psmslsn'sn
1297 550 1333 605 A.
1356 549 1430 606 829.
1834 544 1898 608 625

246 731 367 796 utiliter
389 732 593 819 fideliterque
618 733 804 820 expendere
835 734 1029 820 neglegunt,
1064 748 1251 801 sanctorum
1285 737 1489 803 sacerdotum
1513 737 1674 802 consortio
1699 759 1733 801 se
1757 739 1898 824 privant.

246 836 360 903 Cesset
390 861 467 926 ergo
499 838 649 921 ambitio,
686 863 748 926 que
772 840 881 905 dicere
906 842 988 907 solet
1010 843 1105 907 nimis
1129 865 1239 908 rerum
1261 843 1383 908 habere
1407 843 1563 909 eeclesias
1588 841 1726 924 Christi,
1763 855 1796 908 et
1825 866 1898 931 per·

245 945 384 1033 pendat,
420 946 514 1032 quia,
550 958 811 1034 quantecumque
835 949 900 1011 sint
923 971 975 1012 res
999 947 1175 1030 ecclesiae,
1211 951 1240 1012 si
1263 972 1302 1014 eo
1325 950 1438 1033 modo,
1474 972 1538 1036 quo
1569 948 1787 1036 dispensando
1812 961 1897 1032 sunt,

247 1052 484 1139 dispensentur,
509 1053 627 1118 nimiae
647 1076 712 1119 non
729 1065 812 1118 sunt.
853 1053 1022 1142 Cupiditas
1039 1056 1169 1142 quippe,
1194 1057 1293 1120 immo
1309 1056 1517 1142 neglegentia
1540 1054 1743 1143 quorundam
1768 1056 1897 1144 dispen-

213 1171 397 1240 ssatorum,
421 1182 486 1223 non
510 1158 669 1223 eeclesiae
693 1159 821 1247 amplae
845 1182 908 1242 res,
932 1162 964 1225 in
988 1163 1067 1226 vitio
1092 1173 1175 1227 sunt.
1215 1162 1299 1227 Mira
1316 1185 1455 1251 namque
1470 1185 1539 1227 res:
1564 1161 1698 1228 ambitio
1722 1162 1897 1227 mundialis

246 1266 323 1329 satis
346 1289 411 1330 non
435 1264 543 1346 hahet,
568 1279 601 1330 et
624 1265 764 1331 ecelesia
787 1265 908 1331 Christi
932 1268 1067 1332 nimium
1090 1267 1198 1333 habet.

352 1407 456 1495 Cap.
492 1407 635 1473 XVIIII.
692 1408 822 1490 Quod
859 1411 1003 1475 vitam
1042 1412 1565 1497 conversationemque
1605 1410 1898 1497 quorundam

247 1515 549 1580 sacerdotum
584 1515 807 1580 nonnulli
839 1515 1055 1582 subiecti
1085 1517 1243 1582 livore
1274 1519 1436 1605 potius
1471 1539 1602 1603 quam
1637 1517 1741 1582 zelo
1776 1520 1897 1584 cari-

246 1623 364 1685 tatis
396 1621 768 1708 reprehendant.
815 1622 928 1688 Sicut¹
951 1647 1010 1710 per
1032 1624 1134 1689 Sahul
1157 1623 1288 1711 reprobi
1311 1623 1459 1711 praelati,
1482 1625 1530 1688 ita
1554 1634 1586 1688 et
1608 1647 1667 1711 per
1685 1625 1797 1690 David
1822 1624 1896 1691 sub·
1916 1636 2036 1731 “122⁰‘'

202 1750 227 1790 ιο
246 1728 319 1791 ieeti
344 1739 418 1792 sunt
441 1728 579 1793 humiles
603 1728 776 1814 significati
789 1734 810 1791 ².
850 1729 1059 1815 Quapropter
1074 1732 1297 1818 unusquisque
1314 1729 1480 1796 subiectus
1503 1753 1568 1794 non
1584 1731 1760 1818 superbum
1777 1732 1897 1815 Semei,
1970 1717 1976 1741 ⁸
1999 1721 2004 1732 ’

247 1837 301 1921 qui
325 1836 475 1899 comicia
498 1848 530 1899 et
553 1834 798 1900 maledictiones
828 1836 940 1899 iniecit
969 1837 1003 1900 in
1027 1836 1147 1917 David,
1183 1836 1241 1902 sed
1275 1838 1380 1923 magis
1415 1836 1555 1902 eundem
1589 1837 1742 1902 humilem
1777 1839 1897 1902 imitari

247 1940 343 2006 debet
366 1941 488 2020 David,
524 1941 703 2006 dicentem:
739 1941 903 2029 Propitius
935 1944 1018 2007 milri
1049 1947 1091 2008 sit
1113 1945 1280 2024 Dominus,
1315 1970 1377 2008 aon
1411 1948 1532 2009 niumm
1567 1971 1693 2010 rounam
1728 1970 1828 2010 nicam
1862 1949 1897 2010 in
1915 1969 2078 2020 tamasis.

247 2051 393 2113 clarisona
419 2050 560 2113 Domini.
605 2047 751 2112 Christos
774 2047 907 2113 Domini
932 2050 1117 2114 sacerdotes
1142 2049 1300 2137 appellari
1324 2049 1459 2115 dubium
1482 2073 1548 2115 non
1572 2064 1629 2131 est,
1655 2050 1696 2115 de
1720 2050 1838 2138 quibus
1862 2053 1897 2115 in

247 2154 368 2241 psalmo
404 2153 515 2218 divina
550 2178 632 2218 vroee
668 2156 810 2219 canitur:
846 2156 953 2220 Nolite
988 2172 1112 2242 inape-re
1135 2159 1268 2222 christos
1299 2182 1379 2222 tricos
1403 2172 1432 2222 et
1455 2161 1488 2222 in
1511 2159 1679 2244 prophetis
1702 2161 1779 2222 meis
1802 2160 1897 2224 nolim
1914 2174 2047 2267 iblih¹⁶¹

203 2289 228 2328 rs
249 2263 428 2348 rnolr‘slnnri.
477 2262 683 2348 Quamquam
707 2275 826 2344 autem,
851 2261 938 2348 quod
961 2262 1057 2326 valde
1081 2262 1256 2328 dolendum
1280 2276 1338 2343 est,
1370 2263 1463 2329 multi
1486 2263 1705 2350 praelatorum
1729 2263 1772 2327 ad
1795 2265 1897 2329 instar
1928 2256 2019 2330 isa·

248 2367 325 2432 Saul
348 2369 411 2432 sint
435 2367 565 2453 reprobi
588 2368 705 2449 effecti,
730 2391 794 2432 non
818 2380 893 2433 sunt
915 2381 1025 2433 tamen
1041 2392 1138 2433 manu
1155 2370 1436 2456 repraehensionis
1452 2382 1486 2435 et
1501 2370 1713 2436 detractionis
1729 2370 1895 2456 tangendi,

247 2476 333 2561 quia,
357 2489 392 2538 ut
414 2473 559 2538 Isidorus
582 2475 616 2537 in
639 2472 722 2538 libro
746 2476 980 2539 sententiarum
1004 2474 1126 2556 scribit,
1151 2482 1301 2541 rectores³
1323 2504 1341 2541 a
1364 2487 1427 2542 Dee
1450 2486 1632 2552 solummodo,
1657 2504 1712 2542 non
1735 2505 1752 2542 a
1775 2487 1896 2542 subditis

247 2601 311 2645 sunt
346 2591 488 2645 iudicandi
524 2598 553 2646 et
588 2609 638 2662 pro
672 2591 795 2646 moribus
825 2592 951 2661 reprobis
982 2591 1122 2647 tolerandi
1152 2593 1241 2664 magis
1265 2611 1349 2664 quam
1372 2610 1390 2647 a
1412 2593 1498 2664 plebs
1523 2599 1588 2648 sunt
1612 2594 1809 2666 distringendi.
1856 2583 1896 2648 In

248 2687 468 2752 ecclesiastiea
492 2687 627 2751 historia
642 2686 874 2752 Constantinus
897 2689 1074 2774 imperator
1097 2690 1259 2776 episcopis
1283 2691 1344 2753 ait:
1369 2695 1472 2754 Deus⁴
1494 2717 1544 2755 vos
1563 2700 1710 2755 constituit
1730 2701 1895 2756 sacerdotes

202 2824 230 2862 aa
249 2815 278 2860 et
300 2813 473 2875 potestatem
496 2805 576 2858 vobis
600 2805 680 2859 dedit
704 2806 740 2860 de
764 2804 844 2859 nobis
869 2822 980 2876 quoque
1005 2805 1164 2871 iudicandi;
1196 2813 1226 2860 et
1250 2806 1314 2861 idco
1338 2824 1388 2861 nos
1411 2825 1428 2861 a
1450 2806 1529 2862 vobis
1553 2815 1633 2862 recte
1658 2807 1822 2874 iudicamur,
1846 2825 1896 2862 vos

247 2921 339 2965 antem
364 2929 419 2966 non
443 2912 562 2983 potestis
586 2911 621 2965 ab
645 2911 803 2966 hominibus
826 2912 953 2966 iudicari.
992 2913 1113 2983 Propter
1136 2913 1211 2983 quod
1227 2913 1282 2967 Dei
1307 2914 1392 2967 solius
1415 2912 1562 2968 intervos
1586 2919 1738 2984 expectate
1762 2914 1895 2969 iudicium

247 3027 276 3072 et
300 3027 395 3072 restra
418 3018 518 3089 iurgia,
549 3035 742 3088 quaecumque
766 3027 842 3084 sunt,
873 3020 908 3072 ad
938 3018 1007 3073 illud
1032 3019 1154 3073 divinum
1185 3027 1367 3074 reserventur
1397 3037 1525 3074 examen.
1564 3019 1623 3074 Vos
1647 3020 1753 3074 etenim
1775 3020 1856 3074 uobis
1879 3038 1897 3075 a

246 3124 309 3178 Deo
332 3125 391 3186 dati
416 3126 484 3181 estis
508 3126 561 3192 dii,
587 3133 615 3178 et
640 3125 810 3180 conveniens
833 3143 888 3179 non
913 3134 966 3192 est,
991 3133 1023 3179 ut
1046 3126 1126 3180 homo
1149 3126 1257 3180 iudicet
1280 3126 1359 3192 deos,
1383 3127 1434 3180 sed
1457 3126 1505 3181 ille
1525 3125 1611 3192 solus,
1635 3126 1671 3181 de
1688 3143 1743 3197 quo
1759 3126 1895 3198 scriptum

248 3239 307 3285 est:
340 3230 419 3286 Deus
447 3230 521 3286 stetit
549 3231 577 3287 in
601 3251 748 3306 surropopa
776 3232 908 3299 deorsum
944 3232 973 3287 io
1007 3231 1096 3288 riredio
1129 3239 1220 3288 cutem
1257 3231 1322 3287 deos
1356 3230 1498 3289 discernit.
1546 3221 1628 3288 Cum
1662 3222 1744 3287 hacc
1778 3223 1824 3287 ita
1859 3246 1894 3288 se
1912 3236 2019 3289 Mla!-

201 3326 397 3402 rehabeant,
421 3330 582 3415 utrimque
606 3352 669 3392 non
694 3328 901 3393 mediocriter
924 3329 1122 3416 delinquitur
1146 3340 1177 3392 et
1200 3329 1380 3393 animarum
1399 3329 1580 3415 periculum
1597 3339 1781 3415 generatur,
1806 3329 1893 3416 quia,

247 3435 321 3498 dum
346 3432 482 3520 praelati
506 3434 655 3520 exemplo
679 3457 757 3498 suae
781 3437 1003 3522 perversitatis
1027 3434 1164 3499 subditis
1193 3434 1385 3500 detrahendi
1419 3435 1527 3500 locum
1562 3435 1650 3516 dant,
1686 3457 1721 3500 se
1756 3445 1789 3500 et
1822 3434 1894 3500 illos

246 3541 357 3627 procul
382 3539 480 3604 dubio
504 3540 547 3605 ad
570 3541 785 3627 perditionem
809 3542 1007 3628 pertrahunt.
1048 3541 1177 3607 Subditi
1196 3563 1285 3620 vero,
1310 3542 1387 3607 dum
1403 3542 1661 3629 praepositorum
1680 3565 1783 3630 prava
1805 3542 1894 3607 facta

245 3671 308 3711 non
333 3649 565 3734 conpassionis,
590 3648 647 3713 sed
670 3648 887 3713 insultationis
912 3671 950 3714 ac
974 3648 1085 3713 livoris
1105 3662 1180 3712 voto
1204 3648 1363 3730 mordent,
1388 3659 1545 3734 quantum
1564 3650 1691 3714 animae
1711 3672 1788 3714 suae
1808 3650 1892 3736 peri·

245 3752 352 3818 culum
369 3756 544 3826 incurrant,
569 3754 741 3840 diligenter
758 3756 1017 3820 animadvertant
1041 3765 1073 3819 et
1097 3753 1214 3818 abhinc
1240 3776 1318 3819 suae
1338 3754 1434 3820 saluti
1457 3755 1693 3841 prospicientes
1716 3754 1758 3820 ab
1783 3756 1892 3821 huius·

200 3888 227 3928 so
245 3861 370 3925 cemodi
395 3861 650 3925 detractionibus
674 3883 708 3924 se
728 3860 879 3925 cohibere
897 3885 960 3926 non
976 3860 1161 3947 neglegant.
1199 3861 1342 3947 Inrepsit
1358 3883 1435 3925 sane
1452 3862 1485 3924 in
1502 3860 1664 3926 nonnullis
1681 3862 1893 3928 ecelesiarum

245 3966 448 4053 praesulibus
472 3965 665 4031 miserabilis
689 3969 843 4053 temporis
866 3969 967 4032 nostri
991 3969 1117 4054 inepta,
1148 3969 1247 4031 immo
1272 3966 1467 4052 corrigenda
1490 3967 1707 4050 consuetudo,
1740 3991 1803 4055 que
1826 3971 1892 4034 iam

245 4076 289 4138 ita
323 4097 382 4161 pro
413 4073 485 4158 lege
516 4087 653 4155 tenetur,
688 4085 724 4138 ut
754 4075 934 4138 sanctitatis
959 4085 990 4137 et
1014 4072 1180 4158 religionis
1204 4097 1322 4138 nomen
1346 4072 1408 4138 sibi
1432 4074 1618 4140 adscribere
1641 4097 1707 4139 non
1729 4086 1890 4158 vereatur,

245 4179 368 4245 seilicet
392 4204 490 4267 super
513 4180 713 4245 diversarum
738 4203 845 4244 rerum
869 4181 1047 4244 innumeris
1072 4179 1348 4267 superfluitatibus
1379 4193 1412 4245 et
1434 4179 1649 4263 vanitatibus,
1686 4204 1767 4268 quas
1797 4182 1890 4246 dinu-

244 4311 368 4352 merare
392 4286 525 4372 longum
549 4303 606 4367 est,
631 4310 758 4352 necnon
781 4289 815 4351 in
839 4289 976 4351 avaritia
1000 4301 1032 4352 et
1055 4289 1229 4352 tenacitate
1252 4286 1466 4374 improbaque
1490 4288 1667 4352 intentione
1692 4299 1725 4352 et
1748 4290 1781 4352 in
1804 4290 1890 4376 turpi

198 4420 225 4460 a
244 4394 477 4480 inhonestaque
502 4395 748 4458 conversatione
772 4417 960 4481 morumque
984 4393 1190 4481 improbitate
1216 4407 1248 4459 et
1271 4416 1354 4458 vane
1378 4394 1501 4480 gloriae
1536 4396 1684 4482 appetitu
1718 4405 1767 4477 et,
1803 4394 1889 4481 quod

244 4499 293 4563 his
317 4500 529 4586 periculosius
553 4513 618 4580 est,
654 4501 704 4565 sui
728 4501 826 4565 oflicii
851 4523 928 4566 cura
951 4499 1152 4587 posthabita,
1176 4502 1210 4565 in
1234 4500 1418 4565 dIvinorum
1440 4511 1688 4588 praeceptorum
1710 4511 1888 4586 transgres-

243 4609 349 4686 sione,
381 4608 426 4670 ita
456 4621 490 4670 ut
521 4607 599 4671 illud
629 4607 841 4694 apostolicum
872 4607 1037 4694 impletum
1061 4607 1221 4689 videatur,
1253 4629 1317 4694 quo
1350 4606 1484 4671 dicitur:
1517 4609 1679 4689 Letontnr,
1708 4633 1778 4672 cum
1808 4609 1890 4672 (παῖε
1907 4632 2045 4682 emata

235 4716 386 4801 servarint.
411 4729 439 4778 ct
461 4716 654 4778 exsultantia
678 4717 947 4801 rebrtspessimis.
995 4714 1067 4778 Non
1090 4715 1190 4799 igitur
1212 4715 1328 4778 mirum
1364 4723 1428 4793 cst,
1464 4715 1490 4776 si
1524 4724 1656 4801 propter
1678 4713 1759 4777 hacc
1783 4725 1816 4778 et
1838 4713 1889 4777 his

243 4819 358 4884 similia
382 4819 474 4884 Deus
498 4819 680 4884 offendatur
711 4834 744 4884 et
773 4821 971 4885 infirmorum
1008 4822 1124 4884 animis
1159 4820 1348 4885 scandalum
1371 4831 1545 4904 generetur
1567 4830 1733 4906 statusque
1757 4833 1888 4884 sanctae

195 4958 224 4997 aa
242 4926 307 4990 Dei
331 4926 488 4991 eeclesiae
512 4928 721 5013 periclitetur.
769 4927 910 4992 Proinde
935 4926 1084 4991 omnibus
1108 4926 1302 4991 studendum
1337 4939 1386 4991 est
1420 4925 1657 5006 sacerdotibus,
1693 4939 1728 4990 ut
1761 4925 1803 4991 ab
1839 4927 1889 4992 his

348 5181 452 5229 xv111.
484 5184 494 5230 l
518 5183 683 5231 consortium
703 5181 733 5230 P.
807 5183 823 5231 2
843 5182 943 5231 (lenset
962 5181 988 5231 Γ.

348 5269 464 5319 xvnlr.
495 5272 526 5319 lt
546 5277 627 5334 tange
649 5270 677 5319 P.
734 5271 767 5320 18
786 5264 975 5334 distringendi]
994 5270 1030 5318 ito
1048 5269 1113 5330 edd,
1133 5270 1319 5335 distinguendi
1339 5270 1367 5318 l’.
1387 5269 1417 5320 P.
1475 5271 1506 5320 21
1529 5264 1693 5333 hominibus]
1713 5270 1838 5320 omnibus
1857 5268 1889 5320 Ρ.

242 5360 275 5409 22
295 5360 458 5424 quicumque
478 5359 504 5407 Γ.
577 5358 654 5408 illum
673 5359 701 5408 V.
774 5355 953 5422 reserventur]
975 5360 1129 5409 reseruntur
1146 5376 1159 5408 e
1178 5360 1329 5410 reserentur
1347 5376 1409 5408 corr.
1429 5359 1457 5407 l'.
1530 5360 1564 5409 23
1583 5358 1611 5408 (11
1631 5358 1658 5408 1'.

352 5565 380 5648 1)
407 5573 454 5645 Cf.
472 5575 556 5646 infru
575 5575 693 5631 eiusdem
718 5575 782 5631 libri
804 5596 827 5632 c.
847 5579 898 5644 29,
923 5575 967 5630 lib.
984 5575 1038 5630 ΙΙΙ
1056 5595 1095 5631 cc.
1112 5580 1141 5634 1.
1161 5581 1188 5635 9.
1206 5580 1254 5636 10.
1270 5579 1320 5636 21.
1336 5579 1395 5644 26;
1419 5595 1444 5632 v.
1469 5574 1551 5631 ctiam
1574 5594 1664 5649 supro
1682 5594 1715 5649 p.
1733 5577 1794 5633 594
1818 5594 1841 5631 c.
1858 5577 1888 5633 4.

196 5702 224 5742 tt
244 5673 274 5756 2)
300 5679 349 5751 Cf.
374 5700 447 5756 qaae
468 5701 558 5756 supro
576 5703 609 5756 p.
628 5685 668 5740 37
670 5685 688 5740 9
697 5703 739 5757 sq.
757 5681 786 5738 in
801 5681 970 5738 institutione
993 5681 1191 5739 canorricorum
1208 5681 1434 5758 Aquisproncnsi
1451 5680 1523 5737 anni
1536 5684 1607 5740 816.
1624 5700 1647 5737 c.
1666 5683 1725 5740 103
1739 5681 1890 5737 secundum

244 5785 413 5863 &reportant
440 5787 481 5843 M.
506 5807 542 5844 ex
572 5787 676 5844 Taione
698 5788 862 5844 laudantem.
933 5781 963 5862 3)
987 5787 1123 5858 isidoras,
1149 5787 1309 5846 Setrtentiae
1332 5787 1385 5844 III
1403 5807 1426 5844 c.
1445 5790 1484 5846 39
1506 5783 1629 5863 ι(1513·
1655 5785 1728 5862 Opp.
1752 5787 1888 5858 71327.

244 5887 275 5971 t)
298 5893 430 5971 Rufinus,
455 5893 656 5950 Ecclesiastico
679 5893 797 5950 interis
820 5893 854 5950 X
872 5914 894 5949 c.
911 5897 932 5952 2
939 5915 949 5961 ,·
973 5894 1015 5950 ed.
1040 5894 1175 5952 Basileae
1199 5898 1289 5966 1523,
1308 5915 1341 5970 p.
1357 5896 1428 5954 218.

296 6009 342 6050 cu.
356 6008 456 6049 conent-
470 6009 499 6050 u.
1642 6017 1676 6066 79
