<?xml version="1.0" encoding="UTF-8"?>
<!DOCTYPE html PUBLIC "-//W3C//DTD XHTML 1.0 Transitional//EN"
    "http://www.w3.org/TR/xhtml1/DTD/xhtml1-transitional.dtd">
<html xmlns="http://www.w3.org/1999/xhtml" xml:lang="en" lang="en">
 <head>
  <title>
</title>
<meta http-equiv="Content-Type" content="text/html;charset=utf-8" />
  <meta name='ocr-system' content='tesseract 3.04.00' />
  <meta name='ocr-capabilities' content='ocr_page ocr_carea ocr_par ocr_line ocrx_word'/>
</head>
<body>
  <div class='ocr_page' id='page_1' title='image "./monumentagerman02gescgoog/monumentagerman02gescgoog_0353.png"; bbox 0 0 4884 6717; ppageno 0'>
   <div class='ocr_carea' id='block_1_1' title="bbox 668 467 1911 579">
    <p class='ocr_par' dir='ltr' id='par_1_1' title="bbox 668 467 1911 579">
     <span class='ocr_line' id='line_1_1' title="bbox 668 467 1911 579; baseline 0.001 -10"><span class='ocrx_word' id='word_1_1' title='bbox 668 513 721 569; x_wconf 87' lang='grc'><em>56.</em></span> <span class='ocrx_word' id='word_1_2' title='bbox 766 512 985 571; x_wconf 82' lang='lat' dir='ltr'>CONCILIUM</span> <span class='ocrx_word' id='word_1_3' title='bbox 1009 514 1339 579; x_wconf 79' lang='lat' dir='ltr'><strong>AQUISGRANENSE</strong></span> <span class='ocrx_word' id='word_1_4' title='bbox 1363 515 1399 571; x_wconf 84' lang='grc' dir='ltr'><em>Α.</em></span> <span class='ocrx_word' id='word_1_5' title='bbox 1417 467 1493 571; x_wconf 69' lang='grc'><strong>1336.</strong></span> <span class='ocrx_word' id='word_1_6' title='bbox 1847 507 1911 570; x_wconf 77' lang='grc'><strong>165</strong></span> 
     </span>
    </p>
   </div>
   <div class='ocr_carea' id='block_1_2' title="bbox 212 701 2079 1854">
    <p class='ocr_par' dir='ltr' id='par_1_2' title="bbox 249 701 2079 1110">
     <span class='ocr_line' id='line_1_2' title="bbox 249 701 2051 790; baseline 0.001 -24"><span class='ocrx_word' id='word_1_7' title='bbox 249 703 384 790; x_wconf 83' lang='lat' dir='ltr'><em>plebem.</em></span> <span class='ocrx_word' id='word_1_8' title='bbox 432 701 591 766; x_wconf 78' lang='lat' dir='ltr'><em>Dominus</em></span> <span class='ocrx_word' id='word_1_9' title='bbox 620 714 722 765; x_wconf 73' lang='lat' dir='ltr'><em>aretem</em></span> <span class='ocrx_word' id='word_1_10' title='bbox 752 703 886 788; x_wconf 80' lang='lat' dir='ltr'><em>aeqebot</em></span> <span class='ocrx_word' id='word_1_11' title='bbox 914 704 974 788; x_wconf 89' lang='lat' dir='ltr'><em>qni</em></span> <span class='ocrx_word' id='word_1_12' title='bbox 999 703 1087 766; x_wconf 71' lang='lat' dir='ltr'><em>sotei</em></span> <span class='ocrx_word' id='word_1_13' title='bbox 1103 704 1220 789; x_wconf 79' lang='lat' dir='ltr'><em>fierent</em></span> <span class='ocrx_word' id='word_1_14' title='bbox 1242 702 1383 788; x_wconf 78' lang='lat' dir='ltr'><em>quotidie</em></span> <span class='ocrx_word' id='word_1_15' title='bbox 1405 706 1440 768; x_wconf 91' lang='lat' dir='ltr'><em>in</em></span> <span class='ocrx_word' id='word_1_16' title='bbox 1463 706 1578 790; x_wconf 59' lang='lat' dir='ltr'><em>meum.</em></span> <span class='ocrx_word' id='word_1_17' title='bbox 1625 702 1669 765; x_wconf 85' lang='lat' dir='ltr'><em>Et</em></span> <span class='ocrx_word' id='word_1_18' title='bbox 1691 710 1765 788; x_wconf 88' lang='lat' dir='ltr'><em>post</em></span> <span class='ocrx_word' id='word_1_19' title='bbox 1786 723 1911 788; x_wconf 81' lang='lat' dir='ltr'><em>pauca:</em></span> <span class='ocrx_word' id='word_1_20' title='bbox 1931 728 2051 780; x_wconf 58' lang='lat' dir='ltr'><em>seiam</em></span> 
     </span>
     <span class='ocr_line' id='line_1_3' title="bbox 256 807 2079 896; baseline 0.002 -25"><span class='ocrx_word' id='word_1_21' title='bbox 256 807 476 873; x_wconf 73' lang='lat' dir='ltr'><em>Maltiuedinrs</em></span> <span class='ocrx_word' id='word_1_22' title='bbox 499 822 600 872; x_wconf 85' lang='lat' dir='ltr'><em>antem</em></span> <span class='ocrx_word' id='word_1_23' title='bbox 626 808 816 872; x_wconf 82' lang='lat' dir='ltr'><em>credentium</em></span> <span class='ocrx_word' id='word_1_24' title='bbox 842 823 910 871; x_wconf 86' lang='lat' dir='ltr'><em>erat</em></span> <span class='ocrx_word' id='word_1_25' title='bbox 931 832 986 872; x_wconf 83' lang='lat' dir='ltr'><em>eor</em></span> <span class='ocrx_word' id='word_1_26' title='bbox 1009 835 1104 872; x_wconf 71' lang='lat' dir='ltr'><em>ernian</em></span> <span class='ocrx_word' id='word_1_27' title='bbox 1128 823 1157 873; x_wconf 93' lang='lat' dir='ltr'><em>et</em></span> <span class='ocrx_word' id='word_1_28' title='bbox 1177 812 1288 873; x_wconf 86' lang='lat' dir='ltr'><em>anima</em></span> <span class='ocrx_word' id='word_1_29' title='bbox 1311 834 1385 874; x_wconf 85' lang='lat' dir='ltr'><em>nno.</em></span> <span class='ocrx_word' id='word_1_30' title='bbox 1420 808 1488 873; x_wconf 88' lang='lat' dir='ltr'><em>Nec</em></span> <span class='ocrx_word' id='word_1_31' title='bbox 1507 812 1675 896; x_wconf 82' lang='lat' dir='ltr'><em>qnisquam</em></span> <span class='ocrx_word' id='word_1_32' title='bbox 1691 833 1808 888; x_wconf 73' lang='lat' dir='ltr'><em>omnm,</em></span> <span class='ocrx_word' id='word_1_33' title='bbox 1832 833 1912 894; x_wconf 85' lang='lat' dir='ltr'><em>qnae</em></span> <span class='ocrx_word' id='word_1_34' title='bbox 1931 835 2079 886; x_wconf 62' lang='lat' dir='ltr'><em>rnen-ss.</em></span> 
     </span>
     <span class='ocr_line' id='line_1_4' title="bbox 249 914 1912 1002; baseline 0.001 -23"><span class='ocrx_word' id='word_1_35' title='bbox 249 914 438 1002; x_wconf 69' lang='lat' dir='ltr'><em>possidebat</em></span> <span class='ocrx_word' id='word_1_36' title='bbox 458 915 589 1000; x_wconf 83' lang='lat' dir='ltr'><em>aliquid</em></span> <span class='ocrx_word' id='word_1_37' title='bbox 610 940 701 978; x_wconf 83' lang='lat' dir='ltr'><em>saum</em></span> <span class='ocrx_word' id='word_1_38' title='bbox 726 939 790 979; x_wconf 86' lang='lat' dir='ltr'><em>esse</em></span> <span class='ocrx_word' id='word_1_39' title='bbox 814 915 946 994; x_wconf 85' lang='lat' dir='ltr'><em>dicebat,</em></span> <span class='ocrx_word' id='word_1_40' title='bbox 969 915 1027 979; x_wconf 86' lang='lat' dir='ltr'><em>sed</em></span> <span class='ocrx_word' id='word_1_41' title='bbox 1049 930 1138 980; x_wconf 85' lang='lat' dir='ltr'><em>erant</em></span> <span class='ocrx_word' id='word_1_42' title='bbox 1162 917 1230 980; x_wconf 86' lang='lat' dir='ltr'><em>iliis</em></span> <span class='ocrx_word' id='word_1_43' title='bbox 1254 918 1360 980; x_wconf 85' lang='lat' dir='ltr'><em>amnia</em></span> <span class='ocrx_word' id='word_1_44' title='bbox 1383 918 1571 980; x_wconf 75' lang='lat' dir='ltr'><em>eomrriunia.</em></span> <span class='ocrx_word' id='word_1_45' title='bbox 1606 915 1651 978; x_wconf 84' lang='lat' dir='ltr'><em>Et</em></span> <span class='ocrx_word' id='word_1_46' title='bbox 1665 918 1779 980; x_wconf 75' lang='lat' dir='ltr'><em>oirtsste</em></span> <span class='ocrx_word' id='word_1_47' title='bbox 1796 940 1912 1002; x_wconf 84' lang='lat' dir='ltr'><em>maqnu</em></span> 
     </span>
     <span class='ocr_line' id='line_1_5' title="bbox 256 1021 1911 1110; baseline 0.001 -25"><span class='ocrx_word' id='word_1_48' title='bbox 256 1021 429 1086; x_wconf 83' lang='lat' dir='ltr'><em>reddebant</em></span> <span class='ocrx_word' id='word_1_49' title='bbox 450 1021 589 1106; x_wconf 82' lang='lat' dir='ltr'><em>apostoli</em></span> <span class='ocrx_word' id='word_1_50' title='bbox 609 1023 818 1086; x_wconf 72' lang='lat' dir='ltr'><em>testemonium</em></span> <span class='ocrx_word' id='word_1_51' title='bbox 841 1024 1081 1086; x_wconf 83' lang='lat' dir='ltr'><em>resurrectionis</em></span> <span class='ocrx_word' id='word_1_52' title='bbox 1097 1021 1169 1086; x_wconf 82' lang='lat' dir='ltr'><em>Iesu</em></span> <span class='ocrx_word' id='word_1_53' title='bbox 1189 1021 1314 1086; x_wconf 78' lang='lat' dir='ltr'><em>Christi</em></span> <span class='ocrx_word' id='word_1_54' title='bbox 1334 1021 1460 1085; x_wconf 87' lang='lat' dir='ltr'><em>domini</em></span> <span class='ocrx_word' id='word_1_55' title='bbox 1478 1025 1597 1104; x_wconf 44' lang='lat' dir='ltr'><em>vneror}</em></span> <span class='ocrx_word' id='word_1_56' title='bbox 1620 1036 1649 1086; x_wconf 89' lang='lat' dir='ltr'><em>et</em></span> <span class='ocrx_word' id='word_1_57' title='bbox 1668 1023 1776 1110; x_wconf 84' lang='lat' dir='ltr'><em>qratia</em></span> <span class='ocrx_word' id='word_1_58' title='bbox 1796 1047 1911 1108; x_wconf 86' lang='lat' dir='ltr'><em>moqna</em></span> 
     </span>
    </p>

    <p class='ocr_par' dir='ltr' id='par_1_3' title="bbox 223 1128 1913 1646">
     <span class='ocr_line' id='line_1_6' title="bbox 223 1128 1911 1215; baseline -0.004 -20"><span class='ocrx_word' id='word_1_59' title='bbox 223 1143 325 1196; x_wconf 69' lang='lat' dir='ltr'><em>uertet</em></span> <span class='ocrx_word' id='word_1_60' title='bbox 346 1131 382 1192; x_wconf 84' lang='lat' dir='ltr'><em>in</em></span> <span class='ocrx_word' id='word_1_61' title='bbox 405 1129 549 1191; x_wconf 85' lang='lat' dir='ltr'><em>omnibus</em></span> <span class='ocrx_word' id='word_1_62' title='bbox 570 1129 658 1208; x_wconf 54' lang='lat' dir='ltr'><em>illem</em></span> <span class='ocrx_word' id='word_1_63' title='bbox 681 1153 778 1213; x_wconf 89' lang='lat' dir='ltr'><em>neqne</em></span> <span class='ocrx_word' id='word_1_64' title='bbox 802 1131 885 1191; x_wconf 85' lang='lat' dir='ltr'><em>enim</em></span> <span class='ocrx_word' id='word_1_65' title='bbox 908 1131 1077 1213; x_wconf 84' lang='lat' dir='ltr'><em>qnisquam</em></span> <span class='ocrx_word' id='word_1_66' title='bbox 1100 1153 1190 1214; x_wconf 84' lang='lat' dir='ltr'><em>eqens</em></span> <span class='ocrx_word' id='word_1_67' title='bbox 1213 1141 1282 1192; x_wconf 83' lang='lat' dir='ltr'><em>erat</em></span> <span class='ocrx_word' id='word_1_68' title='bbox 1297 1130 1378 1192; x_wconf 86' lang='lat' dir='ltr'><em>inter</em></span> <span class='ocrx_word' id='word_1_69' title='bbox 1394 1129 1476 1192; x_wconf 82' lang='lat' dir='ltr'><em>illos.</em></span> <span class='ocrx_word' id='word_1_70' title='bbox 1517 1128 1672 1215; x_wconf 75' lang='lat' dir='ltr'><em>Quotquot</em></span> <span class='ocrx_word' id='word_1_71' title='bbox 1685 1132 1769 1193; x_wconf 78' lang='lat' dir='ltr'><em>enirn</em></span> <span class='ocrx_word' id='word_1_72' title='bbox 1785 1153 1911 1215; x_wconf 81' lang='lat' dir='ltr'><em>posses-</em></span> 
     </span>
     <span class='ocr_line' id='line_1_7' title="bbox 255 1234 1911 1322; baseline 0 -24"><span class='ocrx_word' id='word_1_73' title='bbox 255 1258 341 1299; x_wconf 80' lang='lat' dir='ltr'><em>sores</em></span> <span class='ocrx_word' id='word_1_74' title='bbox 364 1258 514 1320; x_wconf 81' lang='lat' dir='ltr'><em>aqrornm</em></span> <span class='ocrx_word' id='word_1_75' title='bbox 537 1248 593 1298; x_wconf 85' lang='lat' dir='ltr'><em>aut</em></span> <span class='ocrx_word' id='word_1_76' title='bbox 615 1234 778 1298; x_wconf 82' lang='lat' dir='ltr'><em>domorum</em></span> <span class='ocrx_word' id='word_1_77' title='bbox 802 1249 893 1298; x_wconf 74' lang='lat' dir='ltr'><em>erum</em></span> <span class='ocrx_word' id='word_1_78' title='bbox 914 1238 996 1298; x_wconf 85' lang='lat' dir='ltr'><em>inter</em></span> <span class='ocrx_word' id='word_1_79' title='bbox 1019 1236 1093 1298; x_wconf 87' lang='lat' dir='ltr'><em>illos</em></span> <span class='ocrx_word' id='word_1_80' title='bbox 1116 1237 1291 1321; x_wconf 79' lang='lat' dir='ltr'><em>afferebant</em></span> <span class='ocrx_word' id='word_1_81' title='bbox 1313 1238 1443 1322; x_wconf 80' lang='lat' dir='ltr'><em>praetio</em></span> <span class='ocrx_word' id='word_1_82' title='bbox 1472 1260 1589 1316; x_wconf 73' lang='lat' dir='ltr'><em>eoricus,</em></span> <span class='ocrx_word' id='word_1_83' title='bbox 1620 1259 1700 1321; x_wconf 86' lang='lat' dir='ltr'><em>qnae</em></span> <span class='ocrx_word' id='word_1_84' title='bbox 1729 1236 1911 1314; x_wconf 78' lang='lat' dir='ltr'><em>vendebant,</em></span> 
     </span>
     <span class='ocr_line' id='line_1_8' title="bbox 256 1341 1910 1429; baseline 0.002 -25"><span class='ocrx_word' id='word_1_85' title='bbox 256 1356 285 1404; x_wconf 91' lang='lat' dir='ltr'><em>et</em></span> <span class='ocrx_word' id='word_1_86' title='bbox 299 1342 463 1427; x_wconf 85' lang='lat' dir='ltr'><em>ponebant</em></span> <span class='ocrx_word' id='word_1_87' title='bbox 483 1355 554 1405; x_wconf 89' lang='lat' dir='ltr'><em>ante</em></span> <span class='ocrx_word' id='word_1_88' title='bbox 570 1341 672 1427; x_wconf 80' lang='lat' dir='ltr'><em>pedes</em></span> <span class='ocrx_word' id='word_1_89' title='bbox 694 1343 916 1427; x_wconf 82' lang='lat' dir='ltr'><em>apostoloram.</em></span> <span class='ocrx_word' id='word_1_90' title='bbox 956 1341 1170 1406; x_wconf 85' lang='lat' dir='ltr'><em>Dividebatur</em></span> <span class='ocrx_word' id='word_1_91' title='bbox 1186 1356 1289 1406; x_wconf 83' lang='lat' dir='ltr'><em>autern</em></span> <span class='ocrx_word' id='word_1_92' title='bbox 1311 1343 1458 1429; x_wconf 86' lang='lat' dir='ltr'><em>sinqulis,</em></span> <span class='ocrx_word' id='word_1_93' title='bbox 1475 1356 1577 1428; x_wconf 83' lang='lat' dir='ltr'><em>prout</em></span> <span class='ocrx_word' id='word_1_94' title='bbox 1598 1345 1710 1427; x_wconf 86' lang='lat' dir='ltr'><em>cuique</em></span> <span class='ocrx_word' id='word_1_95' title='bbox 1733 1367 1812 1429; x_wconf 85' lang='lat' dir='ltr'><em>opus</em></span> <span class='ocrx_word' id='word_1_96' title='bbox 1835 1358 1910 1407; x_wconf 87' lang='lat' dir='ltr'><em>erat.</em></span> 
     </span>
     <span class='ocr_line' id='line_1_9' title="bbox 257 1447 1913 1537; baseline 0.001 -27"><span class='ocrx_word' id='word_1_97' title='bbox 257 1447 370 1534; x_wconf 82' lang='lat' dir='ltr'><em>Iosepb</em></span> <span class='ocrx_word' id='word_1_98' title='bbox 393 1462 506 1527; x_wconf 83' lang='lat' dir='ltr'><em>antem,</em></span> <span class='ocrx_word' id='word_1_99' title='bbox 531 1451 590 1533; x_wconf 89' lang='lat' dir='ltr'><em>qni</em></span> <span class='ocrx_word' id='word_1_100' title='bbox 610 1452 845 1535; x_wconf 81' lang='lat' dir='ltr'><em>eoqnominatee</em></span> <span class='ocrx_word' id='word_1_101' title='bbox 861 1463 906 1512; x_wconf 84' lang='lat' dir='ltr'><em>est</em></span> <span class='ocrx_word' id='word_1_102' title='bbox 919 1448 1092 1512; x_wconf 77' lang='lat' dir='ltr'><em>Barnabae</em></span> <span class='ocrx_word' id='word_1_103' title='bbox 1115 1451 1154 1512; x_wconf 90' lang='lat' dir='ltr'><em>ab</em></span> <span class='ocrx_word' id='word_1_104' title='bbox 1171 1450 1323 1534; x_wconf 80' lang='lat' dir='ltr'><em>apostolis</em></span> <span class='ocrx_word' id='word_1_105' title='bbox 1339 1487 1381 1495; x_wconf 93' lang='lat'>-</span> <span class='ocrx_word' id='word_1_106' title='bbox 1398 1448 1485 1534; x_wconf 83' lang='lat' dir='ltr'><em>qnod</em></span> <span class='ocrx_word' id='word_1_107' title='bbox 1498 1463 1543 1512; x_wconf 82' lang='lat' dir='ltr'><em>est</em></span> <span class='ocrx_word' id='word_1_108' title='bbox 1564 1450 1799 1535; x_wconf 80' lang='lat' dir='ltr'><em>interpretatam</em></span> <span class='ocrx_word' id='word_1_109' title='bbox 1817 1450 1913 1537; x_wconf 83' lang='lat' dir='ltr'><em>filins</em></span> 
     </span>
     <span class='ocr_line' id='line_1_10' title="bbox 256 1553 1911 1646; baseline 0.001 -27"><span class='ocrx_word' id='word_1_110' title='bbox 256 1555 481 1619; x_wconf 81' lang='lat' dir='ltr'><em>consolationis</em></span> <span class='ocrx_word' id='word_1_111' title='bbox 496 1593 539 1601; x_wconf 94' lang='lat'><em>-</em></span> <span class='ocrx_word' id='word_1_112' title='bbox 555 1554 681 1619; x_wconf 76' lang='lat' dir='ltr'><em>Levites</em></span> <span class='ocrx_word' id='word_1_113' title='bbox 700 1553 833 1640; x_wconf 83' lang='lat' dir='ltr'><em>Ciprius</em></span> <span class='ocrx_word' id='word_1_114' title='bbox 845 1579 967 1642; x_wconf 85' lang='lat' dir='ltr'><em>qenere,</em></span> <span class='ocrx_word' id='word_1_115' title='bbox 990 1579 1059 1619; x_wconf 82' lang='lat' dir='ltr'><em>oum</em></span> <span class='ocrx_word' id='word_1_116' title='bbox 1076 1555 1202 1619; x_wconf 79' lang='lat' dir='ltr'><em>baberet</em></span> <span class='ocrx_word' id='word_1_117' title='bbox 1216 1581 1339 1646; x_wconf 81' lang='lat' dir='ltr'><em>oqrum,</em></span> <span class='ocrx_word' id='word_1_118' title='bbox 1360 1555 1505 1619; x_wconf 84' lang='lat' dir='ltr'><em>vendidit</em></span> <span class='ocrx_word' id='word_1_119' title='bbox 1529 1556 1622 1619; x_wconf 81' lang='lat' dir='ltr'><em>illurn</em></span> <span class='ocrx_word' id='word_1_120' title='bbox 1638 1570 1666 1619; x_wconf 86' lang='lat' dir='ltr'><em>et</em></span> <span class='ocrx_word' id='word_1_121' title='bbox 1680 1555 1798 1620; x_wconf 85' lang='lat' dir='ltr'><em>adtulit</em></span> <span class='ocrx_word' id='word_1_122' title='bbox 1813 1581 1911 1642; x_wconf 84' lang='lat' dir='ltr'><em>prae·</em></span> 
     </span>
    </p>

    <p class='ocr_par' dir='ltr' id='par_1_4' title="bbox 212 1659 1911 1854">
     <span class='ocr_line' id='line_1_11' title="bbox 212 1659 1911 1754; baseline -0.001 -28"><span class='ocrx_word' id='word_1_123' title='bbox 212 1688 238 1726; x_wconf 82' lang='lat' dir='ltr'><em>ro</em></span> <span class='ocrx_word' id='word_1_124' title='bbox 257 1663 335 1725; x_wconf 83' lang='lat' dir='ltr'><em>tium</em></span> <span class='ocrx_word' id='word_1_125' title='bbox 359 1675 387 1726; x_wconf 84' lang='lat' dir='ltr'><em>et</em></span> <span class='ocrx_word' id='word_1_126' title='bbox 402 1664 515 1747; x_wconf 79' lang='lat' dir='ltr'><em>poenit</em></span> <span class='ocrx_word' id='word_1_127' title='bbox 536 1677 623 1754; x_wconf 40' lang='lat' dir='ltr'><em>ante·</em></span> <span class='ocrx_word' id='word_1_128' title='bbox 630 1662 731 1747; x_wconf 85' lang='lat' dir='ltr'><em>pedes</em></span> <span class='ocrx_word' id='word_1_129' title='bbox 754 1660 975 1747; x_wconf 68' lang='lat' dir='ltr'><em>apostoloram.</em></span> <span class='ocrx_word' id='word_1_130' title='bbox 1023 1661 1112 1725; x_wconf 85' lang='lat' dir='ltr'><em>Eece</em></span> <span class='ocrx_word' id='word_1_131' title='bbox 1137 1660 1249 1742; x_wconf 87' lang='lat' dir='ltr'><em>habes,</em></span> <span class='ocrx_word' id='word_1_132' title='bbox 1275 1660 1436 1747; x_wconf 90' lang='lat' dir='ltr'><em>quomodo</em></span> <span class='ocrx_word' id='word_1_133' title='bbox 1461 1684 1520 1747; x_wconf 88' lang='lat' dir='ltr'><em>per</em></span> <span class='ocrx_word' id='word_1_134' title='bbox 1543 1660 1799 1747; x_wconf 81' lang='lat' dir='ltr'><em>predicationem</em></span> <span class='ocrx_word' id='word_1_135' title='bbox 1823 1659 1911 1725; x_wconf 87' lang='lat' dir='ltr'><em>beati</em></span> 
     </span>
     <span class='ocr_line' id='line_1_12' title="bbox 256 1766 1866 1854; baseline 0 -22"><span class='ocrx_word' id='word_1_136' title='bbox 256 1767 347 1832; x_wconf 89' lang='lat' dir='ltr'><em>Petri</em></span> <span class='ocrx_word' id='word_1_137' title='bbox 369 1779 444 1853; x_wconf 89' lang='lat' dir='ltr'><em>post</em></span> <span class='ocrx_word' id='word_1_138' title='bbox 467 1767 630 1853; x_wconf 87' lang='lat' dir='ltr'><em>apostolos</em></span> <span class='ocrx_word' id='word_1_139' title='bbox 654 1766 795 1832; x_wconf 86' lang='lat' dir='ltr'><em>ecelesia</em></span> <span class='ocrx_word' id='word_1_140' title='bbox 817 1768 852 1831; x_wconf 92' lang='lat' dir='ltr'><em>in</em></span> <span class='ocrx_word' id='word_1_141' title='bbox 876 1766 1040 1831; x_wconf 83' lang='lat' dir='ltr'><em>Christum</em></span> <span class='ocrx_word' id='word_1_142' title='bbox 1065 1768 1174 1853; x_wconf 85' lang='lat' dir='ltr'><em>eoepit</em></span> <span class='ocrx_word' id='word_1_143' title='bbox 1198 1766 1332 1831; x_wconf 88' lang='lat' dir='ltr'><em>credere</em></span> <span class='ocrx_word' id='word_1_144' title='bbox 1357 1780 1390 1831; x_wconf 88' lang='lat' dir='ltr'><em>et</em></span> <span class='ocrx_word' id='word_1_145' title='bbox 1414 1789 1562 1831; x_wconf 85' lang='lat' dir='ltr'><em>erescere</em></span> <span class='ocrx_word' id='word_1_146' title='bbox 1587 1789 1626 1831; x_wconf 88' lang='lat' dir='ltr'><em>ac</em></span> <span class='ocrx_word' id='word_1_147' title='bbox 1650 1766 1866 1854; x_wconf 87' lang='lat' dir='ltr'><em>multiplicari.</em></span> 
     </span>
    </p>
   </div>
   <div class='ocr_carea' id='block_1_3' title="bbox 212 1889 2051 3259">
    <p class='ocr_par' dir='ltr' id='par_1_5' title="bbox 257 1889 1913 2192">
     <span class='ocr_line' id='line_1_13' title="bbox 364 1889 1913 1979; baseline -0.001 -23"><span class='ocrx_word' id='word_1_148' title='bbox 364 1892 448 1979; x_wconf 76' lang='lat'>(90).</span> <span class='ocrx_word' id='word_1_149' title='bbox 473 1891 567 1956; x_wconf 89' lang='lat' dir='ltr'>XXI.</span> <span class='ocrx_word' id='word_1_150' title='bbox 601 1891 690 1956; x_wconf 87' lang='lat' dir='ltr'><em>Ecce</em></span> <span class='ocrx_word' id='word_1_151' title='bbox 707 1892 805 1955; x_wconf 87' lang='lat' dir='ltr'><em>etiam</em></span> <span class='ocrx_word' id='word_1_152' title='bbox 818 1889 918 1956; x_wconf 88' lang='lat' dir='ltr'><em>habes</em></span> <span class='ocrx_word' id='word_1_153' title='bbox 935 1893 1063 1956; x_wconf 89' lang='lat' dir='ltr'><em>initium</em></span> <span class='ocrx_word' id='word_1_154' title='bbox 1075 1902 1108 1955; x_wconf 89' lang='lat' dir='ltr'><em>et</em></span> <span class='ocrx_word' id='word_1_155' title='bbox 1119 1892 1278 1977; x_wconf 82' lang='lat' dir='ltr'><em>originem</em></span> <span class='ocrx_word' id='word_1_156' title='bbox 1293 1892 1328 1954; x_wconf 92' lang='lat' dir='ltr'><em>in</em></span> <span class='ocrx_word' id='word_1_157' title='bbox 1340 1891 1414 1956; x_wconf 92' lang='lat' dir='ltr'><em>Deo</em></span> <span class='ocrx_word' id='word_1_158' title='bbox 1432 1890 1606 1956; x_wconf 87' lang='lat' dir='ltr'><em>offerendis</em></span> <span class='ocrx_word' id='word_1_159' title='bbox 1623 1890 1721 1955; x_wconf 86' lang='lat' dir='ltr'><em>rebus</em></span> <span class='ocrx_word' id='word_1_160' title='bbox 1737 1903 1770 1956; x_wconf 87' lang='lat' dir='ltr'><em>ct</em></span> <span class='ocrx_word' id='word_1_161' title='bbox 1785 1890 1913 1956; x_wconf 91' lang='lat' dir='ltr'><em>indubi-</em></span> 
     </span>
     <span class='ocr_line' id='line_1_14' title="bbox 257 1996 1913 2085; baseline 0 -22"><span class='ocrx_word' id='word_1_162' title='bbox 257 2008 364 2063; x_wconf 87' lang='lat' dir='ltr'><em>tanter</em></span> <span class='ocrx_word' id='word_1_163' title='bbox 387 1998 496 2079; x_wconf 89' lang='lat' dir='ltr'><em>crede,</em></span> <span class='ocrx_word' id='word_1_164' title='bbox 520 1998 607 2085; x_wconf 90' lang='lat' dir='ltr'><em>quod</em></span> <span class='ocrx_word' id='word_1_165' title='bbox 632 2000 664 2062; x_wconf 90' lang='lat' dir='ltr'><em>in</em></span> <span class='ocrx_word' id='word_1_166' title='bbox 688 1997 866 2084; x_wconf 88' lang='lat' dir='ltr'><em>primordio</em></span> <span class='ocrx_word' id='word_1_167' title='bbox 890 1999 1054 2062; x_wconf 86' lang='lat' dir='ltr'><em>nascentis</em></span> <span class='ocrx_word' id='word_1_168' title='bbox 1078 1998 1238 2062; x_wconf 89' lang='lat' dir='ltr'><em>ecclesiae</em></span> <span class='ocrx_word' id='word_1_169' title='bbox 1263 1999 1372 2084; x_wconf 87' lang='lat' dir='ltr'><em>eoepit</em></span> <span class='ocrx_word' id='word_1_170' title='bbox 1388 1997 1502 2062; x_wconf 85' lang='lat' dir='ltr'><em>eadem</em></span> <span class='ocrx_word' id='word_1_171' title='bbox 1519 1996 1661 2064; x_wconf 88' lang='lat' dir='ltr'><em>ecclesia</em></span> <span class='ocrx_word' id='word_1_172' title='bbox 1676 2008 1754 2062; x_wconf 87' lang='lat' dir='ltr'><em>vota</em></span> <span class='ocrx_word' id='word_1_173' title='bbox 1767 1998 1913 2063; x_wconf 87' lang='lat' dir='ltr'><em>fidelium</em></span> 
     </span>
     <span class='ocr_line' id='line_1_15' title="bbox 257 2104 1912 2192; baseline -0.002 -23"><span class='ocrx_word' id='word_1_174' title='bbox 257 2105 434 2192; x_wconf 81' lang='lat' dir='ltr'><em>suscipere.</em></span> <span class='ocrx_word' id='word_1_175' title='bbox 470 2104 615 2186; x_wconf 82' lang='lat' dir='ltr'><em>Quorum</em></span> <span class='ocrx_word' id='word_1_176' title='bbox 640 2104 791 2191; x_wconf 88' lang='lat' dir='ltr'><em>exemplo</em></span> <span class='ocrx_word' id='word_1_177' title='bbox 813 2104 970 2185; x_wconf 86' lang='lat' dir='ltr'><em>laudandi</em></span> <span class='ocrx_word' id='word_1_178' title='bbox 995 2114 1070 2169; x_wconf 88' lang='lat' dir='ltr'><em>suut</em></span> <span class='ocrx_word' id='word_1_179' title='bbox 1092 2116 1241 2169; x_wconf 88' lang='lat' dir='ltr'><em>votorum</em></span> <span class='ocrx_word' id='word_1_180' title='bbox 1265 2127 1304 2168; x_wconf 86' lang='lat' dir='ltr'><em>ac</em></span> <span class='ocrx_word' id='word_1_181' title='bbox 1330 2105 1489 2170; x_wconf 88' lang='lat' dir='ltr'><em>donorum</em></span> <span class='ocrx_word' id='word_1_182' title='bbox 1513 2128 1645 2170; x_wconf 88' lang='lat' dir='ltr'><em>suorum</em></span> <span class='ocrx_word' id='word_1_183' title='bbox 1669 2105 1808 2170; x_wconf 88' lang='lat' dir='ltr'><em>ultronei</em></span> <span class='ocrx_word' id='word_1_184' title='bbox 1824 2104 1912 2170; x_wconf 42' lang='lat' dir='ltr'><em>oblat</em></span> 
     </span>
    </p>

    <p class='ocr_par' dir='ltr' id='par_1_6' title="bbox 212 2209 2051 2725">
     <span class='ocr_line' id='line_1_16' title="bbox 212 2209 2051 2321; baseline -0.001 -43"><span class='ocrx_word' id='word_1_185' title='bbox 212 2239 239 2278; x_wconf 79' lang='lat' dir='ltr'><em>rs</em></span> <span class='ocrx_word' id='word_1_186' title='bbox 257 2223 355 2277; x_wconf 88' lang='lat' dir='ltr'><em>tores.</em></span> <span class='ocrx_word' id='word_1_187' title='bbox 390 2212 493 2276; x_wconf 86' lang='lat' dir='ltr'><em>Facto</em></span> <span class='ocrx_word' id='word_1_188' title='bbox 517 2234 595 2277; x_wconf 83' lang='lat' dir='ltr'><em>vero</em></span> <span class='ocrx_word' id='word_1_189' title='bbox 618 2211 767 2276; x_wconf 85' lang='lat' dir='ltr'><em>Ananiae</em></span> <span class='ocrx_word' id='word_1_190' title='bbox 793 2209 1027 2297; x_wconf 85' lang='lat' dir='ltr'><em>Saphyraeque</em></span> <span class='ocrx_word' id='word_1_191' title='bbox 1053 2210 1240 2276; x_wconf 85' lang='lat' dir='ltr'><em>deterrendi</em></span> <span class='ocrx_word' id='word_1_192' title='bbox 1265 2221 1340 2275; x_wconf 88' lang='lat' dir='ltr'><em>sunt</em></span> <span class='ocrx_word' id='word_1_193' title='bbox 1362 2211 1405 2292; x_wconf 89' lang='lat' dir='ltr'><em>hi,</em></span> <span class='ocrx_word' id='word_1_194' title='bbox 1431 2212 1486 2298; x_wconf 93' lang='lat' dir='ltr'><em>qui</em></span> <span class='ocrx_word' id='word_1_195' title='bbox 1511 2222 1568 2276; x_wconf 85' lang='lat' dir='ltr'><em>aut</em></span> <span class='ocrx_word' id='word_1_196' title='bbox 1590 2235 1722 2277; x_wconf 90' lang='lat' dir='ltr'><em>suorum</em></span> <span class='ocrx_word' id='word_1_197' title='bbox 1746 2223 1801 2277; x_wconf 86' lang='lat' dir='ltr'><em>aut</em></span> <span class='ocrx_word' id='word_1_198' title='bbox 1824 2221 1913 2277; x_wconf 84' lang='lat' dir='ltr'><em>certe</em></span> <span class='ocrx_word' id='word_1_199' title='bbox 1932 2217 2051 2321; x_wconf 49' lang='lat' dir='ltr'><em>“diff</em></span> 
     </span>
     <span class='ocr_line' id='line_1_17' title="bbox 258 2316 1912 2405; baseline -0.001 -21"><span class='ocrx_word' id='word_1_200' title='bbox 258 2319 395 2384; x_wconf 82' lang='lat' dir='ltr'><em>aliorum</em></span> <span class='ocrx_word' id='word_1_201' title='bbox 418 2331 568 2383; x_wconf 81' lang='lat' dir='ltr'><em>votorum</em></span> <span class='ocrx_word' id='word_1_202' title='bbox 591 2319 737 2382; x_wconf 87' lang='lat' dir='ltr'><em>existunt</em></span> <span class='ocrx_word' id='word_1_203' title='bbox 759 2316 921 2382; x_wconf 87' lang='lat' dir='ltr'><em>ablatores</em></span> <span class='ocrx_word' id='word_1_204' title='bbox 945 2317 997 2381; x_wconf 84' lang='lat' dir='ltr'><em>rel</em></span> <span class='ocrx_word' id='word_1_205' title='bbox 1021 2317 1279 2383; x_wconf 83' lang='lat' dir='ltr'><em>defraudatoros.</em></span> <span class='ocrx_word' id='word_1_206' title='bbox 1328 2318 1403 2405; x_wconf 88' lang='lat' dir='ltr'><em>Ipse</em></span> <span class='ocrx_word' id='word_1_207' title='bbox 1432 2340 1561 2405; x_wconf 91' lang='lat' dir='ltr'><em>quoque</em></span> <span class='ocrx_word' id='word_1_208' title='bbox 1584 2318 1732 2383; x_wconf 83' lang='lat' dir='ltr'><em>Ananias</em></span> <span class='ocrx_word' id='word_1_209' title='bbox 1755 2341 1831 2386; x_wconf 88' lang='lat' dir='ltr'><em>cum</em></span> <span class='ocrx_word' id='word_1_210' title='bbox 1854 2318 1912 2384; x_wconf 85' lang='lat' dir='ltr'><em>Su·</em></span> 
     </span>
     <span class='ocr_line' id='line_1_18' title="bbox 257 2424 1913 2513; baseline 0.001 -24"><span class='ocrx_word' id='word_1_211' title='bbox 257 2425 363 2513; x_wconf 86' lang='lat' dir='ltr'><em>phyra</em></span> <span class='ocrx_word' id='word_1_212' title='bbox 393 2447 496 2489; x_wconf 84' lang='lat' dir='ltr'><em>uxore</em></span> <span class='ocrx_word' id='word_1_213' title='bbox 527 2447 587 2488; x_wconf 83' lang='lat' dir='ltr'><em>sua</em></span> <span class='ocrx_word' id='word_1_214' title='bbox 617 2447 732 2510; x_wconf 87' lang='lat' dir='ltr'><em>agrum</em></span> <span class='ocrx_word' id='word_1_215' title='bbox 762 2425 930 2511; x_wconf 85' lang='lat' dir='ltr'><em>proprium</em></span> <span class='ocrx_word' id='word_1_216' title='bbox 960 2424 1117 2506; x_wconf 83' lang='lat' dir='ltr'><em>vendidit,</em></span> <span class='ocrx_word' id='word_1_217' title='bbox 1149 2437 1184 2489; x_wconf 92' lang='lat' dir='ltr'><em>ut</em></span> <span class='ocrx_word' id='word_1_218' title='bbox 1215 2425 1285 2490; x_wconf 87' lang='lat' dir='ltr'><em>eius</em></span> <span class='ocrx_word' id='word_1_219' title='bbox 1315 2426 1466 2511; x_wconf 89' lang='lat' dir='ltr'><em>pretium,</em></span> <span class='ocrx_word' id='word_1_220' title='bbox 1498 2426 1582 2490; x_wconf 86' lang='lat' dir='ltr'><em>sieut</em></span> <span class='ocrx_word' id='word_1_221' title='bbox 1613 2435 1645 2489; x_wconf 86' lang='lat' dir='ltr'><em>et</em></span> <span class='ocrx_word' id='word_1_222' title='bbox 1676 2427 1778 2490; x_wconf 87' lang='lat' dir='ltr'><em>ceteri</em></span> <span class='ocrx_word' id='word_1_223' title='bbox 1800 2425 1913 2491; x_wconf 87' lang='lat' dir='ltr'><em>fideles</em></span> 
     </span>
     <span class='ocr_line' id='line_1_19' title="bbox 258 2530 1913 2619; baseline 0 -23"><span class='ocrx_word' id='word_1_224' title='bbox 258 2531 433 2612; x_wconf 84' lang='lat' dir='ltr'><em>faciebant,</em></span> <span class='ocrx_word' id='word_1_225' title='bbox 466 2543 541 2596; x_wconf 88' lang='lat' dir='ltr'><em>ante</em></span> <span class='ocrx_word' id='word_1_226' title='bbox 565 2531 667 2619; x_wconf 88' lang='lat' dir='ltr'><em>pedes</em></span> <span class='ocrx_word' id='word_1_227' title='bbox 692 2530 910 2617; x_wconf 88' lang='lat' dir='ltr'><em>apostolorum</em></span> <span class='ocrx_word' id='word_1_228' title='bbox 935 2542 1087 2618; x_wconf 77' lang='lat' dir='ltr'><em>poneret3</em></span> <span class='ocrx_word' id='word_1_229' title='bbox 1112 2530 1171 2595; x_wconf 90' lang='lat' dir='ltr'><em>sed</em></span> <span class='ocrx_word' id='word_1_230' title='bbox 1195 2533 1273 2617; x_wconf 85' lang='lat' dir='ltr'><em>quia</em></span> <span class='ocrx_word' id='word_1_231' title='bbox 1297 2531 1338 2596; x_wconf 88' lang='lat' dir='ltr'><em>de</em></span> <span class='ocrx_word' id='word_1_232' title='bbox 1362 2530 1478 2596; x_wconf 86' lang='lat' dir='ltr'><em>eodem</em></span> <span class='ocrx_word' id='word_1_233' title='bbox 1501 2534 1617 2618; x_wconf 88' lang='lat' dir='ltr'><em>pretio,</em></span> <span class='ocrx_word' id='word_1_234' title='bbox 1642 2533 1774 2596; x_wconf 86' lang='lat' dir='ltr'><em>conseia</em></span> <span class='ocrx_word' id='word_1_235' title='bbox 1797 2532 1913 2598; x_wconf 88' lang='lat' dir='ltr'><em>eadem</em></span> 
     </span>
     <span class='ocr_line' id='line_1_20' title="bbox 258 2638 1912 2725; baseline 0 -22"><span class='ocrx_word' id='word_1_236' title='bbox 258 2662 360 2703; x_wconf 84' lang='lat' dir='ltr'><em>uxore</em></span> <span class='ocrx_word' id='word_1_237' title='bbox 384 2661 453 2720; x_wconf 84' lang='lat' dir='ltr'><em>suo,</em></span> <span class='ocrx_word' id='word_1_238' title='bbox 478 2638 633 2724; x_wconf 83' lang='lat' dir='ltr'><em>quiddam</em></span> <span class='ocrx_word' id='word_1_239' title='bbox 659 2638 759 2718; x_wconf 85' lang='lat' dir='ltr'><em>dedit,</em></span> <span class='ocrx_word' id='word_1_240' title='bbox 784 2638 940 2723; x_wconf 80' lang='lat' dir='ltr'><em>quiddam</em></span> <span class='ocrx_word' id='word_1_241' title='bbox 958 2660 1036 2702; x_wconf 87' lang='lat' dir='ltr'><em>vero</em></span> <span class='ocrx_word' id='word_1_242' title='bbox 1060 2638 1229 2703; x_wconf 85' lang='lat' dir='ltr'><em>retinendo</em></span> <span class='ocrx_word' id='word_1_243' title='bbox 1247 2638 1399 2720; x_wconf 87' lang='lat' dir='ltr'><em>occuluit,</em></span> <span class='ocrx_word' id='word_1_244' title='bbox 1424 2650 1562 2725; x_wconf 91' lang='lat' dir='ltr'><em>uterque</em></span> <span class='ocrx_word' id='word_1_245' title='bbox 1578 2638 1758 2725; x_wconf 87' lang='lat' dir='ltr'><em>apostoliea</em></span> <span class='ocrx_word' id='word_1_246' title='bbox 1774 2640 1912 2704; x_wconf 87' lang='lat' dir='ltr'><em>auetori-</em></span> 
     </span>
    </p>

    <p class='ocr_par' dir='ltr' id='par_1_7' title="bbox 212 2743 2035 3259">
     <span class='ocr_line' id='line_1_21' title="bbox 212 2743 2035 2834; baseline -0.002 -23"><span class='ocrx_word' id='word_1_247' title='bbox 212 2773 240 2811; x_wconf 67' lang='grc' dir='ltr'><em>ιο</em></span> <span class='ocrx_word' id='word_1_248' title='bbox 257 2757 323 2810; x_wconf 84' lang='lat' dir='ltr'><em>tate</em></span> <span class='ocrx_word' id='word_1_249' title='bbox 346 2744 517 2834; x_wconf 89' lang='lat' dir='ltr'><em>perculsus</em></span> <span class='ocrx_word' id='word_1_250' title='bbox 541 2756 600 2808; x_wconf 90' lang='lat' dir='ltr'><em>cst.</em></span> <span class='ocrx_word' id='word_1_251' title='bbox 636 2745 700 2808; x_wconf 89' lang='lat' dir='ltr'><em>Pro</em></span> <span class='ocrx_word' id='word_1_252' title='bbox 725 2767 791 2831; x_wconf 85' lang='lat' dir='ltr'><em>qua</em></span> <span class='ocrx_word' id='word_1_253' title='bbox 813 2767 859 2825; x_wconf 88' lang='lat' dir='ltr'><em>re,</em></span> <span class='ocrx_word' id='word_1_254' title='bbox 884 2746 968 2809; x_wconf 89' lang='lat' dir='ltr'><em>sicut</em></span> <span class='ocrx_word' id='word_1_255' title='bbox 991 2745 1023 2807; x_wconf 89' lang='lat' dir='ltr'><em>in</em></span> <span class='ocrx_word' id='word_1_256' title='bbox 1050 2744 1172 2808; x_wconf 87' lang='lat' dir='ltr'><em>eisdem</em></span> <span class='ocrx_word' id='word_1_257' title='bbox 1197 2743 1324 2808; x_wconf 87' lang='lat' dir='ltr'><em>actibus</em></span> <span class='ocrx_word' id='word_1_258' title='bbox 1349 2744 1568 2832; x_wconf 87' lang='lat' dir='ltr'><em>apostolorum</em></span> <span class='ocrx_word' id='word_1_259' title='bbox 1588 2744 1716 2830; x_wconf 87' lang='lat' dir='ltr'><em>legitur,</em></span> <span class='ocrx_word' id='word_1_260' title='bbox 1734 2747 1848 2833; x_wconf 33' lang='lat' dir='ltr'><em>‘foetas</em></span> <span class='ocrx_word' id='word_1_261' title='bbox 1870 2762 1916 2811; x_wconf 81' lang='lat' dir='ltr'><em>eet</em></span> <span class='ocrx_word' id='word_1_262' title='bbox 1933 2769 2035 2821; x_wconf 61' lang='lat' dir='ltr'><em>marr.</em></span> 
     </span>
     <span class='ocr_line' id='line_1_22' title="bbox 258 2851 1913 2940; baseline -0.002 -20"><span class='ocrx_word' id='word_1_263' title='bbox 258 2857 352 2920; x_wconf 83' lang='lat' dir='ltr'><em>timor</em></span> <span class='ocrx_word' id='word_1_264' title='bbox 374 2879 506 2938; x_wconf 40' lang='lat' dir='ltr'><em>&#39;rnaqnus</em></span> <span class='ocrx_word' id='word_1_265' title='bbox 531 2856 563 2918; x_wconf 90' lang='lat' dir='ltr'><em>in</em></span> <span class='ocrx_word' id='word_1_266' title='bbox 590 2856 735 2916; x_wconf 79' lang='lat' dir='ltr'><em>uniuersa</em></span> <span class='ocrx_word' id='word_1_267' title='bbox 760 2854 889 2917; x_wconf 82' lang='lat' dir='ltr'><em>ecelesia</em></span> <span class='ocrx_word' id='word_1_268' title='bbox 915 2867 943 2917; x_wconf 89' lang='lat' dir='ltr'><em>et</em></span> <span class='ocrx_word' id='word_1_269' title='bbox 967 2855 999 2917; x_wconf 90' lang='lat' dir='ltr'><em>in</em></span> <span class='ocrx_word' id='word_1_270' title='bbox 1023 2855 1176 2932; x_wconf 68' lang='lat' dir='ltr'><em>sensisibus,</em></span> <span class='ocrx_word' id='word_1_271' title='bbox 1201 2855 1261 2937; x_wconf 90' lang='lat' dir='ltr'><em>qni</em></span> <span class='ocrx_word' id='word_1_272' title='bbox 1280 2853 1452 2917; x_wconf 83' lang='lat' dir='ltr'><em>andierunt</em></span> <span class='ocrx_word' id='word_1_273' title='bbox 1473 2854 1558 2918; x_wconf 84' lang='lat' dir='ltr'><em>boec.</em></span> <span class='ocrx_word' id='word_1_274' title='bbox 1607 2851 1642 2917; x_wconf 88' lang='lat' dir='ltr'><em>Si</em></span> <span class='ocrx_word' id='word_1_275' title='bbox 1666 2853 1752 2916; x_wconf 84' lang='lat' dir='ltr'><em>enim</em></span> <span class='ocrx_word' id='word_1_276' title='bbox 1776 2851 1816 2916; x_wconf 87' lang='lat' dir='ltr'><em>de</em></span> <span class='ocrx_word' id='word_1_277' title='bbox 1840 2876 1913 2940; x_wconf 88' lang='lat' dir='ltr'><em>pro·</em></span> 
     </span>
     <span class='ocr_line' id='line_1_23' title="bbox 258 2957 1914 3046; baseline 0.002 -24"><span class='ocrx_word' id='word_1_278' title='bbox 258 2960 337 3046; x_wconf 87' lang='lat' dir='ltr'><em>priis</em></span> <span class='ocrx_word' id='word_1_279' title='bbox 360 2960 427 3023; x_wconf 87' lang='lat' dir='ltr'><em>suis</em></span> <span class='ocrx_word' id='word_1_280' title='bbox 450 2958 559 3040; x_wconf 86' lang='lat' dir='ltr'><em>rebus,</em></span> <span class='ocrx_word' id='word_1_281' title='bbox 584 2981 665 3045; x_wconf 85' lang='lat' dir='ltr'><em>quas</em></span> <span class='ocrx_word' id='word_1_282' title='bbox 689 2958 732 3021; x_wconf 86' lang='lat' dir='ltr'><em>ad</em></span> <span class='ocrx_word' id='word_1_283' title='bbox 754 2959 915 3043; x_wconf 80' lang='lat' dir='ltr'><em>integrum</em></span> <span class='ocrx_word' id='word_1_284' title='bbox 931 2957 1006 3022; x_wconf 86' lang='lat' dir='ltr'><em>Deo</em></span> <span class='ocrx_word' id='word_1_285' title='bbox 1022 2971 1190 3038; x_wconf 82' lang='lat' dir='ltr'><em>voverant,</em></span> <span class='ocrx_word' id='word_1_286' title='bbox 1215 2981 1274 3044; x_wconf 88' lang='lat' dir='ltr'><em>pro</em></span> <span class='ocrx_word' id='word_1_287' title='bbox 1292 2981 1330 3023; x_wconf 91' lang='lat' dir='ltr'><em>eo</em></span> <span class='ocrx_word' id='word_1_288' title='bbox 1347 2958 1434 3045; x_wconf 89' lang='lat' dir='ltr'><em>quod</em></span> <span class='ocrx_word' id='word_1_289' title='bbox 1450 2958 1526 3023; x_wconf 87' lang='lat' dir='ltr'><em>inde</em></span> <span class='ocrx_word' id='word_1_290' title='bbox 1543 2958 1667 3045; x_wconf 87' lang='lat' dir='ltr'><em>aliquid</em></span> <span class='ocrx_word' id='word_1_291' title='bbox 1683 2957 1914 3034; x_wconf 81' lang='lat' dir='ltr'><em>abstraxerunt</em></span> 
     </span>
     <span class='ocr_line' id='line_1_24' title="bbox 258 3064 1912 3153; baseline 0.001 -24"><span class='ocrx_word' id='word_1_292' title='bbox 258 3066 309 3130; x_wconf 84' lang='lat' dir='ltr'><em>vel</em></span> <span class='ocrx_word' id='word_1_293' title='bbox 334 3065 517 3130; x_wconf 86' lang='lat' dir='ltr'><em>defraudati</em></span> <span class='ocrx_word' id='word_1_294' title='bbox 542 3077 626 3146; x_wconf 83' lang='lat' dir='ltr'><em>sunt,</em></span> <span class='ocrx_word' id='word_1_295' title='bbox 657 3075 723 3129; x_wconf 86' lang='lat' dir='ltr'><em>tam</em></span> <span class='ocrx_word' id='word_1_296' title='bbox 754 3064 899 3130; x_wconf 84' lang='lat' dir='ltr'><em>horribili</em></span> <span class='ocrx_word' id='word_1_297' title='bbox 924 3077 1027 3129; x_wconf 88' lang='lat' dir='ltr'><em>morte</em></span> <span class='ocrx_word' id='word_1_298' title='bbox 1052 3064 1175 3129; x_wconf 87' lang='lat' dir='ltr'><em>multati</em></span> <span class='ocrx_word' id='word_1_299' title='bbox 1201 3075 1286 3146; x_wconf 88' lang='lat' dir='ltr'><em>sunt,</em></span> <span class='ocrx_word' id='word_1_300' title='bbox 1318 3064 1397 3151; x_wconf 90' lang='lat' dir='ltr'><em>quid</em></span> <span class='ocrx_word' id='word_1_301' title='bbox 1421 3065 1601 3152; x_wconf 83' lang='lat' dir='ltr'><em>putandum</em></span> <span class='ocrx_word' id='word_1_302' title='bbox 1627 3077 1676 3130; x_wconf 88' lang='lat' dir='ltr'><em>est</em></span> <span class='ocrx_word' id='word_1_303' title='bbox 1699 3065 1740 3130; x_wconf 88' lang='lat' dir='ltr'><em>dc</em></span> <span class='ocrx_word' id='word_1_304' title='bbox 1764 3066 1824 3150; x_wconf 85' lang='lat' dir='ltr'><em>his,</em></span> <span class='ocrx_word' id='word_1_305' title='bbox 1856 3068 1912 3153; x_wconf 91' lang='lat' dir='ltr'><em>qui</em></span> 
     </span>
     <span class='ocr_line' id='line_1_25' title="bbox 259 3171 1913 3259; baseline 0.002 -23"><span class='ocrx_word' id='word_1_306' title='bbox 259 3194 308 3250; x_wconf 81' lang='lat' dir='ltr'><em>ce,</em></span> <span class='ocrx_word' id='word_1_307' title='bbox 332 3195 416 3259; x_wconf 89' lang='lat' dir='ltr'><em>quac</em></span> <span class='ocrx_word' id='word_1_308' title='bbox 447 3173 503 3237; x_wconf 89' lang='lat' dir='ltr'><em>alii</em></span> <span class='ocrx_word' id='word_1_309' title='bbox 527 3171 713 3238; x_wconf 90' lang='lat' dir='ltr'><em>obtulerunt</em></span> <span class='ocrx_word' id='word_1_310' title='bbox 736 3173 820 3252; x_wconf 83' lang='lat' dir='ltr'><em>Deo,</em></span> <span class='ocrx_word' id='word_1_311' title='bbox 848 3172 977 3235; x_wconf 85' lang='lat' dir='ltr'><em>auferre</em></span> <span class='ocrx_word' id='word_1_312' title='bbox 1008 3173 1225 3258; x_wconf 79' lang='lat' dir='ltr'><em>presumunt?</em></span> <span class='ocrx_word' id='word_1_313' title='bbox 1271 3172 1316 3236; x_wconf 91' lang='lat' dir='ltr'><em>Hi</em></span> <span class='ocrx_word' id='word_1_314' title='bbox 1346 3172 1461 3259; x_wconf 86' lang='lat' dir='ltr'><em>procul</em></span> <span class='ocrx_word' id='word_1_315' title='bbox 1485 3171 1584 3238; x_wconf 89' lang='lat' dir='ltr'><em>dubio</em></span> <span class='ocrx_word' id='word_1_316' title='bbox 1609 3172 1786 3238; x_wconf 90' lang='lat' dir='ltr'><em>secundum</em></span> <span class='ocrx_word' id='word_1_317' title='bbox 1811 3173 1913 3240; x_wconf 83' lang='lat' dir='ltr'><em>verba</em></span> 
     </span>
    </p>
   </div>
   <div class='ocr_carea' id='block_1_4' title="bbox 212 3277 2053 3366">
    <p class='ocr_par' dir='ltr' id='par_1_8' title="bbox 212 3277 2053 3366">
     <span class='ocr_line' id='line_1_26' title="bbox 212 3277 2053 3366; baseline 0.002 -22"><span class='ocrx_word' id='word_1_318' title='bbox 212 3304 240 3344; x_wconf 79' lang='lat' dir='ltr'><em>rs</em></span> <span class='ocrx_word' id='word_1_319' title='bbox 258 3278 346 3343; x_wconf 85' lang='lat' dir='ltr'><em>beati</em></span> <span class='ocrx_word' id='word_1_320' title='bbox 370 3280 459 3344; x_wconf 86' lang='lat' dir='ltr'><em>Petri</em></span> <span class='ocrx_word' id='word_1_321' title='bbox 484 3278 621 3366; x_wconf 87' lang='lat' dir='ltr'><em>apostoli</em></span> <span class='ocrx_word' id='word_1_322' title='bbox 647 3302 711 3343; x_wconf 90' lang='lat' dir='ltr'><em>non</em></span> <span class='ocrx_word' id='word_1_323' title='bbox 735 3277 930 3361; x_wconf 87' lang='lat' dir='ltr'><em>hominibus,</em></span> <span class='ocrx_word' id='word_1_324' title='bbox 955 3279 1012 3342; x_wconf 90' lang='lat' dir='ltr'><em>sed</em></span> <span class='ocrx_word' id='word_1_325' title='bbox 1037 3278 1110 3342; x_wconf 87' lang='lat' dir='ltr'><em>Deo</em></span> <span class='ocrx_word' id='word_1_326' title='bbox 1134 3277 1264 3344; x_wconf 88' lang='lat' dir='ltr'><em>mentiri</em></span> <span class='ocrx_word' id='word_1_327' title='bbox 1289 3280 1537 3344; x_wconf 87' lang='lat' dir='ltr'><em>convincuntur.</em></span> <span class='ocrx_word' id='word_1_328' title='bbox 1900 3349 1903 3356; x_wconf 69' lang='grc'><em>,</em></span> <span class='ocrx_word' id='word_1_329' title='bbox 1932 3305 2053 3348; x_wconf 70' lang='lat' dir='ltr'><em>ocreae.</em></span> 
     </span>
    </p>
   </div>
   <div class='ocr_carea' id='block_1_5' title="bbox 213 3402 2062 4131">
    <p class='ocr_par' dir='ltr' id='par_1_9' title="bbox 257 3402 2062 3812">
     <span class='ocr_line' id='line_1_27' title="bbox 365 3402 1913 3490; baseline 0 -21"><span class='ocrx_word' id='word_1_330' title='bbox 365 3403 449 3490; x_wconf 84' lang='grc'><strong>(91).</strong></span> <span class='ocrx_word' id='word_1_331' title='bbox 474 3403 586 3468; x_wconf 86' lang='lat' dir='ltr'>XXII.</span> <span class='ocrx_word' id='word_1_332' title='bbox 622 3402 773 3468; x_wconf 87' lang='lat' dir='ltr'><em>Herodes</em></span> <span class='ocrx_word' id='word_1_333' title='bbox 796 3425 894 3489; x_wconf 90' lang='lat' dir='ltr'><em>porro</em></span> <span class='ocrx_word' id='word_1_334' title='bbox 914 3403 1080 3489; x_wconf 86' lang='lat' dir='ltr'><em>parricida</em></span> <span class='ocrx_word' id='word_1_335' title='bbox 1099 3414 1132 3467; x_wconf 90' lang='lat' dir='ltr'><em>et</em></span> <span class='ocrx_word' id='word_1_336' title='bbox 1155 3403 1425 3468; x_wconf 83' lang='lat' dir='ltr'><em>sceleratissimus</em></span> <span class='ocrx_word' id='word_1_337' title='bbox 1446 3426 1517 3486; x_wconf 81' lang='lat' dir='ltr'><em>rex,</em></span> <span class='ocrx_word' id='word_1_338' title='bbox 1542 3403 1582 3468; x_wconf 86' lang='lat' dir='ltr'><em>de</em></span> <span class='ocrx_word' id='word_1_339' title='bbox 1600 3426 1663 3490; x_wconf 91' lang='lat' dir='ltr'><em>quo</em></span> <span class='ocrx_word' id='word_1_340' title='bbox 1680 3415 1712 3469; x_wconf 88' lang='lat' dir='ltr'><em>et</em></span> <span class='ocrx_word' id='word_1_341' title='bbox 1735 3405 1769 3469; x_wconf 89' lang='lat' dir='ltr'><em>in</em></span> <span class='ocrx_word' id='word_1_342' title='bbox 1789 3404 1913 3469; x_wconf 89' lang='lat' dir='ltr'><em>eisdem</em></span> 
     </span>
     <span class='ocr_line' id='line_1_28' title="bbox 257 3508 2062 3597; baseline -0.005 -22"><span class='ocrx_word' id='word_1_343' title='bbox 257 3509 385 3575; x_wconf 84' lang='lat' dir='ltr'><em>actibus</em></span> <span class='ocrx_word' id='word_1_344' title='bbox 409 3510 628 3597; x_wconf 87' lang='lat' dir='ltr'><em>apostolorum</em></span> <span class='ocrx_word' id='word_1_345' title='bbox 652 3510 773 3596; x_wconf 87' lang='lat' dir='ltr'><em>legitur</em></span> <span class='ocrx_word' id='word_1_346' title='bbox 795 3521 828 3573; x_wconf 92' lang='lat' dir='ltr'><em>et</em></span> <span class='ocrx_word' id='word_1_347' title='bbox 850 3508 979 3596; x_wconf 83' lang='lat' dir='ltr'><em>plenius</em></span> <span class='ocrx_word' id='word_1_348' title='bbox 998 3510 1032 3573; x_wconf 90' lang='lat' dir='ltr'><em>in</em></span> <span class='ocrx_word' id='word_1_349' title='bbox 1048 3509 1130 3574; x_wconf 90' lang='lat' dir='ltr'><em>libro</em></span> <span class='ocrx_word' id='word_1_350' title='bbox 1146 3509 1339 3597; x_wconf 83' lang='lat' dir='ltr'><em>Egesyppi¹</em></span> <span class='ocrx_word' id='word_1_351' title='bbox 1362 3511 1537 3593; x_wconf 82' lang='lat' dir='ltr'><em>invenitur,</em></span> <span class='ocrx_word' id='word_1_352' title='bbox 1564 3533 1628 3597; x_wconf 92' lang='lat' dir='ltr'><em>quo</em></span> <span class='ocrx_word' id='word_1_353' title='bbox 1645 3521 1913 3596; x_wconf 82' lang='lat' dir='ltr'><em>regnantonatus</em></span> <span class='ocrx_word' id='word_1_354' title='bbox 1931 3527 2062 3578; x_wconf 62' lang='lat' dir='ltr'><em>ernon,</em></span> 
     </span>
     <span class='ocr_line' id='line_1_29' title="bbox 258 3584 2048 3727; baseline 0.001 -45"><span class='ocrx_word' id='word_1_355' title='bbox 258 3629 308 3682; x_wconf 85' lang='lat' dir='ltr'><em>ost</em></span> <span class='ocrx_word' id='word_1_356' title='bbox 324 3615 484 3700; x_wconf 83' lang='lat' dir='ltr'><em>Christus,</em></span> <span class='ocrx_word' id='word_1_357' title='bbox 509 3617 601 3682; x_wconf 86' lang='lat' dir='ltr'><em>cuius</em></span> <span class='ocrx_word' id='word_1_358' title='bbox 626 3618 724 3681; x_wconf 89' lang='lat' dir='ltr'><em>ctiam</em></span> <span class='ocrx_word' id='word_1_359' title='bbox 749 3617 958 3681; x_wconf 85' lang='lat' dir='ltr'><em>saevissimus</em></span> <span class='ocrx_word' id='word_1_360' title='bbox 981 3617 1147 3702; x_wconf 84' lang='lat' dir='ltr'><em>ingentem</em></span> <span class='ocrx_word' id='word_1_361' title='bbox 1172 3616 1381 3703; x_wconf 88' lang='lat' dir='ltr'><em>parvulorum</em></span> <span class='ocrx_word' id='word_1_362' title='bbox 1407 3629 1574 3682; x_wconf 85' lang='lat' dir='ltr'><em>catervam</em></span> <span class='ocrx_word' id='word_1_363' title='bbox 1590 3641 1650 3705; x_wconf 90' lang='lat' dir='ltr'><em>pro</em></span> <span class='ocrx_word' id='word_1_364' title='bbox 1666 3615 1796 3682; x_wconf 83' lang='lat' dir='ltr'><em>Christo</em></span> <span class='ocrx_word' id='word_1_365' title='bbox 1815 3619 1912 3684; x_wconf 77' lang='lat' dir='ltr'><em>truci</em></span> <span class='ocrx_word' id='word_1_366' title='bbox 1932 3584 2048 3727; x_wconf 37' lang='lat' dir='ltr'><em>{liiiio</em></span> 
     </span>
     <span class='ocr_line' id='line_1_30' title="bbox 259 3689 2024 3812; baseline 0.002 -24"><span class='ocrx_word' id='word_1_367' title='bbox 259 3723 349 3788; x_wconf 87' lang='lat' dir='ltr'><em>davit</em></span> <span class='ocrx_word' id='word_1_368' title='bbox 371 3722 510 3808; x_wconf 80' lang='lat' dir='ltr'><em>gladius,</em></span> <span class='ocrx_word' id='word_1_369' title='bbox 542 3725 620 3809; x_wconf 86' lang='lat' dir='ltr'><em>quia</em></span> <span class='ocrx_word' id='word_1_370' title='bbox 650 3722 807 3809; x_wconf 86' lang='lat' dir='ltr'><em>quosdam</em></span> <span class='ocrx_word' id='word_1_371' title='bbox 832 3722 1019 3787; x_wconf 85' lang='lat' dir='ltr'><em>sacerdotes</em></span> <span class='ocrx_word' id='word_1_372' title='bbox 1049 3725 1180 3788; x_wconf 86' lang='lat' dir='ltr'><em>necavit</em></span> <span class='ocrx_word' id='word_1_373' title='bbox 1210 3746 1391 3811; x_wconf 87' lang='lat' dir='ltr'><em>eorumque</em></span> <span class='ocrx_word' id='word_1_374' title='bbox 1422 3725 1638 3790; x_wconf 86' lang='lat' dir='ltr'><em>ministerium</em></span> <span class='ocrx_word' id='word_1_375' title='bbox 1668 3723 1731 3790; x_wconf 91' lang='lat' dir='ltr'><em>sibi</em></span> <span class='ocrx_word' id='word_1_376' title='bbox 1758 3726 1914 3812; x_wconf 87' lang='lat' dir='ltr'><em>surripuit</em></span> <span class='ocrx_word' id='word_1_377' title='bbox 1974 3689 2024 3739; x_wconf 54' lang='grc' dir='ltr'><em>’Μ’</em></span> 
     </span>
    </p>

    <p class='ocr_par' dir='ltr' id='par_1_10' title="bbox 213 3829 1913 4131">
     <span class='ocr_line' id='line_1_31' title="bbox 213 3829 1913 3918; baseline 0 -21"><span class='ocrx_word' id='word_1_378' title='bbox 213 3855 240 3897; x_wconf 81' lang='lat' dir='ltr'><em>so</em></span> <span class='ocrx_word' id='word_1_379' title='bbox 260 3842 293 3895; x_wconf 90' lang='lat' dir='ltr'><em>et</em></span> <span class='ocrx_word' id='word_1_380' title='bbox 316 3832 394 3917; x_wconf 86' lang='lat' dir='ltr'><em>quia</em></span> <span class='ocrx_word' id='word_1_381' title='bbox 417 3853 500 3916; x_wconf 87' lang='lat' dir='ltr'><em>quae</em></span> <span class='ocrx_word' id='word_1_382' title='bbox 524 3829 597 3894; x_wconf 89' lang='lat' dir='ltr'><em>Deo</em></span> <span class='ocrx_word' id='word_1_383' title='bbox 622 3829 731 3894; x_wconf 84' lang='lat' dir='ltr'><em>oblata</em></span> <span class='ocrx_word' id='word_1_384' title='bbox 762 3841 863 3910; x_wconf 87' lang='lat' dir='ltr'><em>erant,</em></span> <span class='ocrx_word' id='word_1_385' title='bbox 895 3830 979 3893; x_wconf 88' lang='lat' dir='ltr'><em>sicut</em></span> <span class='ocrx_word' id='word_1_386' title='bbox 1010 3830 1043 3894; x_wconf 92' lang='lat' dir='ltr'><em>in</em></span> <span class='ocrx_word' id='word_1_387' title='bbox 1074 3830 1188 3894; x_wconf 89' lang='lat' dir='ltr'><em>eodem</em></span> <span class='ocrx_word' id='word_1_388' title='bbox 1213 3830 1383 3918; x_wconf 86' lang='lat' dir='ltr'><em>Egesyppi</em></span> <span class='ocrx_word' id='word_1_389' title='bbox 1407 3830 1490 3895; x_wconf 89' lang='lat' dir='ltr'><em>libro</em></span> <span class='ocrx_word' id='word_1_390' title='bbox 1514 3829 1643 3916; x_wconf 84' lang='lat' dir='ltr'><em>legitur,</em></span> <span class='ocrx_word' id='word_1_391' title='bbox 1674 3833 1709 3895; x_wconf 89' lang='lat' dir='ltr'><em>in</em></span> <span class='ocrx_word' id='word_1_392' title='bbox 1736 3855 1812 3898; x_wconf 89' lang='lat' dir='ltr'><em>suos</em></span> <span class='ocrx_word' id='word_1_393' title='bbox 1835 3855 1913 3897; x_wconf 88' lang='lat' dir='ltr'><em>usus</em></span> 
     </span>
     <span class='ocr_line' id='line_1_32' title="bbox 260 3936 1913 4023; baseline 0.001 -21"><span class='ocrx_word' id='word_1_394' title='bbox 260 3939 431 4018; x_wconf 83' lang='lat' dir='ltr'><em>convertit,</em></span> <span class='ocrx_word' id='word_1_395' title='bbox 455 3948 491 4001; x_wconf 93' lang='lat' dir='ltr'><em>ut</em></span> <span class='ocrx_word' id='word_1_396' title='bbox 514 3948 623 4001; x_wconf 85' lang='lat' dir='ltr'><em>cetera</em></span> <span class='ocrx_word' id='word_1_397' title='bbox 646 3937 715 4001; x_wconf 90' lang='lat' dir='ltr'><em>eius</em></span> <span class='ocrx_word' id='word_1_398' title='bbox 739 3936 825 4000; x_wconf 88' lang='lat' dir='ltr'><em>mala</em></span> <span class='ocrx_word' id='word_1_399' title='bbox 849 3937 1045 4016; x_wconf 85' lang='lat' dir='ltr'><em>omittamus,</em></span> <span class='ocrx_word' id='word_1_400' title='bbox 1071 3960 1128 4023; x_wconf 88' lang='lat' dir='ltr'><em>pro</em></span> <span class='ocrx_word' id='word_1_401' title='bbox 1152 3947 1217 4000; x_wconf 90' lang='lat' dir='ltr'><em>tam</em></span> <span class='ocrx_word' id='word_1_402' title='bbox 1243 3938 1415 4001; x_wconf 87' lang='lat' dir='ltr'><em>temerario</em></span> <span class='ocrx_word' id='word_1_403' title='bbox 1432 3948 1473 4020; x_wconf 90' lang='lat' dir='ltr'><em>et,</em></span> <span class='ocrx_word' id='word_1_404' title='bbox 1498 3949 1534 4002; x_wconf 87' lang='lat' dir='ltr'><em>ut</em></span> <span class='ocrx_word' id='word_1_405' title='bbox 1553 3937 1600 4001; x_wconf 84' lang='lat' dir='ltr'><em>ita</em></span> <span class='ocrx_word' id='word_1_406' title='bbox 1615 3936 1765 4018; x_wconf 84' lang='lat' dir='ltr'><em>dixerim,</em></span> <span class='ocrx_word' id='word_1_407' title='bbox 1789 3938 1913 4004; x_wconf 88' lang='lat' dir='ltr'><em>erudeli</em></span> 
     </span>
     <span class='ocr_line' id='line_1_33' title="bbox 259 4041 1913 4131; baseline 0.001 -24"><span class='ocrx_word' id='word_1_408' title='bbox 259 4044 346 4108; x_wconf 85' lang='lat' dir='ltr'><em>facto</em></span> <span class='ocrx_word' id='word_1_409' title='bbox 371 4043 524 4124; x_wconf 87' lang='lat' dir='ltr'><em>creditur,</em></span> <span class='ocrx_word' id='word_1_410' title='bbox 548 4043 636 4129; x_wconf 90' lang='lat' dir='ltr'><em>quod</em></span> <span class='ocrx_word' id='word_1_411' title='bbox 659 4044 823 4122; x_wconf 88' lang='lat' dir='ltr'><em>meruerit,</em></span> <span class='ocrx_word' id='word_1_412' title='bbox 848 4056 880 4106; x_wconf 90' lang='lat' dir='ltr'><em>et</em></span> <span class='ocrx_word' id='word_1_413' title='bbox 904 4041 945 4106; x_wconf 85' lang='lat' dir='ltr'><em>ab</em></span> <span class='ocrx_word' id='word_1_414' title='bbox 970 4041 1087 4128; x_wconf 80' lang='lat' dir='ltr'><em>angelo</em></span> <span class='ocrx_word' id='word_1_415' title='bbox 1111 4044 1238 4129; x_wconf 89' lang='lat' dir='ltr'><em>percuti</em></span> <span class='ocrx_word' id='word_1_416' title='bbox 1262 4056 1294 4108; x_wconf 91' lang='lat' dir='ltr'><em>et</em></span> <span class='ocrx_word' id='word_1_417' title='bbox 1318 4067 1338 4108; x_wconf 86' lang='lat' dir='ltr'><em>a</em></span> <span class='ocrx_word' id='word_1_418' title='bbox 1356 4043 1522 4110; x_wconf 86' lang='lat' dir='ltr'><em>vermibus</em></span> <span class='ocrx_word' id='word_1_419' title='bbox 1539 4043 1674 4131; x_wconf 84' lang='lat' dir='ltr'><em>deposci</em></span> <span class='ocrx_word' id='word_1_420' title='bbox 1697 4055 1730 4108; x_wconf 91' lang='lat' dir='ltr'><em>ct</em></span> <span class='ocrx_word' id='word_1_421' title='bbox 1749 4044 1913 4110; x_wconf 81' lang='lat' dir='ltr'><em>infelicem</em></span> 
     </span>
    </p>
   </div>
   <div class='ocr_carea' id='block_1_6' title="bbox 259 4149 979 4237">
    <p class='ocr_par' dir='ltr' id='par_1_11' title="bbox 259 4149 979 4237">
     <span class='ocr_line' id='line_1_34' title="bbox 259 4149 979 4237; baseline -0.001 -23"><span class='ocrx_word' id='word_1_422' title='bbox 259 4152 476 4237; x_wconf 85' lang='lat' dir='ltr'><em>miseramque</em></span> <span class='ocrx_word' id='word_1_423' title='bbox 501 4151 601 4214; x_wconf 85' lang='lat' dir='ltr'><em>vitam</em></span> <span class='ocrx_word' id='word_1_424' title='bbox 626 4149 727 4236; x_wconf 86' lang='lat' dir='ltr'><em>digna</em></span> <span class='ocrx_word' id='word_1_425' title='bbox 749 4162 852 4214; x_wconf 89' lang='lat' dir='ltr'><em>morte</em></span> <span class='ocrx_word' id='word_1_426' title='bbox 876 4151 979 4213; x_wconf 88' lang='lat' dir='ltr'><em>finire.</em></span> 
     </span>
    </p>
   </div>
   <div class='ocr_carea' id='block_1_7' title="bbox 212 4273 1913 4468">
    <p class='ocr_par' dir='ltr' id='par_1_12' title="bbox 212 4273 1913 4468">
     <span class='ocr_line' id='line_1_35' title="bbox 366 4273 1913 4361; baseline 0.001 -23"><span class='ocrx_word' id='word_1_427' title='bbox 366 4275 448 4361; x_wconf 82' lang='lat'>(92).</span> <span class='ocrx_word' id='word_1_428' title='bbox 470 4274 600 4338; x_wconf 81' lang='lat' dir='ltr'><em>xxm.</em></span> <span class='ocrx_word' id='word_1_429' title='bbox 626 4273 773 4355; x_wconf 79' lang='lat' dir='ltr'><em>Qualiter</em></span> <span class='ocrx_word' id='word_1_430' title='bbox 785 4275 926 4361; x_wconf 85' lang='lat' dir='ltr'><em>donique</em></span> <span class='ocrx_word' id='word_1_431' title='bbox 940 4274 1079 4338; x_wconf 87' lang='lat' dir='ltr'><em>ecclesia</em></span> <span class='ocrx_word' id='word_1_432' title='bbox 1090 4273 1211 4338; x_wconf 87' lang='lat' dir='ltr'><em>Christi</em></span> <span class='ocrx_word' id='word_1_433' title='bbox 1225 4296 1284 4359; x_wconf 91' lang='lat' dir='ltr'><em>per</em></span> <span class='ocrx_word' id='word_1_434' title='bbox 1298 4295 1503 4339; x_wconf 88' lang='lat' dir='ltr'><em>successores</em></span> <span class='ocrx_word' id='word_1_435' title='bbox 1519 4275 1749 4360; x_wconf 85' lang='lat' dir='ltr'><em>apostolorum,</em></span> <span class='ocrx_word' id='word_1_436' title='bbox 1766 4287 1913 4361; x_wconf 84' lang='lat' dir='ltr'><em>pastores</em></span> 
     </span>
     <span class='ocr_line' id='line_1_36' title="bbox 212 4378 1912 4468; baseline -0.001 -21"><span class='ocrx_word' id='word_1_437' title='bbox 212 4406 239 4447; x_wconf 77' lang='lat' dir='ltr'><em>so</em></span> <span class='ocrx_word' id='word_1_438' title='bbox 258 4380 413 4446; x_wconf 83' lang='lat' dir='ltr'><em>videlicet</em></span> <span class='ocrx_word' id='word_1_439' title='bbox 435 4380 581 4445; x_wconf 85' lang='lat' dir='ltr'><em>eiusdem</em></span> <span class='ocrx_word' id='word_1_440' title='bbox 606 4381 775 4462; x_wconf 85' lang='lat' dir='ltr'><em>eeclesiae,</em></span> <span class='ocrx_word' id='word_1_441' title='bbox 807 4380 867 4445; x_wconf 90' lang='lat' dir='ltr'><em>sub</em></span> <span class='ocrx_word' id='word_1_442' title='bbox 898 4379 1088 4445; x_wconf 87' lang='lat' dir='ltr'><em>orthodoxis</em></span> <span class='ocrx_word' id='word_1_443' title='bbox 1119 4378 1369 4466; x_wconf 87' lang='lat' dir='ltr'><em>imperatoribus</em></span> <span class='ocrx_word' id='word_1_444' title='bbox 1400 4393 1442 4461; x_wconf 90' lang='lat' dir='ltr'><em>et,</em></span> <span class='ocrx_word' id='word_1_445' title='bbox 1473 4391 1509 4445; x_wconf 93' lang='lat' dir='ltr'><em>ut</em></span> <span class='ocrx_word' id='word_1_446' title='bbox 1536 4379 1576 4444; x_wconf 89' lang='lat' dir='ltr'><em>de</em></span> <span class='ocrx_word' id='word_1_447' title='bbox 1600 4381 1709 4444; x_wconf 87' lang='lat' dir='ltr'><em>multis</em></span> <span class='ocrx_word' id='word_1_448' title='bbox 1732 4404 1833 4446; x_wconf 88' lang='lat' dir='ltr'><em>unum</em></span> <span class='ocrx_word' id='word_1_449' title='bbox 1856 4404 1912 4468; x_wconf 88' lang='lat' dir='ltr'><em>po·</em></span> 
     </span>
    </p>
   </div>
   <div class='ocr_carea' id='block_1_8' title="bbox 257 4593 1913 4932">
    <p class='ocr_par' dir='ltr' id='par_1_13' title="bbox 257 4593 1913 4932">
     <span class='ocr_line' id='line_1_37' title="bbox 363 4593 1912 4665; baseline 0.001 -16"><span class='ocrx_word' id='word_1_450' title='bbox 363 4600 422 4649; x_wconf 79' lang='lat' dir='ltr'><em>XX.</em></span> <span class='ocrx_word' id='word_1_451' title='bbox 453 4600 590 4649; x_wconf 85' lang='lat' dir='ltr'><em>leotidie</em></span> <span class='ocrx_word' id='word_1_452' title='bbox 610 4599 642 4650; x_wconf 85' lang='lat' dir='ltr'><em>L.</em></span> <span class='ocrx_word' id='word_1_453' title='bbox 727 4601 850 4650; x_wconf 83' lang='lat' dir='ltr'><em>2unum</em></span> <span class='ocrx_word' id='word_1_454' title='bbox 875 4598 1020 4649; x_wconf 73' lang='lat' dir='ltr'><em>deestBl.</em></span> <span class='ocrx_word' id='word_1_455' title='bbox 1039 4598 1071 4648; x_wconf 83' lang='lat' dir='ltr'><em>L.</em></span> <span class='ocrx_word' id='word_1_456' title='bbox 1091 4599 1150 4648; x_wconf 79' lang='lat' dir='ltr'><em>Be.</em></span> <span class='ocrx_word' id='word_1_457' title='bbox 1170 4603 1194 4648; x_wconf 87' lang='lat'><em>3.</em></span> <span class='ocrx_word' id='word_1_458' title='bbox 1216 4603 1252 4653; x_wconf 76' lang='lat' dir='ltr'><em>M.</em></span> <span class='ocrx_word' id='word_1_459' title='bbox 1339 4593 1407 4662; x_wconf 79' lang='lat' dir='ltr'><em>Nec]</em></span> <span class='ocrx_word' id='word_1_460' title='bbox 1432 4599 1473 4649; x_wconf 84' lang='lat' dir='ltr'><em>Ne</em></span> <span class='ocrx_word' id='word_1_461' title='bbox 1493 4597 1530 4649; x_wconf 78' lang='grc'><em>11.</em></span> <span class='ocrx_word' id='word_1_462' title='bbox 1615 4598 1912 4665; x_wconf 72' lang='lat' dir='ltr'><em>3possidebantB2.</em></span> 
     </span>
     <span class='ocr_line' id='line_1_38' title="bbox 259 4682 1913 4754; baseline 0.001 -15"><span class='ocrx_word' id='word_1_463' title='bbox 259 4682 515 4753; x_wconf 66' lang='lat' dir='ltr'><em>ileon-nostri]</em></span> <span class='ocrx_word' id='word_1_464' title='bbox 534 4689 637 4739; x_wconf 86' lang='lat' dir='ltr'><em>domini</em></span> <span class='ocrx_word' id='word_1_465' title='bbox 656 4689 742 4738; x_wconf 85' lang='lat' dir='ltr'><em>nostri</em></span> <span class='ocrx_word' id='word_1_466' title='bbox 757 4689 821 4738; x_wconf 86' lang='lat' dir='ltr'><em>lesu</em></span> <span class='ocrx_word' id='word_1_467' title='bbox 835 4688 933 4738; x_wconf 82' lang='lat' dir='ltr'><em>Christi</em></span> <span class='ocrx_word' id='word_1_468' title='bbox 953 4687 1013 4738; x_wconf 76' lang='grc'><strong>112.</strong></span> <span class='ocrx_word' id='word_1_469' title='bbox 1069 4682 1259 4754; x_wconf 74' lang='lat' dir='ltr'><em>bquisquam]</em></span> <span class='ocrx_word' id='word_1_470' title='bbox 1280 4689 1340 4753; x_wconf 81' lang='lat' dir='ltr'><em>quis</em></span> <span class='ocrx_word' id='word_1_471' title='bbox 1359 4687 1390 4738; x_wconf 85' lang='lat' dir='ltr'><em>L.</em></span> <span class='ocrx_word' id='word_1_472' title='bbox 1447 4687 1681 4739; x_wconf 80' lang='lat' dir='ltr'><em>&#39;lDiuidshsntur</em></span> <span class='ocrx_word' id='word_1_473' title='bbox 1700 4688 1726 4738; x_wconf 76' lang='lat' dir='ltr'><em>U.</em></span> <span class='ocrx_word' id='word_1_474' title='bbox 1743 4682 1780 4737; x_wconf 78' lang='grc' dir='ltr'><em>Μ.</em></span> <span class='ocrx_word' id='word_1_475' title='bbox 1835 4690 1913 4740; x_wconf 71' lang='lat' dir='ltr'><em>best</em></span> 
     </span>
     <span class='ocr_line' id='line_1_39' title="bbox 259 4770 1912 4842; baseline 0.001 -16"><span class='ocrx_word' id='word_1_476' title='bbox 259 4771 411 4839; x_wconf 83' lang='lat' dir='ltr'><em>Barnabas]</em></span> <span class='ocrx_word' id='word_1_477' title='bbox 428 4778 568 4827; x_wconf 80' lang='lat' dir='ltr'><em>Barnabas</em></span> <span class='ocrx_word' id='word_1_478' title='bbox 582 4775 619 4826; x_wconf 79' lang='grc'><em>11.</em></span> <span class='ocrx_word' id='word_1_479' title='bbox 674 4777 904 4827; x_wconf 83' lang='lat' dir='ltr'><em>9LueritesB3.</em></span> <span class='ocrx_word' id='word_1_480' title='bbox 960 4772 1068 4839; x_wconf 77' lang='lat' dir='ltr'><em>adtulit]</em></span> <span class='ocrx_word' id='word_1_481' title='bbox 1084 4774 1196 4826; x_wconf 79' lang='lat' dir='ltr'><em>tulitll.</em></span> <span class='ocrx_word' id='word_1_482' title='bbox 1254 4770 1702 4842; x_wconf 74' lang='lat' dir='ltr'><em>lOEcchXX.pr-aemittunt131.</em></span> <span class='ocrx_word' id='word_1_483' title='bbox 1717 4775 1821 4826; x_wconf 59' lang='grc' dir='ltr'><em>ΒΜ.</em></span> <span class='ocrx_word' id='word_1_484' title='bbox 1835 4781 1860 4827; x_wconf 88' lang='grc'><em>3.</em></span> <span class='ocrx_word' id='word_1_485' title='bbox 1874 4778 1912 4828; x_wconf 80' lang='lat' dir='ltr'><em>M.</em></span> 
     </span>
     <span class='ocr_line' id='line_1_40' title="bbox 257 4859 1848 4932; baseline -0.001 -16"><span class='ocrx_word' id='word_1_486' title='bbox 257 4882 306 4932; x_wconf 85' lang='lat' dir='ltr'><em>per</em></span> <span class='ocrx_word' id='word_1_487' title='bbox 326 4890 357 4900; x_wconf 94' lang='lat'>-</span> <span class='ocrx_word' id='word_1_488' title='bbox 377 4862 448 4931; x_wconf 77' lang='lat' dir='ltr'><em>post}</em></span> <span class='ocrx_word' id='word_1_489' title='bbox 466 4867 504 4917; x_wconf 85' lang='lat' dir='ltr'><em>ita</em></span> <span class='ocrx_word' id='word_1_490' title='bbox 522 4866 602 4926; x_wconf 74' lang='lat' dir='ltr'><em>codd,</em></span> <span class='ocrx_word' id='word_1_491' title='bbox 622 4873 684 4931; x_wconf 88' lang='lat' dir='ltr'><em>post</em></span> <span class='ocrx_word' id='word_1_492' title='bbox 705 4891 735 4899; x_wconf 91' lang='lat'><em>-</em></span> <span class='ocrx_word' id='word_1_493' title='bbox 757 4883 805 4931; x_wconf 87' lang='lat' dir='ltr'><em>per</em></span> <span class='ocrx_word' id='word_1_494' title='bbox 819 4866 940 4931; x_wconf 81' lang='lat' dir='ltr'><em>proponit</em></span> <span class='ocrx_word' id='word_1_495' title='bbox 959 4864 995 4915; x_wconf 83' lang='lat' dir='ltr'><em>M.</em></span> <span class='ocrx_word' id='word_1_496' title='bbox 1018 4865 1159 4916; x_wconf 83' lang='lat' dir='ltr'><em>Krammer.</em></span> <span class='ocrx_word' id='word_1_497' title='bbox 1237 4869 1265 4915; x_wconf 93' lang='grc'><em>11</em></span> <span class='ocrx_word' id='word_1_498' title='bbox 1288 4871 1350 4931; x_wconf 87' lang='lat' dir='ltr'><em>post</em></span> <span class='ocrx_word' id='word_1_499' title='bbox 1370 4859 1519 4930; x_wconf 82' lang='lat' dir='ltr'><em>apostolos]</em></span> <span class='ocrx_word' id='word_1_500' title='bbox 1540 4871 1567 4915; x_wconf 83' lang='lat' dir='ltr'><em>et</em></span> <span class='ocrx_word' id='word_1_501' title='bbox 1586 4864 1773 4930; x_wconf 81' lang='lat' dir='ltr'><em>apostolorum</em></span> <span class='ocrx_word' id='word_1_502' title='bbox 1792 4865 1848 4916; x_wconf 82' lang='lat' dir='ltr'><em>edd.</em></span> 
     </span>
    </p>
   </div>
   <div class='ocr_carea' id='block_1_9' title="bbox 211 4965 1912 5392">
    <p class='ocr_par' dir='ltr' id='par_1_14' title="bbox 211 4965 1912 5392">
     <span class='ocr_line' id='line_1_41' title="bbox 211 4965 1911 5038; baseline 0 -15"><span class='ocrx_word' id='word_1_503' title='bbox 211 4989 239 5028; x_wconf 73' lang='lat' dir='ltr'><em>eo</em></span> <span class='ocrx_word' id='word_1_504' title='bbox 364 4973 438 5023; x_wconf 83' lang='lat' dir='ltr'><em>XXI.</em></span> <span class='ocrx_word' id='word_1_505' title='bbox 468 4976 500 5023; x_wconf 83' lang='lat'><em>12</em></span> <span class='ocrx_word' id='word_1_506' title='bbox 519 4968 604 5036; x_wconf 77' lang='grc'><strong>11111]</strong></span> <span class='ocrx_word' id='word_1_507' title='bbox 622 4974 701 5023; x_wconf 63' lang='lat' dir='ltr'><em>iero,</em></span> <span class='ocrx_word' id='word_1_508' title='bbox 767 4975 799 5023; x_wconf 83' lang='grc'><em>15</em></span> <span class='ocrx_word' id='word_1_509' title='bbox 819 4974 904 5023; x_wconf 81' lang='lat' dir='ltr'><em>Facta</em></span> <span class='ocrx_word' id='word_1_510' title='bbox 922 4989 935 5022; x_wconf 85' lang='lat' dir='ltr'><em>e</em></span> <span class='ocrx_word' id='word_1_511' title='bbox 952 4989 1016 5023; x_wconf 83' lang='lat' dir='ltr'><em>oorr.</em></span> <span class='ocrx_word' id='word_1_512' title='bbox 1036 4965 1073 5022; x_wconf 71' lang='lat' dir='ltr'><em>bl.</em></span> <span class='ocrx_word' id='word_1_513' title='bbox 1137 4973 1262 5022; x_wconf 75' lang='lat' dir='ltr'><em>Ananiae</em></span> <span class='ocrx_word' id='word_1_514' title='bbox 1281 4967 1484 5038; x_wconf 77' lang='lat' dir='ltr'><em>Suphyruequo]</em></span> <span class='ocrx_word' id='word_1_515' title='bbox 1501 4972 1539 5021; x_wconf 85' lang='lat' dir='ltr'><em>ita</em></span> <span class='ocrx_word' id='word_1_516' title='bbox 1557 4972 1616 5022; x_wconf 78' lang='lat' dir='ltr'><em>Be.</em></span> <span class='ocrx_word' id='word_1_517' title='bbox 1627 4977 1652 5033; x_wconf 82' lang='lat'><em>3,</em></span> <span class='ocrx_word' id='word_1_518' title='bbox 1672 4974 1796 5023; x_wconf 77' lang='lat' dir='ltr'><em>Ananiae</em></span> <span class='ocrx_word' id='word_1_519' title='bbox 1816 4973 1911 5038; x_wconf 82' lang='lat' dir='ltr'><em>Sophi-</em></span> 
     </span>
     <span class='ocr_line' id='line_1_42' title="bbox 258 5059 1912 5128; baseline 0 -16"><span class='ocrx_word' id='word_1_520' title='bbox 258 5060 693 5128; x_wconf 71' lang='lat' dir='ltr'><em>requestnnanissSaphirae</em></span> <span class='ocrx_word' id='word_1_521' title='bbox 715 5063 742 5122; x_wconf 81' lang='lat' dir='ltr'><em>C,</em></span> <span class='ocrx_word' id='word_1_522' title='bbox 771 5062 896 5112; x_wconf 75' lang='lat' dir='ltr'><em>Ananiae</em></span> <span class='ocrx_word' id='word_1_523' title='bbox 917 5060 1187 5126; x_wconf 80' lang='lat' dir='ltr'><em>SsphyraeB1.L.</em></span> <span class='ocrx_word' id='word_1_524' title='bbox 1273 5063 1306 5110; x_wconf 77' lang='lat' dir='ltr'><em>lb</em></span> <span class='ocrx_word' id='word_1_525' title='bbox 1326 5059 1464 5112; x_wconf 81' lang='lat' dir='ltr'><em>oblatores</em></span> <span class='ocrx_word' id='word_1_526' title='bbox 1484 5063 1522 5115; x_wconf 81' lang='grc' dir='ltr'><em>Μ.</em></span> <span class='ocrx_word' id='word_1_527' title='bbox 1604 5062 1794 5112; x_wconf 83' lang='lat' dir='ltr'><em>deinrdntores</em></span> <span class='ocrx_word' id='word_1_528' title='bbox 1813 5062 1873 5112; x_wconf 78' lang='grc'><strong>112.</strong></span> <span class='ocrx_word' id='word_1_529' title='bbox 1886 5065 1912 5112; x_wconf 82' lang='lat'><em>3.</em></span> 
     </span>
     <span class='ocr_line' id='line_1_43' title="bbox 258 5147 1911 5217; baseline -0.002 -15"><span class='ocrx_word' id='word_1_530' title='bbox 258 5147 345 5216; x_wconf 72' lang='lat' dir='ltr'><em>lapse]</em></span> <span class='ocrx_word' id='word_1_531' title='bbox 364 5152 439 5202; x_wconf 79' lang='lat' dir='ltr'><em>xxl.</em></span> <span class='ocrx_word' id='word_1_532' title='bbox 459 5151 522 5217; x_wconf 86' lang='lat' dir='ltr'><em>Ipse</em></span> <span class='ocrx_word' id='word_1_533' title='bbox 543 5151 568 5200; x_wconf 94' lang='lat' dir='ltr'><em>B</em></span> <span class='ocrx_word' id='word_1_534' title='bbox 579 5156 601 5200; x_wconf 88' lang='lat'><em>1.</em></span> <span class='ocrx_word' id='word_1_535' title='bbox 622 5149 654 5201; x_wconf 81' lang='lat' dir='ltr'><em>L·</em></span> <span class='ocrx_word' id='word_1_536' title='bbox 673 5150 733 5201; x_wconf 75' lang='lat' dir='ltr'><em>Be.</em></span> <span class='ocrx_word' id='word_1_537' title='bbox 747 5155 772 5201; x_wconf 87' lang='lat'><em>3.</em></span> <span class='ocrx_word' id='word_1_538' title='bbox 792 5152 828 5201; x_wconf 87' lang='grc'><em>11.</em></span> <span class='ocrx_word' id='word_1_539' title='bbox 902 5151 1017 5215; x_wconf 84' lang='lat' dir='ltr'><em>Saphirn</em></span> <span class='ocrx_word' id='word_1_540' title='bbox 1036 5154 1072 5204; x_wconf 77' lang='grc'><em>11.</em></span> <span class='ocrx_word' id='word_1_541' title='bbox 1155 5152 1187 5201; x_wconf 78' lang='lat' dir='ltr'><em>li</em></span> <span class='ocrx_word' id='word_1_542' title='bbox 1208 5147 1302 5213; x_wconf 82' lang='lat' dir='ltr'><em>uxorol</em></span> <span class='ocrx_word' id='word_1_543' title='bbox 1322 5152 1439 5215; x_wconf 78' lang='lat' dir='ltr'><em>coniuge</em></span> <span class='ocrx_word' id='word_1_544' title='bbox 1459 5149 1490 5200; x_wconf 77' lang='lat' dir='ltr'><em>J..</em></span> <span class='ocrx_word' id='word_1_545' title='bbox 1510 5150 1570 5201; x_wconf 73' lang='lat'><em>132.</em></span> <span class='ocrx_word' id='word_1_546' title='bbox 1583 5153 1609 5200; x_wconf 85' lang='lat'><em>3.</em></span> <span class='ocrx_word' id='word_1_547' title='bbox 1628 5152 1665 5204; x_wconf 77' lang='lat' dir='ltr'><em>M.</em></span> <span class='ocrx_word' id='word_1_548' title='bbox 1745 5150 1856 5202; x_wconf 83' lang='lat' dir='ltr'><em>etdeest</em></span> <span class='ocrx_word' id='word_1_549' title='bbox 1875 5150 1911 5200; x_wconf 79' lang='grc'><em>11.</em></span> 
     </span>
     <span class='ocr_line' id='line_1_44' title="bbox 257 5234 1911 5305; baseline 0 -15"><span class='ocrx_word' id='word_1_550' title='bbox 257 5240 351 5291; x_wconf 80' lang='lat' dir='ltr'><em>fideles</em></span> <span class='ocrx_word' id='word_1_551' title='bbox 370 5234 520 5303; x_wconf 71' lang='lat' dir='ltr'><em>faciebant]</em></span> <span class='ocrx_word' id='word_1_552' title='bbox 540 5240 679 5291; x_wconf 80' lang='lat' dir='ltr'><em>iaciebant</em></span> <span class='ocrx_word' id='word_1_553' title='bbox 698 5238 791 5290; x_wconf 85' lang='lat' dir='ltr'><em>fideles</em></span> <span class='ocrx_word' id='word_1_554' title='bbox 810 5238 842 5290; x_wconf 81' lang='lat' dir='ltr'><em>L.</em></span> <span class='ocrx_word' id='word_1_555' title='bbox 936 5243 968 5289; x_wconf 85' lang='grc'><em>18</em></span> <span class='ocrx_word' id='word_1_556' title='bbox 988 5242 1076 5305; x_wconf 86' lang='lat' dir='ltr'><em>pretio</em></span> <span class='ocrx_word' id='word_1_557' title='bbox 1094 5240 1162 5290; x_wconf 80' lang='lat' dir='ltr'><em>deest</em></span> <span class='ocrx_word' id='word_1_558' title='bbox 1180 5239 1216 5289; x_wconf 84' lang='grc'><em>11.</em></span> <span class='ocrx_word' id='word_1_559' title='bbox 1311 5241 1342 5289; x_wconf 88' lang='grc'><em>19</em></span> <span class='ocrx_word' id='word_1_560' title='bbox 1362 5234 1495 5301; x_wconf 80' lang='lat' dir='ltr'><em>occuluit]</em></span> <span class='ocrx_word' id='word_1_561' title='bbox 1523 5237 1671 5288; x_wconf 78' lang='lat' dir='ltr'><em>occultavit</em></span> <span class='ocrx_word' id='word_1_562' title='bbox 1689 5238 1721 5289; x_wconf 83' lang='lat' dir='ltr'><em>L.</em></span> <span class='ocrx_word' id='word_1_563' title='bbox 1812 5241 1846 5290; x_wconf 80' lang='lat'><em>23</em></span> <span class='ocrx_word' id='word_1_564' title='bbox 1865 5239 1911 5290; x_wconf 89' lang='lat' dir='ltr'><em>de·</em></span> 
     </span>
     <span class='ocr_line' id='line_1_45' title="bbox 256 5322 1911 5392; baseline 0 -14"><span class='ocrx_word' id='word_1_565' title='bbox 256 5330 358 5379; x_wconf 80' lang='lat' dir='ltr'><em>trudati</em></span> <span class='ocrx_word' id='word_1_566' title='bbox 377 5328 403 5379; x_wconf 90' lang='lat' dir='ltr'><em>B</em></span> <span class='ocrx_word' id='word_1_567' title='bbox 412 5331 437 5380; x_wconf 86' lang='lat'><em>3.</em></span> <span class='ocrx_word' id='word_1_568' title='bbox 523 5337 565 5379; x_wconf 86' lang='lat' dir='ltr'><em>est</em></span> <span class='ocrx_word' id='word_1_569' title='bbox 582 5328 648 5378; x_wconf 77' lang='lat' dir='ltr'><em>deest</em></span> <span class='ocrx_word' id='word_1_570' title='bbox 667 5326 704 5377; x_wconf 71' lang='grc'><em>11.</em></span> <span class='ocrx_word' id='word_1_571' title='bbox 786 5331 820 5379; x_wconf 79' lang='lat'><em>24</em></span> <span class='ocrx_word' id='word_1_572' title='bbox 840 5326 998 5379; x_wconf 86' lang='lat' dir='ltr'><em>obtuleruut</em></span> <span class='ocrx_word' id='word_1_573' title='bbox 1016 5322 1086 5390; x_wconf 87' lang='lat' dir='ltr'><em>Deo]</em></span> <span class='ocrx_word' id='word_1_574' title='bbox 1112 5329 1173 5378; x_wconf 83' lang='lat' dir='ltr'><em>Deo</em></span> <span class='ocrx_word' id='word_1_575' title='bbox 1193 5327 1353 5379; x_wconf 85' lang='lat' dir='ltr'><em>obtulerunt</em></span> <span class='ocrx_word' id='word_1_576' title='bbox 1372 5325 1538 5392; x_wconf 85' lang='lat' dir='ltr'><em>(optulerunt</em></span> <span class='ocrx_word' id='word_1_577' title='bbox 1557 5327 1583 5378; x_wconf 89' lang='lat' dir='ltr'><em>B</em></span> <span class='ocrx_word' id='word_1_578' title='bbox 1592 5333 1616 5377; x_wconf 80' lang='lat'><em>3.</em></span> <span class='ocrx_word' id='word_1_579' title='bbox 1636 5323 1685 5390; x_wconf 79' lang='grc'><strong>11.)</strong></span> <span class='ocrx_word' id='word_1_580' title='bbox 1704 5327 1736 5377; x_wconf 81' lang='lat' dir='ltr'><em>J..</em></span> <span class='ocrx_word' id='word_1_581' title='bbox 1756 5327 1816 5378; x_wconf 75' lang='grc'><strong>112.</strong></span> <span class='ocrx_word' id='word_1_582' title='bbox 1829 5333 1855 5378; x_wconf 82' lang='grc'><em>3.</em></span> <span class='ocrx_word' id='word_1_583' title='bbox 1874 5323 1911 5378; x_wconf 79' lang='grc' dir='ltr'><em>Μ.</em></span> 
     </span>
    </p>
   </div>
   <div class='ocr_carea' id='block_1_10' title="bbox 212 5417 1911 5571">
    <p class='ocr_par' dir='ltr' id='par_1_15' title="bbox 212 5417 1911 5571">
     <span class='ocr_line' id='line_1_46' title="bbox 212 5417 527 5475; baseline -0.013 -5"><span class='ocrx_word' id='word_1_584' title='bbox 212 5435 240 5475; x_wconf 71' lang='lat' dir='ltr'><em>es</em></span> <span class='ocrx_word' id='word_1_585' title='bbox 258 5419 292 5469; x_wconf 77' lang='grc'><em>25</em></span> <span class='ocrx_word' id='word_1_586' title='bbox 312 5419 479 5468; x_wconf 81' lang='lat' dir='ltr'><em>convincunt</em></span> <span class='ocrx_word' id='word_1_587' title='bbox 500 5417 527 5466; x_wconf 80' lang='lat' dir='ltr'><em>C.</em></span> 
     </span>
     <span class='ocr_line' id='line_1_47' title="bbox 364 5502 1911 5571; baseline 0.001 -16"><span class='ocrx_word' id='word_1_588' title='bbox 364 5506 452 5555; x_wconf 80' lang='lat' dir='ltr'><em>XXII.</em></span> <span class='ocrx_word' id='word_1_589' title='bbox 482 5508 514 5556; x_wconf 80' lang='grc'><em>21</em></span> <span class='ocrx_word' id='word_1_590' title='bbox 535 5506 666 5571; x_wconf 81' lang='lat' dir='ltr'><em>Egesippi</em></span> <span class='ocrx_word' id='word_1_591' title='bbox 685 5505 725 5555; x_wconf 75' lang='lat' dir='ltr'><em>liic</em></span> <span class='ocrx_word' id='word_1_592' title='bbox 743 5515 766 5556; x_wconf 87' lang='lat' dir='ltr'><em>et</em></span> <span class='ocrx_word' id='word_1_593' title='bbox 784 5505 857 5571; x_wconf 71' lang='lat' dir='ltr'><em>infra</em></span> <span class='ocrx_word' id='word_1_594' title='bbox 875 5504 907 5556; x_wconf 79' lang='lat' dir='ltr'><em>l..</em></span> <span class='ocrx_word' id='word_1_595' title='bbox 928 5505 986 5555; x_wconf 74' lang='lat'><em>132.</em></span> <span class='ocrx_word' id='word_1_596' title='bbox 1000 5511 1025 5555; x_wconf 88' lang='lat'><em>3.</em></span> <span class='ocrx_word' id='word_1_597' title='bbox 1046 5504 1082 5553; x_wconf 81' lang='grc'><em>11.</em></span> <span class='ocrx_word' id='word_1_598' title='bbox 1163 5507 1197 5555; x_wconf 76' lang='lat'><em>28</em></span> <span class='ocrx_word' id='word_1_599' title='bbox 1216 5523 1266 5571; x_wconf 90' lang='lat' dir='ltr'><em>pro</em></span> <span class='ocrx_word' id='word_1_600' title='bbox 1287 5505 1396 5556; x_wconf 81' lang='lat' dir='ltr'><em>Christo</em></span> <span class='ocrx_word' id='word_1_601' title='bbox 1414 5505 1505 5555; x_wconf 83' lang='lat' dir='ltr'><em>denmt</em></span> <span class='ocrx_word' id='word_1_602' title='bbox 1523 5505 1582 5556; x_wconf 85' lang='lat' dir='ltr'><em>B3.</em></span> <span class='ocrx_word' id='word_1_603' title='bbox 1602 5502 1640 5556; x_wconf 77' lang='lat' dir='ltr'><em>ll.</em></span> <span class='ocrx_word' id='word_1_604' title='bbox 1712 5506 1856 5556; x_wconf 81' lang='lat' dir='ltr'><em>trutidavit</em></span> <span class='ocrx_word' id='word_1_605' title='bbox 1876 5507 1911 5557; x_wconf 83' lang='grc'><em>11.</em></span> 
     </span>
    </p>
   </div>
   <div class='ocr_carea' id='block_1_11' title="bbox 365 5589 1031 5657">
    <p class='ocr_par' dir='ltr' id='par_1_16' title="bbox 365 5589 1031 5657">
     <span class='ocr_line' id='line_1_48' title="bbox 365 5589 1031 5657; baseline 0.002 -14"><span class='ocrx_word' id='word_1_606' title='bbox 365 5595 467 5644; x_wconf 80' lang='lat' dir='ltr'><em>xxm.</em></span> <span class='ocrx_word' id='word_1_607' title='bbox 497 5597 530 5644; x_wconf 81' lang='grc'><em>35</em></span> <span class='ocrx_word' id='word_1_608' title='bbox 550 5589 720 5657; x_wconf 82' lang='lat' dir='ltr'><em>orthodoxis]</em></span> <span class='ocrx_word' id='word_1_609' title='bbox 740 5595 900 5645; x_wconf 78' lang='lat' dir='ltr'><em>hortodoxis</em></span> <span class='ocrx_word' id='word_1_610' title='bbox 922 5594 952 5644; x_wconf 78' lang='grc' dir='ltr'><em>Ι..</em></span> <span class='ocrx_word' id='word_1_611' title='bbox 973 5595 1031 5644; x_wconf 66' lang='lat' dir='ltr'><em>BL).</em></span> 
     </span>
    </p>
   </div>
   <div class='ocr_carea' id='block_1_12' title="bbox 211 5773 1913 6058">
    <p class='ocr_par' dir='ltr' id='par_1_17' title="bbox 211 5773 1913 6058">
     <span class='ocr_line' id='line_1_49' title="bbox 369 5773 1911 5851; baseline 0.001 -20"><span class='ocrx_word' id='word_1_612' title='bbox 369 5775 397 5846; x_wconf 90' lang='lat'><em>1)</em></span> <span class='ocrx_word' id='word_1_613' title='bbox 422 5773 472 5847; x_wconf 81' lang='lat' dir='ltr'><em>Gs.</em></span> <span class='ocrx_word' id='word_1_614' title='bbox 498 5775 685 5851; x_wconf 82' lang='lat' dir='ltr'><em>lleqrsippus,</em></span> <span class='ocrx_word' id='word_1_615' title='bbox 709 5774 756 5831; x_wconf 85' lang='lat' dir='ltr'><em>De</em></span> <span class='ocrx_word' id='word_1_616' title='bbox 778 5774 846 5832; x_wconf 84' lang='lat' dir='ltr'><em>bello</em></span> <span class='ocrx_word' id='word_1_617' title='bbox 862 5773 980 5830; x_wconf 85' lang='lat' dir='ltr'><em>Iudaico</em></span> <span class='ocrx_word' id='word_1_618' title='bbox 996 5773 1033 5829; x_wconf 91' lang='grc' dir='ltr'><em>ΙΙ</em></span> <span class='ocrx_word' id='word_1_619' title='bbox 1051 5778 1109 5833; x_wconf 82' lang='lat' dir='ltr'><em>c.1</em></span> <span class='ocrx_word' id='word_1_620' title='bbox 1133 5776 1196 5831; x_wconf 82' lang='lat' dir='ltr'><em>edd.</em></span> <span class='ocrx_word' id='word_1_621' title='bbox 1221 5775 1320 5832; x_wconf 79' lang='lat' dir='ltr'><em>ll&#39;eber</em></span> <span class='ocrx_word' id='word_1_622' title='bbox 1335 5784 1361 5830; x_wconf 87' lang='lat' dir='ltr'><em>et</em></span> <span class='ocrx_word' id='word_1_623' title='bbox 1378 5773 1488 5832; x_wconf 83' lang='lat' dir='ltr'><em>Caesar</em></span> <span class='ocrx_word' id='word_1_624' title='bbox 1506 5796 1537 5850; x_wconf 89' lang='lat' dir='ltr'><em>p.</em></span> <span class='ocrx_word' id='word_1_625' title='bbox 1559 5779 1622 5834; x_wconf 82' lang='grc'><strong>119.</strong></span> <span class='ocrx_word' id='word_1_626' title='bbox 1658 5775 1746 5832; x_wconf 79' lang='lat' dir='ltr'><em>Ionas</em></span> <span class='ocrx_word' id='word_1_627' title='bbox 1769 5774 1911 5832; x_wconf 84' lang='lat' dir='ltr'><em>Herodem</em></span> 
     </span>
     <span class='ocr_line' id='line_1_50' title="bbox 259 5880 1913 5959; baseline -0.001 -20"><span class='ocrx_word' id='word_1_628' title='bbox 259 5883 396 5959; x_wconf 62' lang='lat' dir='ltr'><em>illaquam</em></span> <span class='ocrx_word' id='word_1_629' title='bbox 421 5890 447 5938; x_wconf 83' lang='lat' dir='ltr'><em>et</em></span> <span class='ocrx_word' id='word_1_630' title='bbox 470 5882 611 5938; x_wconf 76' lang='lat' dir='ltr'><em>Heroden</em></span> <span class='ocrx_word' id='word_1_631' title='bbox 636 5880 795 5957; x_wconf 78' lang='lat' dir='ltr'><em>Aqrippam</em></span> <span class='ocrx_word' id='word_1_632' title='bbox 820 5882 854 5950; x_wconf 75' lang='grc'><em>1.,</em></span> <span class='ocrx_word' id='word_1_633' title='bbox 891 5881 948 5938; x_wconf 81' lang='lat' dir='ltr'><em>eius</em></span> <span class='ocrx_word' id='word_1_634' title='bbox 978 5889 1113 5956; x_wconf 76' lang='lat' dir='ltr'><em>nepotem,</em></span> <span class='ocrx_word' id='word_1_635' title='bbox 1146 5881 1313 5953; x_wconf 75' lang='lat' dir='ltr'><em>eerrfundit5</em></span> <span class='ocrx_word' id='word_1_636' title='bbox 1347 5882 1387 5952; x_wconf 77' lang='lat' dir='ltr'><em>es.</em></span> <span class='ocrx_word' id='word_1_637' title='bbox 1413 5881 1523 5950; x_wconf 81' lang='lat' dir='ltr'><em>Rieluu,</em></span> <span class='ocrx_word' id='word_1_638' title='bbox 1556 5880 1833 5938; x_wconf 80' lang='lat' dir='ltr'><em>‘lluuduiirtrrbueh</em></span> <span class='ocrx_word' id='word_1_639' title='bbox 1864 5882 1913 5938; x_wconf 69' lang='lat' dir='ltr'><em>der</em></span> 
     </span>
     <span class='ocr_line' id='line_1_51' title="bbox 211 5987 931 6058; baseline -0.003 -12"><span class='ocrx_word' id='word_1_640' title='bbox 211 6015 239 6054; x_wconf 78' lang='grc' dir='ltr'><em>ω</em></span> <span class='ocrx_word' id='word_1_641' title='bbox 257 5988 404 6046; x_wconf 80' lang='lat' dir='ltr'><em>bibliselseu</em></span> <span class='ocrx_word' id='word_1_642' title='bbox 428 5989 593 6044; x_wconf 80' lang='lat' dir='ltr'><em>Altertarus&#39;</em></span> <span class='ocrx_word' id='word_1_643' title='bbox 618 5989 661 6044; x_wconf 87' lang='lat' dir='ltr'><em>ed.</em></span> <span class='ocrx_word' id='word_1_644' title='bbox 679 5993 706 6046; x_wconf 77' lang='lat'><em>2.</em></span> <span class='ocrx_word' id='word_1_645' title='bbox 732 5987 755 6058; x_wconf 83' lang='lat' dir='ltr'><em>I,</em></span> <span class='ocrx_word' id='word_1_646' title='bbox 774 5992 843 6047; x_wconf 83' lang='lat'><em>615.</em></span> <span class='ocrx_word' id='word_1_647' title='bbox 862 5991 931 6046; x_wconf 80' lang='lat'><em>618.</em></span> 
     </span>
    </p>
   </div>
   <div class='ocr_carea' id='block_1_13' title="bbox 0 0 2446 6709">
    <p class='ocr_par' dir='ltr' id='par_1_18' title="bbox 0 0 2446 6709">
     <span class='ocr_line' id='line_1_52' title="bbox 0 0 2446 6709; baseline 0 0"><span class='ocrx_word' id='word_1_648' title='bbox 0 0 2446 6709; x_wconf 95' lang='lat' dir='ltr'><em> </em></span> 
     </span>
    </p>
   </div>
  </div>
 </body>
</html>
