4884 6717
533 535 597 597 668
1002 538 1054 596 50.
1090 538 1309 596 CONClLIUM
1331 537 1559 595 PARISIENSE
1582 540 1619 595 A.
1641 539 1715 595 829.

532 727 690 792 bonorum
714 726 844 792 laudern
868 737 997 790 vestrae
1022 725 1206 790 eelsitudini
1230 737 1443 790 notescerent.
1480 726 1570 791 Inter
1592 748 1655 812 que
1678 727 1777 790 etiam
1800 726 1956 789 statuistis
1975 725 2008 788 in
2033 735 2184 812 quattuor

532 833 679 921 partibus
703 834 831 920 imperii
854 835 954 896 vestri
975 840 1151 898 conventus¹
1169 843 1363 914 opiscoporum
1380 855 1443 897 uno
1460 833 1640 919 eodemque
1656 845 1801 919 ternpore
1818 831 1899 911 fieri,
1916 843 1944 895 in
1962 842 2062 912 quibus
2077 849 2183 896 tracta·

532 959 634 1016 rent,
666 960 842 1021 quererent
873 950 970 1025 atquc
1002 968 1064 1003 cum
1086 950 1142 1004 Dei
1174 950 1313 1004 adiutorio
1343 950 1530 1005 invenirent
1561 950 1597 1005 dc
1630 950 1719 1004 causis
1749 950 1785 1003 ad
1809 949 1973 1020 religionem
1998 947 2183 1004 Christianam

533 1075 686 1128 eorumque
711 1075 805 1112 curam
829 1056 1051 1128 pertinentibus,
1077 1057 1144 1127 quid
1169 1075 1186 1111 a
1208 1057 1381 1128 principibus
1406 1065 1436 1111 ct
1459 1057 1568 1127 reliquo
1591 1055 1697 1127 populo
1720 1057 1767 1110 vel
1791 1055 1840 1122 itu,
1865 1065 1897 1108 ut
1921 1055 2016 1109 divina
2030 1056 2184 1110 auctoritas

532 1166 627 1230 docet,
663 1173 712 1218 aut
743 1163 827 1218 aliter
856 1171 1039 1218 teneretur
1068 1163 1114 1217 vel
1145 1163 1303 1233 quidinde
1335 1181 1370 1218 ex
1399 1172 1482 1234 parte
1513 1171 1563 1217 aut
1594 1181 1629 1218 ex
1659 1169 1719 1217 toto
1750 1163 1890 1216 dimissum
1922 1170 2042 1226 esset,
2073 1171 2105 1216 ut
2128 1180 2220 1219 none

532 1278 723 1337 teneret-nm
754 1271 859 1324 deiude
884 1271 952 1340 quid
976 1271 1003 1323 in
1028 1271 1161 1340 ipsorum,
1186 1270 1234 1340 qui
1258 1278 1387 1341 pastores
1409 1271 1506 1341 populi
1530 1269 1678 1324 constituti
1701 1276 1776 1338 suut,
1806 1269 1938 1332 moribus,
1969 1270 2183 1325 conversatione

532 1384 563 1432 et
587 1378 697 1432 actibus
719 1378 839 1432 inveniri
862 1385 1008 1448 posset,
1041 1378 1115 1443 (prod
1138 1377 1233 1431 divine
1257 1378 1374 1448 regulae
1399 1386 1486 1448 atque
1510 1377 1669 1431 auctoritati
1692 1394 1749 1430 non
1779 1376 2013 1442 concordaret,
2045 1376 2183 1447 simulque

530 1485 735 1550 inveniretur,
760 1501 834 1554 quae
859 1484 1020 1537 occasiones
1043 1483 1072 1536 in
1094 1490 1216 1554 utroque
1241 1484 1338 1538 ordine
1363 1484 1392 1537 id
1417 1483 1575 1550 effecerint,
1598 1490 1632 1538 ut
1654 1490 1773 1538 arceto
1796 1483 1910 1537 tramite
1935 1483 2106 1538 deviassent.
2145 1484 2184 1538 Et

532 1592 666 1662 quicquid
691 1592 727 1646 de
751 1590 793 1643 his
816 1590 961 1644 inventurn
986 1590 1144 1656 fuisset,
1169 1591 1298 1644 vestrae
1323 1579 1507 1644 celsitudini
1531 1591 1643 1644 notum
1666 1579 1822 1644 facerent.

640 1686 737 1768 Quod
759 1697 795 1750 ut
818 1686 911 1750 Deus
934 1709 1030 1772 posse
1055 1686 1155 1767 dedit,
1178 1709 1238 1750 nos
1261 1686 1441 1751 fidelissimi
1465 1709 1504 1751 ae
1529 1686 1730 1751 devotissimi
1753 1685 1864 1750 salutis
1887 1696 2016 1751 vestrae
2032 1709 2183 1773 procura·
2205 1715 2230 1752 ro

532 1806 618 1859 tores
648 1797 762 1859 iuxta2
794 1795 989 1879 parvitatem
1024 1816 1138 1857 sensus
1167 1793 1280 1875 nostri,
1315 1805 1411 1880 prout
1445 1791 1589 1857 brevitas
1623 1794 1779 1878 temporis
1814 1794 1970 1878 permisit,
2006 1793 2184 1857 secuudum

532 1883 678 1966 sanctam
709 1900 915 1964 devotionem
951 1912 983 1963 et
1018 1899 1255 1963 ordinationem
1289 1910 1431 1963 vestram
1463 1899 1503 1963 de
1536 1899 1641 1963 causis
1670 1898 1712 1962 ad
1743 1898 1934 1984 religionem
1966 1898 2184 1964 Christianam

531 2019 741 2094 nostrumque
776 2008 991 2070 ministerium
1027 2020 1124 2092 atque
1159 2006 1339 2093 perieulum
1375 2004 1611 2092 pertinentibus
1645 2028 1774 2070 necnon
1807 2017 1839 2069 et
1872 2005 1911 2070 dc
1945 2005 2011 2086 his,
2044 2028 2106 2093 quc
2142 2007 2183 2071 ad

531 2127 672 2179 nostram
697 2114 932 2179 correctionem
956 2125 987 2177 et
1011 2112 1271 2177 emendationem
1294 2114 1456 2199 pertinere
1481 2113 1717 2198 perspeximus,
1743 2113 1811 2176 sive
1829 2111 1947 2194 dabie,
1972 2135 2034 2198 que
2055 2113 2183 2200 populis

532 2220 729 2306 generaliter
752 2220 976 2284 adnuntianda
1000 2233 1032 2284 et
1055 2219 1262 2284 admonenda
1285 2219 1517 2306 praevidimus,
1549 2218 1750 2305 capitulatim
1774 2220 1807 2282 in
1831 2218 2103 2306 praecedentibus
2127 2220 2183 2284 ad·
2204 2246 2228 2284 rs

531 2329 715 2392 notavimus
738 2325 858 2390 libellis
883 2339 1076 2413 vestraeque
1102 2328 1267 2390 screnitati
1290 2325 1440 2411 legenda,
1465 2327 1562 2389 immo
1587 2324 1757 2412 probanda
1781 2324 1966 2390 obtulimus.
2005 2326 2048 2390 Et
2071 2350 2182 2413 quam·

532 2458 629 2522 quarn
660 2433 724 2498 de8
751 2433 811 2513 lris,
844 2456 927 2519 quae
958 2435 1117 2520 premissa
1145 2444 1235 2514 sunt,
1273 2445 1381 2497 vestro
1421 2432 1647 2496 ardentissimo
1679 2431 1841 2497 desiderio
1873 2435 1962 2519 prius
1994 2433 2182 2498 satisfacere

531 2541 735 2626 elegerimus,
759 2562 967 2626 nequaquam
990 2553 1099 2604 tamen
1123 2540 1215 2620 haec,
1241 2563 1324 2626 quae
1349 2539 1534 2626 specialiter
1550 2539 1592 2603 ad
1608 2551 1750 2603 vestram
1767 2561 1939 2625 personam
1955 2540 2182 2604 ministerium·

532 2670 596 2735 que
620 2648 781 2734 pertinere
807 2647 1029 2732 eognovimus
1054 2645 1210 2710 oblivioni
1234 2645 1436 2728 tradidimus,
1468 2645 1525 2710 sed
1555 2647 1661 2733 potius
1685 2659 1793 2709 vestre
1824 2645 1920 2710 saluti
1947 2648 2183 2733 prospieientes

532 2752 687 2819 nonnulla
711 2752 853 2839 capitula
875 2754 1062 2817 necessaria
1084 2754 1118 2816 in
1146 2752 1290 2817 secundo
1314 2752 1409 2817 huius
1434 2754 1541 2839 operis
1564 2751 1673 2816 libello
1697 2752 1739 2817 ad
1762 2775 1881 2816 nomen
1904 2754 2182 2840 ministeriumque
2201 2779 2229 2817 ao

532 2875 676 2925 vestrum
714 2860 910 2947 pertinentia
948 2859 1192 2946 periculumque
1233 2859 1415 2925 cavendum
1454 2859 1576 2923 sollerti
1615 2858 1721 2923 studio
1761 2861 1983 2945 congessimus
2023 2873 2055 2924 et
2088 2859 2183 2924 vobis

531 2966 734 3033 familiariter
764 2965 992 3030 admonitionis
1022 2968 1128 3052 gratia
1157 2966 1355 3053 porrigenda
1387 2966 1589 3046 devovimus,
1625 2977 1661 3030 ut
1690 2988 1729 3031 ea
1760 2965 1934 3051 diligenter
1968 2967 2182 3053 inspiciendo,

531 3073 670 3159 legendo
695 3085 727 3138 et
751 3073 914 3139 audiendo
938 3085 1049 3160 aperte
1074 3086 1172 3160 atque
1196 3072 1347 3137 distinete
1364 3085 1475 3137 vestra
1499 3084 1675 3158 cognoseat
1691 3072 1858 3154 celsitudo,
1884 3073 1924 3137 de
1941 3074 2059 3160 quibus
2076 3085 2108 3138 et
2124 3097 2182 3160 pro

532 3179 650 3267 quibus
681 3182 715 3244 in
745 3182 930 3244 memoratis
961 3179 1175 3245 conventibus
1206 3181 1324 3244 nostris
1355 3179 1534 3244 seeundum
1568 3181 1686 3244 virium
1721 3190 1903 3245 nostrarum
1935 3180 2183 3267 possibilitatem

531 3286 671 3352 fideliter
693 3287 930 3373 salubriterque
956 3289 1128 3373 egerimus.
1420 3285 1426 3301 ’
2202 3311 2229 3350 as

932 3412 1155 3499 Explicit
1189 3409 1404 3498 epistola
1440 3412 1785 3498 cpiscoporum.

638 3552 769 3618 Abhinc
794 3566 949 3618 secuntur
972 3552 1144 3639 quaedam,
1169 3577 1233 3639 que
1257 3555 1290 3617 in
1310 3553 1461 3641 capitulis
1478 3565 1657 3619 conventus
1672 3556 1773 3619 nostri
1788 3552 1935 3619 breviter
1950 3554 2182 3641 decerpsimus,

533 3682 628 3746 quac,
654 3660 696 3725 ad
720 3671 863 3724 nostram
886 3660 1098 3746 fideliumque
1122 3672 1302 3725 vestrorum
1327 3661 1483 3726 laicorum
1502 3661 1760 3726 observationem
1777 3672 1809 3725 et
1825 3661 1961 3725 salutern
1977 3662 2182 3747 pertinentia,

532 3768 720 3831 necessaria
742 3789 813 3830 esse
837 3768 1073 3853 perspeximus.

639 3873 769 3937 Dehinc
782 3884 937 3938 secuntur
949 3872 1022 3954 alia,
1032 3896 1114 3959 quae
1125 3886 1254 3939 vestrae
1267 3876 1381 3962 pietati
1391 3875 1601 3961 deposcenda
1608 3874 1704 3939 valde
1717 3874 1860 3939 salubria
1872 3897 1943 3939 esse
1956 3874 2181 3940 iudicavimus.
2202 3903 2229 3940 ro

640 3997 723 4084 (68).
759 3996 852 4083 Cap.
870 3997 896 4061 I.
936 3997 1154 4084 Igitur⁴quia
1170 4010 1297 4063 constat
1316 3999 1506 4085 religionem
1523 3998 1742 4063 Christianam
1757 4021 1817 4085 per
1835 4021 2040 4063 successores
2056 4012 2182 4086 aposto·

532 4104 636 4169 lorum
664 4104 838 4169 salubriter
861 4103 1081 4170 administrari
1104 4106 1298 4193 populisque
1322 4107 1364 4171 ad
1388 4108 1488 4171 vitam
1512 4119 1678 4171 aeternam
1703 4105 1854 4171 ducamur
1878 4105 2028 4170 exhiberi
2052 4105 2182 4186 debere,

532 4212 636 4298 primo
652 4212 871 4276 necessarium
888 4212 1115 4294 iudicavimus,
1132 4225 1166 4277 ut
1183 4212 1339 4300 quiequid
1358 4215 1392 4277 in
1410 4213 1504 4277 nobis
1524 4212 1780 4299 reprehensibile
1800 4213 1966 4298 sacrisque
1985 4214 2182 4292 ministeriis,

533 4318 651 4406 quibus
675 4319 801 4405 indigni
826 4321 1060 4406 mancipamur,
1092 4322 1326 4385 inconveniens
1358 4332 1390 4385 et
1419 4320 1575 4384 indecens
1606 4322 1867 4406 contrariumque
1898 4318 2082 4400 videbatur,
2117 4331 2183 4383 toto

532 4425 648 4489 adnisu
671 4426 815 4490 Domino
839 4448 934 4512 opem
958 4427 1082 4491 ferente
1107 4428 1354 4513 corrigeremus,
1379 4427 1412 4491 id
1437 4437 1486 4491 est
1512 4429 1545 4490 in
1568 4428 1637 4491 vita
1667 4438 1778 4491 nostra
1807 4438 1839 4490 et
1869 4425 2016 4490 doctrina
2047 4438 2079 4490 ct
2110 4449 2183 4491 cou-
2204 4454 2230 4492 ss

532 4533 715 4596 versatione
741 4545 772 4597 et
795 4555 921 4597 morum
945 4533 1107 4620 probitate
1132 4545 1164 4598 et
1188 4534 1294 4598 studio
1318 4534 1571 4621 praedicationis
1599 4545 1630 4598 ct
1661 4534 1695 4597 in
1726 4533 1993 4598 consacerdotum
2029 4543 2060 4597 et
2091 4534 2183 4596 mini-

532 4649 669 4702 strorum
695 4638 979 4725 subiectorumque
1004 4652 1186 4704 nostrorum
1211 4643 1410 4705 correctione
1435 4640 1671 4726 diligentiorem
1696 4641 1851 4727 deinceps
1876 4663 1949 4704 eum
1974 4640 2061 4703 omni
2078 4639 2184 4704 studio

532 4758 565 4809 et
587 4745 803 4811 sollicitudine
828 4767 939 4810 curam
963 4758 996 4810 et
1018 4746 1258 4833 providentiam
1282 4747 1511 4813 adhiberemus
1536 4760 1568 4812 et
1592 4759 1626 4812 ut
1655 4770 1715 4812 nos
1745 4770 1809 4811 nou
1841 4758 1965 4810 tanturn
1995 4747 2029 4810 in
2060 4746 2183 4833 cupidi·
2258 4818 2262 4828 .

531 4851 653 4917 tatibus
676 4852 849 4917 mundanis
874 4864 907 4917 et
931 4855 1017 4918 curis
1042 4865 1074 4917 et
1097 4853 1380 4937 sollicitudinibus,
1405 4855 1462 4919 sed
1487 4855 1594 4941 potius
1618 4856 1652 4918 iu
1676 4854 1795 4918 divinis
1812 4853 1927 4918 officiis
1944 4853 2184 4939 implicaremus

639 5090 655 5137 3
681 5095 763 5155 atque
784 5088 811 5137 V.
902 5093 917 5137 4
945 5083 971 5152 a]
991 5088 1025 5138 ad
1046 5088 1072 5138 Γ.
1166 5093 1197 5139 14
1224 5088 1387 5154 populis-
1406 5086 1601 5154 adnuntianda]
1626 5090 1791 5156 generaliter
1815 5090 1922 5157 populis
1947 5092 2133 5142 adnuntianda
2153 5090 2182 5141 P.
2202 5107 2230 5144 to

534 5180 565 5227 19
585 5175 724 5228 oblivione
744 5176 776 5227 P.
848 5176 929 5227 saluti
947 5177 1014 5227 deest
1034 5177 1064 5226 P.
1136 5180 1169 5227 29
1188 5174 1384 5244 perspeximus]
1405 5179 1470 5244 Cap.
1485 5180 1507 5229 1.
1526 5178 1587 5229 add.
1608 5180 1634 5234 Γ.
1708 5183 1742 5230 30
1761 5189 1852 5230 vestra
1872 5181 1898 5230 l'.

639 5267 661 5316 1.
690 5269 720 5317 31
745 5267 811 5332 Cap.
830 5267 852 5316 1.
872 5267 962 5317 desem
981 5267 1008 5316 l'.
1028 5266 1059 5316 P.
1132 5269 1166 5317 34
1185 5263 1327 5330 indecens]
1348 5268 1411 5318 inde
1431 5267 1462 5318 P.

641 5468 670 5535 1)
700 5465 791 5522 l'erdo
813 5474 925 5541 mrmptu
948 5475 1013 5522 suast
1035 5485 1071 5522 aa:
1095 5466 1286 5524 coastimtiene
1308 5467 1380 5524 unni
1403 5471 1495 5537 828.;
1524 5488 1614 5545 supra
1634 5488 1665 5544 p.
1686 5471 1749 5528 597
1768 5470 1785 5525 l.
1803 5473 1822 5527 5
1838 5489 1898 5545 sqq.
1937 5469 1968 5526 V.
1994 5469 2075 5526 etiarn
2093 5488 2184 5544 prac-

524 5575 668 5647 sationem
691 5573 756 5628 libri
773 5572 864 5647 prinei
887 5572 1075 5640 Parisiensis;
1098 5593 1188 5648 supro
1209 5595 1239 5648 p.
1259 5579 1321 5634 608
1343 5577 1361 5631 l.
1381 5578 1421 5634 21
1437 5595 1497 5651 sqq.
1602 5574 1632 5645 2)
1659 5574 1708 5648 Os.
1731 5576 1832 5632 relotio
1856 5575 2047 5651 cpiscoporum
2078 5595 2100 5632 c.
2125 5579 2166 5634 55
2173 5596 2184 5644 ,·

531 5683 549 5738 Ι.
567 5683 584 5738 l.
603 5680 641 5751 II,
658 5683 710 5740 46.
748 5677 1635 5760 Concit.Aquiqranensesssdecr.11c.15(.39)afim,-
1659 5682 1744 5754 iufra
1762 5701 1796 5757 p.
1815 5685 1882 5741 714.
1954 5682 1984 5748 3)
2011 5680 2060 5754 Cf.
2084 5682 2184 5739 relatio
2202 5698 2230 5738 aa

531 5788 614 5864 qu'sc.
639 5789 657 5844 l.
681 5789 718 5856 l.;
751 5785 856 5843 (bracii.
881 5785 1112 5862 alquisyranensc
1135 5791 1198 5846 836
1221 5788 1297 5845 decr.
1323 5789 1477 5864 praefatio
1508 5788 1609 5864 cupitis
1631 5788 1688 5845 ΠΙ.
1711 5783 1786 5863 (post
1810 5809 1833 5846 c.
1857 5783 1930 5863 40),·
1959 5788 2044 5861 infra
2062 5808 2095 5864 p.
2114 5791 2182 5847 714.

532 5898 563 5960 4)
590 5893 639 5966 Cf.
664 5895 764 5950 relatio
788 5893 871 5969 quse.
897 5897 993 5961 c.19;
1017 5894 1036 5948 l.
1057 5895 1074 5949 I.
1100 5893 1139 5963 II,
1158 5898 1207 5953 35.
