4884 6717
691 521 744 576 56.
782 521 999 578 CONCILIUM
1023 518 1352 585 AQUISGRANENSE
1376 519 1414 575 Α.
1435 519 1509 575 836.
1864 515 1920 578 75]

275 709 380 774 cultus
405 709 535 773 divinus
558 709 790 794 inpugnatores
813 730 878 771 nou
902 707 1006 772 solam
1030 707 1213 792 indigenas,
1238 729 1352 770 rerum
1377 707 1474 770 etiam
1498 718 1650 771 externos
1675 706 1805 790 habeat,
1836 732 1926 772 num·

275 840 372 902 quam
396 829 505 879 tamen
529 815 669 878 Domino
694 814 896 898 gubernante
919 826 1111 900 perpetuam
1135 813 1369 876 desolationem
1400 825 1432 877 et
1462 813 1752 878 dehonorationem
1782 814 1926 897 habebit,

275 924 427 1009 quoniam
452 922 545 985 adest
569 932 602 984 et
624 921 729 984 aderit
753 920 856 985 cultus
881 922 930 984 sui
953 918 1134 984 fautoribus
1159 932 1191 982 et
1214 919 1531 984 administratoribus
1555 920 1620 1002 illc,
1645 922 1700 1007 qui
1721 920 1821 985 dixit:
1845 923 1928 986 Ecce
1946 948 2105 1000 asianae.

275 1056 329 1116 epo
356 1033 510 1093 nobiscum
533 1054 601 1092 sum
627 1054 721 1114 usque
745 1029 791 1092 ad
812 1031 1104 1092 consummationem
1128 1029 1256 1091 saeculi.

244 1205 257 1244 5
384 1171 466 1256 (to).
498 1171 557 1233 XI.
603 1169 769 1249 Quantum
793 1192 870 1233 rero
896 1168 1102 1233 oboedientia
1124 1169 1306 1255 preferatur
1328 1170 1468 1232 victimis
1492 1178 1524 1231 et
1548 1168 1753 1250 holocaustis,
1782 1170 1927 1235 eiusdem

277 1278 460 1342 Samuhelis
484 1276 661 1363 prophetae
686 1275 794 1339 verbis
819 1287 930 1361 aperte
955 1276 1208 1339 demonstratur:
1234 1276 1403 1361 Numquid
1424 1278 1499 1356 cult,
1523 1277 1638 1361 inquit,
1662 1277 1820 1341 Dominus
1843 1279 1927 1342 balo·
1947 1284 2069 1378 Ῑιῖξξξὲξῡι

277 1401 383 1448 catasta
409 1399 463 1448 nrrt
486 1387 631 1448 rictimas
654 1399 682 1446 et
704 1408 763 1446 rien
778 1388 900 1469 pocius,
917 1398 950 1446 nt
965 1385 1148 1446 oboediatur
1165 1386 1236 1446 roci
1249 1383 1386 1446 Domini
1392 1385 1406 1446 ζ)
1443 1383 1561 1446 Melior
1577 1397 1620 1446 est
1635 1387 1717 1447 enim
1733 1384 1928 1449 oboedientia

277 1518 369 1577 priam
395 1494 540 1554 cictimae
564 1505 591 1554 ct
613 1492 791 1553 ariscultare
814 1493 916 1574 mapis
940 1516 1032 1574 quam
1058 1492 1172 1575 offerre
1187 1490 1316 1575 adipem
1332 1492 1476 1569 arietum,
1492 1493 1641 1574 quoniam
1658 1493 1754 1576 quasi
1763 1505 1926 1577 peceatum

276 1598 446 1662 ariolandi
466 1613 510 1660 est
532 1622 707 1682 repuqnare
731 1612 759 1660 et
782 1600 878 1682 quasi
897 1598 997 1661 scelus
1014 1597 1184 1660 idolatriae
1200 1597 1282 1659 nolle
1298 1596 1509 1680 adquiescere.
1549 1596 1648 1659 Iussit
1664 1597 1750 1659 euim
1766 1597 1927 1661 Dominus

235 1739 259 1776 ιο
278 1703 339 1767 sibi
364 1725 487 1789 suoque
511 1702 722 1766 tabernaculo
746 1702 877 1766 diversa
901 1702 1035 1765 donaria
1059 1712 1091 1764 et
1114 1724 1178 1764 non
1203 1700 1268 1764 alia
1290 1703 1352 1764 nisi
1375 1703 1519 1786 pretiosa
1542 1703 1651 1767 offerri
1674 1713 1707 1767 et
1730 1725 1770 1766 ea
1799 1705 1927 1789 penitus

276 1833 341 1873 non
366 1823 414 1873 est
444 1832 559 1895 passus
590 1810 720 1872 auferri.
778 1810 866 1894 Ergo
897 1809 1068 1872 offerentes
1099 1819 1173 1871 sunt
1197 1808 1339 1871 Domino
1375 1807 1595 1892 oboedientes,
1631 1810 1815 1873 auferentes
1848 1832 1927 1874 vero

276 1917 390 2003 procul
414 1915 512 1979 dubio
537 1928 650 1979 extant
674 1917 702 1979 ei
727 1915 973 1979 inoboedientes
996 1925 1094 2000 atque
1124 1925 1353 1999 repugnantes.
1413 1913 1669 2002 Cavendumque
1700 1926 1749 1979 est
1778 1915 1851 1996 illis,
1887 1938 1927 1980 ne

276 2035 409 2110 propter
432 2046 522 2086 suam
547 2021 832 2102 inoboedientiam,
856 2023 954 2085 immo
971 2021 1181 2107 cupiditatem
1198 2031 1369 2106 peceatum
1387 2033 1419 2084 ct
1435 2021 1550 2102 scelus,
1575 2021 1663 2107 quod
1686 2023 1756 2108 ipse
1774 2022 1927 2086 Samuhel

277 2140 518 2209 commemorat,
542 2131 717 2192 incurrant.

234 2277 259 2315 n
385 2255 468 2338 (50).
494 2253 569 2316 XII.
601 2252 740 2316 Abieeto
757 2255 867 2338 itaque
884 2265 981 2338 atque
998 2251 1170 2338 reprobato
1187 2262 1320 2337 propter
1335 2250 1610 2316 inoboedientiam
1627 2252 1704 2318 Saul
1722 2275 1798 2338 rege
1815 2253 1926 2317 David
1945 2260 2066 2352 οἷὸῐὶῖῑξξ·

278 2360 436 2425 electione
468 2360 578 2423 divina
609 2383 628 2422 a
653 2358 825 2423 Samuhele
849 2359 992 2423 Domino
1023 2359 1222 2445 precipiente
1254 2360 1408 2443 unguitur
1438 2361 1470 2422 in
1505 2382 1626 2444 regem.
1687 2358 1751 2439 Qui
1787 2371 1927 2446 quantae
1982 2340 2017 2362 Ἡ
2052 2344 2058 2354 ’

277 2467 375 2530 fuerit
399 2466 595 2530 fortitudinis
619 2477 825 2552 quantaeque
850 2489 928 2551 erga
952 2466 1097 2529 divinum
1122 2464 1243 2528 cultum
1275 2463 1539 2550 amplificandum
1570 2477 1603 2530 et
1632 2466 1841 2531 exaltandum
1873 2466 1927 2531 de·

277 2575 427 2654 notionis,
458 2575 523 2636 iam
553 2585 585 2636 et
616 2574 648 2636 in
672 2572 924 2658 precedentibus
949 2582 1234 2636 commemoratum
1265 2577 1335 2634 estl
1366 2583 1399 2635 et
1428 2571 1481 2635 hic
1512 2574 1702 2637 succinctim
1735 2595 1927 2638 commemo·

277 2680 424 2744 randum.

232 2827 259 2866 ao
386 2805 468 2890 (51).
493 2797 588 2867 XIII.
622 2804 712 2867 Inter
728 2815 838 2867 cetera
854 2804 974 2888 quippe
992 2804 1080 2866 eirea
1097 2802 1242 2866 divinum
1264 2801 1384 2866 cultum
1408 2802 1561 2887 religiosa
1583 2804 1670 2868 faeta
1694 2828 1763 2887 sua,
1788 2815 1927 2891 quantae

278 2913 478 2975 venerationi
510 2934 618 2988 arcam
649 2910 713 2973 Ilei
745 2909 904 2988 habuerit,
941 2912 1133 2974 intueamur.
1191 2908 1304 2972 Habes
1340 2909 1500 2995 siquidem
1535 2912 1569 2973 in
1604 2911 1747 2975 seeundo
1783 2911 1927 2975 eiusdem

279 3016 461 3083 Samuhelis
486 3017 585 3081 libro:
607 3017 744 3102 (ferorque
768 3017 1040 3094 transcendissent,
1063 3017 1178 3102 inquit,
1196 3020 1255 3101 (μα’
1268 3018 1441 3102 portabant
1456 3043 1563 3082 arcam
1580 3018 1717 3083 Ilomini
1727 3043 1784 3083 sea·
1799 3044 1929 3104 passus,
1946 3022 2059 3115 ’ἐξ-Ψ

279 3126 483 3190 imraolnbant
505 3127 607 3188 berem
634 3139 662 3188 et
683 3127 823 3202 arietem,
848 3139 875 3187 et
899 3123 1011 3187 llacid
1025 3125 1223 3209 percutiebat
1245 3125 1277 3187 in
1303 3126 1432 3209 orqanis
1454 3127 1618 3188 armizatis
1641 3139 1669 3188 et
1694 3126 1831 3189 saltabat
1859 3129 1929 3191 totis

278 3234 401 3296 viribus
424 3246 493 3295 ante
518 3231 699 3295 Ilominum.
747 3230 848 3294 Porro
872 3231 985 3294 David
1012 3233 1170 3292 accinctus
1199 3244 1268 3293 erat
1296 3230 1387 3316 ephot
1416 3231 1507 3294 linco.
1563 3230 1608 3294 Et
1630 3231 1744 3295 Dauid
1771 3246 1799 3296 et
1828 3235 1929 3296 omnis

233 3367 260 3405 as
280 3340 389 3403 domus
411 3338 539 3401 Israhel
562 3338 713 3400 ducebant
735 3363 842 3400 arcam
868 3340 1041 3400 testamenti
1054 3336 1191 3400 Domini
1213 3339 1245 3398 in
1271 3337 1369 3400 iubilo
1385 3351 1414 3400 et
1430 3337 1576 3423 clanpore
1592 3338 1731 3401 bucinae.
1767 3337 1812 3401 Et
1827 3336 1927 3402 infra:

278 3446 321 3508 Et
346 3446 585 3508 introducerent
607 3470 713 3507 arcam
733 3443 869 3506 Domini
889 3458 916 3506 et
932 3457 1108 3529 posuerunt
1129 3467 1197 3506 eam
1221 3445 1253 3505 in
1279 3444 1345 3505 loco
1368 3467 1424 3506 suo
1448 3445 1483 3506 in
1501 3443 1603 3507 medio
1623 3445 1828 3524 tabernaculi,
1844 3445 1931 3531 qnod
1947 3466 2088 3516 marna.

278 3552 446 3615 tetenderat
469 3554 501 3614 ei
522 3550 642 3613 Ilarid.
690 3550 733 3612 Et
756 3551 866 3613 obtulit
889 3549 1002 3613 Dauid
1023 3551 1202 3614 holocausta
1234 3573 1338 3613 eoram
1363 3549 1501 3613 Domino
1531 3565 1559 3614 et
1583 3553 1733 3637 pacr‘flca.
1791 3551 1930 3638 Cumque

277 3658 458 3744 complesset
480 3659 614 3744 offerens
636 3657 846 3720 holocaustum
864 3671 892 3718 et
909 3658 1060 3742 pacifica,
1077 3656 1236 3720 benedicit
1254 3657 1374 3742 populo
1390 3659 1424 3720 in
1439 3660 1564 3720 nomine
1582 3657 1716 3721 Domini
1728 3662 1927 3723 exercituum.

386 3801 469 3884 (52).
494 3797 605 3861 XIIII.
630 3796 779 3860 Eundem
796 3818 892 3882 porro
909 3796 1019 3860 David
1036 3797 1069 3859 in
1085 3797 1307 3860 numeratione
1323 3796 1433 3883 populi
1451 3797 1593 3861 Domino
1610 3821 1765 3885 peccasse
1782 3800 1927 3886 iramque

232 3935 259 3974 so
278 3905 362 3968 illius
386 3907 419 3968 in
443 3904 562 3991 populo
586 3903 647 3966 sibi
668 3902 813 3966 subiecto
830 3914 1000 3988 expertum
1017 3904 1116 3966 fuisse
1134 3904 1345 3989 perspicuum
1359 3915 1416 3967 est.
1453 3904 1609 3985 Quicum
1625 3905 1762 3970 vidisset
1777 3906 1928 3990 angelum

278 4012 468 4075 caedentem
493 4009 658 4097 populum,
682 4033 806 4073 memor
829 4011 1094 4094 transgressionis
1118 4023 1150 4073 et
1173 4009 1357 4094 fragilitatis
1382 4033 1460 4074 suae
1480 4010 1564 4075 dixit
1581 4010 1623 4076 ad
1639 4011 1834 4076 Dominum:
1859 4014 1928 4102 Epo
1948 4035 2107 4084 ansanus.

276 4145 356 4197 sura,
380 4122 439 4204 qui
454 4121 597 4204 peccari,
621 4143 675 4204 eqo
701 4120 806 4203 inique
830 4120 897 4204 eqi,·
921 4121 984 4196 isti,
1009 4120 1158 4202 quiores
1180 4132 1261 4196 srrnt,
1289 4118 1370 4202 quid
1383 4119 1558 4204 fecerunt?
1610 4119 1764 4199 Vertatur,
1794 4122 1929 4201 obsecre,

277 4251 389 4290 manus
412 4240 464 4288 tua
489 4241 594 4289 corrtra
620 4251 666 4286 me
691 4239 718 4288 et
740 4239 845 4287 corrtra
878 4225 1001 4287 danaum
1034 4227 1140 4310 patris
1169 4227 1240 4287 mei.
1298 4223 1341 4288 Et
1371 4235 1521 4288 monente
1554 4223 1628 4288 Gad
1654 4226 1817 4312 propheta
1851 4227 1929 4290 emit

278 4354 388 4394 aream
411 4329 453 4394 ab
477 4332 610 4394 Areuua
634 4328 786 4393 Gebuseo
818 4341 850 4393 et
880 4342 1063 4394 constructo
1095 4329 1140 4393 ibi
1171 4328 1263 4393 altari
1288 4330 1430 4394 Domino
1461 4342 1492 4393 et
1521 4329 1637 4395 oblatis
1668 4331 1865 4396 holocaustis
1896 4343 1928 4396 et

233 4465 259 4505 ss
278 4437 423 4524 pacificis
448 4449 480 4501 et
503 4451 610 4501 reatus
636 4437 685 4499 sui
710 4435 967 4500 obliterationem
993 4448 1024 4500 ct
1047 4436 1190 4499 divinam
1214 4437 1513 4521 repropitiationem
1541 4460 1580 4502 ae
1609 4436 1720 4523 populi
1750 4440 1928 4524 promeruit

278 4545 423 4608 nancisci
447 4543 681 4624 liberationem,
707 4544 790 4606 sieut
813 4542 857 4605 ibi
883 4542 1016 4626 legitur:
1042 4543 1085 4606 Et
1107 4547 1333 4630 repropitiatus
1356 4559 1401 4608 est
1423 4545 1580 4609 [lominus
1603 4561 1704 4610 terrae
1734 4561 1762 4610 et
1791 4547 1926 4610 cohibita
1945 4573 2061 4624 rama

385 4799 417 4847 X.
448 4800 694 4863 linpuncnatores
714 4798 749 4846 Μ.
813 4799 892 4847 etiam
912 4799 979 4848 deest
997 4798 1028 4848 L.
1091 4792 1264 4863 3quoniam]
1283 4798 1331 4847 XI.
1352 4800 1488 4860 Quoniam
1509 4799 1569 4849 Bt.
1583 4803 1608 4851 3.
1627 4800 1665 4850 Μ
1721 4798 1807 4851 cultui
1827 4817 1877 4850 suo
1899 4801 1926 4852 C,

278 4890 295 4937 4
314 4904 372 4937 sum
391 4888 456 4936 ‹lccst
475 4887 500 4936 a
510 4893 533 4936 3.
608 4889 840 4936 consumationem
861 4887 886 4936 B
898 4893 920 4937 l.

385 4995 433 5043 XI.
462 4994 646 5059 tprophetae
665 4993 731 5042 deest
750 4993 786 5043 Μ.
866 4992 922 5043 vult
939 4994 1006 5044 deest
1025 4993 1062 5043 Μ.
1141 4995 1288 5044 evnttma
1307 4993 1343 5043 Μ.
1426 4993 1677 5046 sonorantium
1761 4999 1791 5047 ll
1814 4991 1924 5058 auferri]

233 5084 368 5139 scoteni
389 5083 447 5132 132.
523 5085 554 5133 12
575 5092 615 5132 est
633 5083 700 5132 ‹leest
718 5083 754 5131 Μ.

384 5191 448 5239 x11.
478 5191 509 5238 15
529 5188 610 5239 Saule
632 5188 656 5237 B
665 5193 689 5238 3.
711 5185 747 5234 Μ.

384 5296 463 5346 XIII.
492 5298 522 5346 21
545 5296 652 5346 arebam
672 5295 695 5344 L
714 5295 767 5353 (bic
784 5303 808 5344 et
825 5295 918 5360 infra),
944 5311 1009 5345 arca
1031 5294 1090 5355 Be,
1117 5295 1199 5346 archa
1221 5298 1258 5348 Μ.
1341 5297 1369 5345 in
1394 5296 1460 5347 deest
1480 5296 1513 5347 L.
1532 5296 1592 5347 B2.
1677 5299 1711 5348 22
1736 5303 1845 5364 portant
1867 5298 1893 5349 B
1901 5301 1927 5350 3.

277 5389 311 5437 23
331 5387 445 5436 arietum
459 5384 491 5434 L.
570 5387 603 5434 24
623 5385 746 5433 acinctus
767 5384 803 5433 Μ.
887 5382 969 5433 linteo
989 5382 1020 5433 L.
1102 5385 1135 5434 25
1155 5384 1250 5433 domus
1268 5384 1335 5434 deest
1353 5383 1389 5435 Μ.
1469 5386 1578 5436 archam
1598 5385 1624 5436 B
1633 5389 1657 5436 3.
1678 5386 1711 5436 Μ
1724 5383 1777 5449 (tte
1793 5395 1818 5438 et
1835 5383 1927 5453 infra).

278 5477 312 5526 28
330 5475 494 5525 holocausta
513 5474 539 5523 B
549 5479 572 5523 2.
592 5478 617 5524 3.
637 5471 673 5520 Μ.

232 5597 260 5636 cs
384 5581 480 5631 XIIII.
509 5583 542 5631 29
562 5578 701 5631 Davitll.
757 5583 791 5630 30
809 5579 927 5645 populus
946 5576 979 5626 Μ
987 5574 1031 5640 ω.
1085 5580 1119 5630 st
1138 5580 1329 5632 IabuseoBt.
1344 5584 1369 5632 3.
1390 5579 1426 5631 Μ.
1481 5579 1623 5633 altstedi.
1678 5583 1926 5646 suanenses,

278 5673 414 5722 narrerisei
434 5669 470 5720 Μ.
544 5671 714 5736 repropiatus
734 5669 771 5720 Μ.

389 5869 418 5938 1)
445 5869 494 5941 Cs.
519 5869 563 5925 lib.
579 5869 601 5925 Ι
618 5889 656 5925 cc.
673 5873 777 5938 5—s,·
799 5889 889 5944 supra
907 5888 940 5943 p.
959 5870 1016 5926 731
1028 5887 1070 5943 sq.
