4884 6717
710 555 762 611 50.
799 555 1018 611 CONCILIUM
1041 553 1268 610 PARISIENSE
1292 556 1330 610 Α.
1351 553 1425 610 829.
1831 549 1895 611 615

241 752 302 806 dies
325 752 408 805 huius
430 751 628 806 observantiae
652 752 805 807 misceatis.
852 741 1009 828 Quisquis
1032 742 1133 826 igitur
1155 741 1251 806 huius
1275 742 1513 806 constitutionis
1544 740 1762 828 superbiendo
1793 753 1896 806 trans·

240 871 370 933 grassor
393 850 513 928 existit,
537 870 746 934 nequaquam
770 847 833 912 sibi
856 870 955 933 super
982 848 1043 911 hoc
1074 847 1161 912 facto
1196 849 1433 934 impunitatem,
1468 849 1531 912 uisi
1562 872 1596 913 se
1631 847 1797 913 humiliter
1826 872 1895 914 cor-

240 956 371 1034 rexerit,
396 957 572 1041 promittat.
620 954 770 1035 Qualiter
794 967 902 1019 autem
925 955 969 1035 hi,
995 954 1050 1040 qui
1075 954 1116 1018 de
1147 977 1241 1018 sacro
1272 955 1360 1018 fonte
1396 954 1476 1018 alios
1511 956 1702 1041 suscipiunt,
1737 956 1896 1020 instruere

241 1060 391 1142 debeant,
419 1060 535 1126 heatus
559 1062 762 1147 Augustinus
778 1064 826 1126 'in
856 1085 1004 1126 sermone
1036 1059 1146 1125 habito
1177 1061 1219 1125 ad
1250 1060 1406 1148 populum
1435 1061 1635 1126 demonstrat
1663 1061 1793 1126 dicens:
1826 1071 1896 1136 Qui-

208 1173 381 1249 ocumque¹
406 1180 493 1250 igitur
515 1179 577 1244 viri,
603 1197 799 1249 quaecumque
823 1178 956 1233 mulieres
979 1179 1016 1233 de
1040 1196 1119 1232 sacro
1135 1178 1215 1233 fonte
1231 1176 1305 1232 filios
1327 1178 1495 1248 spiritaliter
1510 1186 1707 1249 susceperunt,
1725 1186 1896 1250 cognoscant

241 1303 271 1338 se
294 1302 345 1355 pro
369 1285 410 1339 eis
431 1284 613 1339 fideiussores
636 1286 763 1340 extitisse
787 1286 863 1356 apud
886 1287 997 1352 Deum3
1023 1293 1053 1340 et
1077 1285 1105 1338 id
1129 1302 1164 1341 eo
1186 1303 1305 1340 necesse
1331 1292 1386 1354 est,
1410 1293 1442 1340 ut
1465 1303 1579 1356 semper
1601 1285 1656 1340 illis
1679 1286 1896 1341 sollicitudinem

241 1409 307 1446 vere
332 1391 458 1446 caritatis
480 1392 657 1462 impendant,
692 1399 872 1447 ammoneant
903 1400 933 1446 et
964 1393 1105 1464 castigent
1140 1399 1228 1462 atque
1264 1393 1426 1463 corripiant,
1462 1400 1494 1446 ut
1528 1393 1690 1448 castitatem
1725 1393 1894 1462 custodiant,

241 1498 432 1568 virginitatem
455 1516 545 1569 usque
570 1499 606 1553 ad
629 1499 744 1569 nuptias
767 1505 892 1565 servent,
918 1498 950 1553 et
974 1490 1090 1553 ceteris
1115 1487 1209 1552 bonis
1234 1487 1387 1574 operibus
1411 1488 1513 1553 dediti
1529 1491 1602 1555 sint.
1641 1489 1679 1552 In
1696 1487 1757 1553 hoe
1775 1491 1895 1576 quippe

240 1595 336 1675 facto,
361 1594 401 1658 de
425 1617 489 1680 quo
513 1596 630 1680 agitur,
655 1607 812 1681 quantum
836 1619 856 1659 a
878 1594 1037 1680 religione
1055 1594 1242 1659 Christiana
1259 1594 1440 1680 digressum
1458 1596 1508 1679 sit,
1525 1596 1669 1681 ignorari
1685 1596 1734 1660 fas
1754 1607 1894 1660 nonest.

196 1763 223 1802 ro
348 1735 451 1822 Cap.
476 1736 568 1800 VIII.
616 1736 698 1800 Ut‘2
727 1737 792 1819 hi,
824 1739 901 1824 qui
926 1749 1064 1801 extra
1095 1748 1281 1801 statuta
1311 1749 1525 1824 tempora
1555 1736 1895 1825 baptizantur,

241 1843 292 1907 ad
322 1843 499 1928 gradus
530 1842 915 1910 ecclesiasticos
945 1844 1249 1930 provehendi
1279 1868 1367 1909 non
1398 1846 1504 1908 sint.
1547 1844 1640 1910 Sicut
1664 1847 1696 1909 in
1719 1843 1895 1932 plerisque,

241 1952 285 2014 ita
309 1952 398 2014 etin
423 1973 460 2014 eo
486 1953 662 2015 auctoritas
686 1975 706 2014 a
729 1951 890 2015 nonnullis
915 1974 1013 2037 saepe
1037 1950 1179 2015 violatur
1202 1953 1371 2032 canonica,
1397 1952 1528 2038 quaudo
1553 1952 1677 2017 scilieet
1700 1952 1743 2034 hi,
1775 1953 1831 2038 qui
1862 1954 1896 2015 in

241 2057 423 2141 egritudine
447 2056 651 2143 baptismatis
675 2060 857 2144 suscipiunt
880 2069 1095 2140 sacramenta,
1120 2057 1164 2121 ad
1187 2058 1308 2143 gradus
1332 2058 1572 2123 ecclesiasticos
1600 2069 1713 2123 eontra
1742 2059 1792 2123 fas
1823 2082 1896 2145 pro·

240 2163 411 2230 vehuntur.
459 2165 492 2227 Is
516 2188 603 2245 usne,
628 2166 706 2250 quia
729 2166 914 2229 auctoritati
938 2166 1115 2229 canonicae
1140 2165 1284 2246 resultat,
1309 2176 1437 2251 oportet
1459 2176 1495 2230 ut
1518 2167 1708 2250 corrigatur,
1741 2167 1895 2253 quoniam

199 2297 223 2336 rs
241 2270 465 2335 huiuscemodi
489 2270 680 2357 baptisatos,
705 2295 786 2358 quos
810 2272 954 2357 vulgaris
978 2294 1084 2335 sermo
1108 2274 1334 2357 gravatarios³
1356 2281 1462 2354 vocat,
1494 2273 1652 2337 canonica
1675 2274 1851 2337 auctoritas
1876 2296 1896 2337 a

241 2375 397 2458 gradibus
421 2378 652 2442 ecclesiasticis
676 2389 825 2464 patenter
848 2377 986 2464 repellit.
1028 2378 1125 2443 Unde
1150 2380 1183 2442 in
1208 2378 1345 2444 concilio
1362 2379 1632 2444 Neocaesariensi
1657 2379 1799 2466 capitulo
1815 2379 1893 2443 XII.

243 2483 376 2569 legitur:
409 2490 458 2547 Si⁴
490 2496 552 2565 quis
583 2496 610 2549 in
646 2496 807 2566 egritudine
842 2494 930 2550 fuerit
964 2496 1135 2566 baptizatus,
1171 2496 1208 2549 ad
1242 2497 1376 2551 honorem
1409 2497 1571 2567 presbiterii
1605 2515 1661 2552 non
1696 2503 1793 2567 potest
1828 2515 1893 2567 pm·

243 2601 357 2666 moveri,
389 2601 455 2670 quia
485 2620 540 2656 uon
572 2621 606 2656 ex
635 2603 780 2672 proposito
810 2600 882 2656 fides
918 2602 988 2668 eius,
1024 2602 1076 2655 sed
1111 2620 1146 2657 ex
1180 2603 1353 2657 necessitate
1389 2604 1547 2670 descendit,
1582 2603 1634 2657 nisi
1667 2602 1742 2658 forte
1776 2611 1896 2674 propter

242 2725 365 2778 sequens
400 2708 523 2761 studium
563 2709 623 2762 eius
662 2717 692 2762 et
729 2708 815 2762 tidem
853 2717 939 2779 atque
978 2707 1118 2762 hominum
1163 2709 1310 2763 raritatem
1354 2709 1418 2763 talis
1456 2711 1545 2781 possit
1582 2710 1704 2764 admitti.
1768 2699 1893 2781 Quodsi

197 2833 223 2870 ao
242 2805 291 2885 bi,
327 2806 383 2890 qui
413 2806 447 2868 in
477 2805 660 2890 egritudine
694 2804 911 2892 baptizantur,
948 2829 968 2869 a
1002 2805 1159 2891 gradibus
1198 2816 1351 2870 arcentur
1386 2805 1630 2884 ecclesIastieis,
1659 2806 1759 2871 multo
1790 2810 1894 2894 magis

242 2910 286 2974 illi
332 2911 466 2975 arcendi
513 2922 604 2993 suut,
652 2913 708 2997 qui
757 2925 813 2975 aut
862 2935 922 2998 per
967 2911 1178 2999 cupiditatem
1226 2923 1282 2976 aut
1327 2935 1386 2999 per
1431 2914 1662 2996 temeritatem,
1709 2925 1895 3001 contempta

242 3019 400 3082 canonica
434 3019 638 3098 auctoritate,
673 3017 883 3104 baptizantur
918 3030 950 3082 et
984 3030 1097 3104 postea
1132 3019 1281 3083 similiter
1315 3018 1358 3083 ad
1390 3019 1511 3105 gradus
1547 3019 1786 3084 ecclesiasticos
1821 3044 1893 3107 pro-

241 3124 412 3189 vehuntur.
460 3125 547 3205 Quia
571 3148 647 3210 ergo
671 3124 829 3189 haetenus
853 3127 885 3188 in
910 3125 972 3189 hac
996 3148 1030 3188 re
1054 3126 1124 3189 sire
1154 3137 1288 3212 propter
1318 3126 1559 3212 neglegentiam
1588 3127 1794 3191 sacerdotum
1825 3128 1894 3192 sive

240 3244 374 3317 propter
396 3233 556 3296 incuriam
587 3230 743 3296 laicorum
777 3234 885 3296 minus
921 3243 1026 3312 caute,
1061 3234 1159 3296 immo
1190 3233 1294 3312 aliter,
1330 3256 1428 3319 quam
1461 3235 1636 3298 auctoritas
1672 3233 1895 3298 ecclesiastiea

196 3373 222 3411 25
242 3338 368 3419 doceat,
393 3351 500 3403 aetum
526 3351 584 3418 est,
609 3339 704 3403 decet
727 3351 762 3404 ut
785 3338 904 3404 abhinc
929 3338 1130 3422 observetur,
1154 3363 1195 3403 ne
1220 3339 1359 3426 amplius
1383 3339 1426 3403 ad
1456 3340 1608 3404 iniuriam
1638 3342 1816 3405 canonicae
1847 3343 1894 3404 in-

241 3446 414 3509 stitutionis
438 3458 471 3509 et
494 3445 784 3510 dehonorationem
807 3445 1103 3511 ecclesiastIeorum
1127 3447 1288 3531 graduum
1312 3446 1393 3511 haee
1417 3449 1632 3532 transgressio
1656 3448 1799 3512 iteretur.

348 3586 452 3674 Cap.
487 3589 598 3652 VIIII.
668 3589 798 3669 Quod
845 3611 1138 3675 summopore
1185 3611 1341 3653 omnes
1387 3589 1569 3654 fideles
1619 3590 1893 3654 meminisse

241 3708 465 3781 oporteat
491 3697 645 3781 pacti,
671 3696 792 3783 quod
815 3697 859 3760 in
882 3694 1177 3782 baptismate
1202 3718 1298 3760 eum
1322 3696 1417 3760 Deo
1442 3696 1676 3762 fecerunt.
1723 3697 1893 3778 Paetum⁵,

241 3802 329 3887 quod
352 3825 425 3866 enm
449 3802 522 3866 Deo
546 3804 580 3866 in
603 3800 797 3889 baptismate
822 3803 867 3882 fit,
899 3825 919 3866 a
942 3801 1051 3866 multis
1076 3826 1118 3867 ex
1148 3812 1226 3884 tote,
1262 3826 1282 3867 a
1312 3803 1420 3868 multis
1452 3826 1495 3868 ex
1524 3813 1615 3889 parte
1645 3803 1892 3889 transgreditur.

196 3940 222 3980 ω
240 3909 294 3972 Ex
317 3920 383 3973 toto
407 3911 528 3995 quippe
553 3910 799 3994 transgreditur,
824 3909 955 3996 quando
981 3912 1053 3996 quis
1078 3921 1150 3995 post
1173 3921 1344 3995 acceptam
1367 3908 1571 3996 baptismatis
1597 3912 1734 3996 gratiam
1766 3919 1821 3974 aut
1852 3910 1893 3974 ad

240 4014 462 4080 infidelitatem
487 4015 608 4080 autad
632 4016 780 4080 heresem
804 4027 860 4080 arat
883 4029 970 4080 certe
995 4017 1038 4080 ad
1062 4016 1203 4080 schisma
1226 4015 1422 4102 prolabitur,
1454 4028 1612 4102 exparte
1643 4039 1732 4099 vero,
1764 4016 1893 4104 quando

240 4123 312 4208 quis
336 4121 457 4186 autad
480 4121 667 4209 superbiam
692 4135 747 4187 aut
771 4123 813 4186 ad
837 4122 995 4187 invidiam
1019 4134 1075 4187 aut
1098 4122 1141 4187 ad
1164 4133 1276 4186 cetera
1298 4125 1379 4186 vitia
1402 4124 1570 4209 spiritalia,
1595 4147 1679 4210 quae
1711 4147 1752 4188 ex
1782 4124 1893 4188 radice

240 4228 412 4316 superbiae
437 4229 607 4316 prodeunt,
633 4228 763 4294 labitur.
816 4229 911 4294 Unde
936 4230 1099 4294 Dominus
1130 4231 1163 4293 in
1196 4229 1383 4315 evangelio:
1418 4231 1484 4308 Qui
1511 4247 1623 4311 autem,
1655 4232 1769 4318 inquit,
1799 4257 1895 4318 samer
1913 4257 2037 4308 nascere,

237 4352 363 4424 petrosa
386 4341 557 4401 scarritiones
580 4353 633 4416 est,
657 4339 708 4402 hie
733 4353 786 4419 est,
810 4340 870 4423 qui
892 4340 1016 4402 terbum
1033 4338 1100 4402 Da·
1120 4338 1211 4403 eradit
1235 4352 1263 4401 et
1285 4340 1429 4402 continno
1445 4363 1513 4401 carra
1530 4339 1651 4425 perodio
1667 4341 1785 4425 accipit
1802 4339 1894 4417 illud,
1935 4311 2011 4351 Μ’

195 4475 220 4513 ss
241 4469 300 4508 ooo
324 4445 537 4508 hebetantem
563 4447 595 4508 iu
626 4471 657 4508 se
687 4445 838 4524 radia-cm,
868 4445 925 4508 sed
954 4459 998 4509 est
1027 4446 1219 4531 terrrporalo's.
1276 4444 1376 4508 Facto
1406 4459 1507 4508 autem
1538 4446 1739 4509 tribulatione
1770 4459 1797 4509 et
1820 4469 1893 4531 per-

240 4554 392 4616 seeutione
408 4566 544 4638 propter
569 4553 692 4615 uerbum
717 4554 861 4615 corniano
884 4552 1131 4615 seorrdalr'zotur.
1180 4549 1317 4615 Constat
1339 4552 1439 4636 igitur
1468 4573 1731 4638 unumquemque
1761 4550 1891 4614 fidelem

345 4787 410 4836 VII.
439 4787 618 4838 sextantis.
692 4781 889 4850 leastitatem]
910 4789 968 4837 eiua
987 4787 1048 4836 add.
1068 4787 1094 4837 1⁷.
1170 4783 1268 4850 Saint]
1288 4795 1352 4837 sunt
1370 4787 1401 4837 P.

346 4877 426 4926 VIII.
457 4879 485 4925 11
508 4878 608 4940 grados
628 4876 655 4924 Γ.
744 4878 774 4925 15
793 4871 924 4940 vulgaria]
947 4875 1003 4926 vnit
1022 4877 1096 4941 garis
1116 4875 1146 4926 Ρ.
1234 4879 1267 4926 19
1287 4871 1400 4940 Quodsi]
1421 4879 1502 4939 Quod
1522 4877 1549 4927 1'.
1631 4880 1665 4928 23
1684 4879 1892 4927 slve—sacer·

241 4964 334 5015 dotum
352 4966 444 5015 derrrm
462 4965 492 5014 P.
567 4967 600 5015 25
620 4959 708 5029 decet]
728 4966 810 5015 docet
831 4965 856 5015 V.

198 5069 224 5106 to
347 5054 443 5104 VllII.
472 5057 506 5104 30
524 5055 640 5119 gratiam
660 5062 690 5104 ut
709 5055 743 5104 ad
764 5055 791 5104 i'.
864 5056 898 5105 32
918 5063 965 5104 aut
984 5055 1141 5120 superbiam
1161 5053 1191 5104 P.
1265 5056 1299 5103 34
1318 5055 1371 5104 Dei
1389 5055 1457 5105 deest
1475 5055 1501 5105 1¹.
1575 5057 1608 5105 35
1627 5055 1787 5106 sedeatis.

349 5270 379 5340 1)
406 5271 663 5348 Ρε.·Αιιφωᾶηιιε,
690 5271 789 5329 Sermo
812 5274 873 5330 168
894 5262 918 5348 ἕ
942 5275 978 5339 3,·
1015 5269 1089 5346 Opp.
1114 5270 1316 5346 Aepuatim'V,
1341 5291 1410 5348 app.
1434 5275 1505 5331 293.
1590 5270 1620 5338 2)
1647 5269 1695 5343 Cf.
1721 5291 1781 5328 cum
1805 5291 1893 5348 orpu-

242 5386 330 5434 merto
354 5377 454 5434 relatio
477 5377 669 5453 episcoporum
694 5398 716 5434 c.
743 5381 783 5436 36
790 5398 799 5446 ,·
830 5379 849 5433 l.
874 5378 892 5434 l.
917 5377 956 5447 II,
981 5381 1030 5436 40.
1147 5377 1177 5445 3)
1205 5375 1253 5449 Os.
1279 5378 1423 5435 concilium
1447 5378 1688 5436 somniatorem
1711 5380 1894 5440 573-603

242 5505 266 5541 c.
284 5487 339 5544 18:
362 5485 425 5539 Non
449 5485 515 5540 lieet
537 5486 643 5556 absque
659 5486 785 5540 Paschae
809 5486 1021 5540 sollemnitatem
1045 5486 1103 5539 ullo
1126 5493 1250 5556 tempore
1265 5486 1410 5557 baptizare
1425 5486 1477 5540 nisi
1492 5487 1564 5557 illos,
1587 5487 1685 5558 quibus
1708 5503 1781 5541 mors
1801 5487 1893 5541 vicina

242 5602 292 5662 eat,
314 5610 382 5665 qnos
404 5593 588 5663 grauattarios
610 5592 704 5646 dieunt
726 5587 814 5665 (ΜΟ.
841 5587 1079 5665 Coac.1,181);
1104 5611 1129 5647 v.
1149 5598 1306 5666 praeterea
1329 5591 1469 5668 Ducauye
1490 5613 1513 5649 s.
1538 5612 1563 5649 o.
1588 5592 1689 5652 clinici.
1763 5593 1794 5662 4)
1820 5593 1893 5651 coa·

198 5715 224 5755 ss
242 5697 332 5754 elliam
347 5696 589 5755 Neocaesariense
605 5718 628 5754 c.
645 5701 703 5766 12;
728 5698 828 5755 Μαηεί
843 5698 899 5769 III,
917 5701 979 5756 545
991 5718 1033 5774 sq.
1106 5698 1136 5767 5)
1155 5697 1204 5768 Cf.
1221 5698 1323 5755 relatio
1338 5698 1529 5773 mhcoporum
1546 5718 1569 5756 c.
1584 5702 1641 5768 37,·
1657 5701 1676 5756 l.
1693 5702 1711 5757 l.
1728 5699 1769 5769 II,
1781 5703 1832 5759 40.
1848 5729 1893 5739 -

245 5801 312 5861 &aar
335 5805 457 5880 capitolo
474 5803 634 5860 Parisienei
656 5806 879 5879 comparandam
903 5823 961 5862 ease
987 5804 1239 5876 certaetAmelunq,
1264 5806 1282 5861 l.
1300 5807 1318 5860 l.
1337 5825 1371 5881 p.
1388 5809 1428 5864 44
1452 5824 1521 5861 aaa.
1540 5809 1568 5876 6,
1593 5805 1681 5862 Ionae
1697 5805 1892 5864 {montonem

242 5910 368 5967 niceam
392 5910 413 5966 Ι
431 5931 454 5968 e.
472 5915 499 5970 9.
