4884 6717
617 488 691 553 516.
1086 495 1141 554 44.
1175 495 1396 554 CONCILIUM
1417 495 1645 554 PARISIENSE
1669 497 1707 552 A.
1728 495 1811 554 825.-

620 693 721 761 omnia‚
744 710 817 763 quae
839 692 988 764 pinguntur
1008 699 1095 763 atque
1117 691 1258 765 fingrmtur
1281 711 1315 747 ex
1338 693 1433 764 aliqua
1456 694 1570 747 nisterie
1593 693 1699 748 metalli
1715 699 1763 746 aut
1780 692 1847 763 ligni
1863 692 1909 746 vel
1925 692 2121 760 cuiuscumque
2135 690 2177 746 rei
2193 695 2281 760 aptae

621 801 657 858 ad
679 816 766 869 opera
787 800 962 868 huiusmodi„
977 815 1050 869 quae
1075 799 1157 853 etiam
1178 799 1308 854 videntur
1330 800 1357 853 in
1380 801 1481 854 somnis
1505 807 1534 854 et
1556 818 1650 854 omnes
1672 800 1732 854 fere
1755 799 1889 869 imagines
1913 815 2007 856 earum
2026 815 2130 866 rerum,
2160 815 2283 868 quarum

583 943 586 952 ·
620 906 755 977 imagines
784 913 855 975 sunt,
885 906 1023 976 appellari
1052 906 1208 960 nominibus
1241 907 1339 960 solent.
1385 906 1453 970 Quis
1482 906 1554 961 enim
1585 914 1637 974 est,
1665 907 1712 976 qui
1743 906 1882 960 hominem
1911 906 2014 976 pictum
2043 904 2149 959 dubitet
2176 922 2282 958 vocare

621 1013 780 1068 homiuem?
803 1012 1045 1082 ,Quandoquidem
1069 1019 1099 1070 et
1121 1013 1288 1084 singulorum
1312 1030 1483 1084 quorumque
1506 1013 1642 1083 picturam
1657 1031 1717 1067 cum
1734 1013 1890 1082 aspicimus,
1911 1012 2024 1083 propria
2038 1027 2151 1083 quoque
2166 1012 2281 1065 nomina

621 1120 810 1174 incunctanter
840 1118 1013 1188 adhibemus,
1041 1119 1120 1172 velut
1149 1137 1211 1173 eum
1239 1119 1377 1173 intuentes
1407 1120 1533 1174 tabulam
1562 1128 1611 1174 ant
1632 1120 1766 1190 parietem
1789 1119 1918 1173 dicimus:
1949 1120 2002 1174 Ille
2025 1118 2122 1174 Cicero
2147 1127 2199 1187 θεῖ,
2228 1119 2280 1172 ille
2305 1132 2320 1174 ι

623 1225 778 1294 Sallustius,
809 1226 858 1280 ille
881 1225 1016 1294 Achilles,
1044 1226 1093 1280 ille
1116 1226 1230 1291 Hector,
1259 1227 1312 1279 hoc
1342 1226 1443 1280 flumen
1467 1225 1585 1297 Syrnois,
1614 1227 1663 1280 illa
1691 1227 1790 1296 Roma,
1819 1244 1881 1280 cum
1912 1226 1987 1281 aliud
2013 1226 2079 1280 nihil
2109 1226 2165 1279 sint
2193 1239 2280 1295 quam

621 1334 714 1404 pictae
743 1333 886 1403 imagines.
938 1332 1021 1388 Unde
1045 1331 1194 1386 Cherubim
1224 1350 1286 1386 eum
1316 1332 1370 1385 sint
1398 1332 1513 1386 caelitus
1535 1340 1696 1403 potestates,
1730 1333 1823 1398 factae
1853 1341 1946 1388 tamen
1976 1350 2010 1387 er
2044 1332 2169 1401 metallo,
2201 1333 2281 1402 quod

621 1439 769 1509 imperavit
791 1439 878 1504 Deus,
900 1455 983 1509 super
1005 1455 1098 1492 arcam
1119 1439 1276 1493 testamenti
1299 1457 1417 1519 magnae
1440 1439 1480 1492 rei
1503 1439 1700 1510 significandae
1722 1440 1822 1510 gratia,
1845 1458 1900 1494 non
1923 1439 1998 1493 aliud
2021 1456 2104 1509 qaam
2127 1438 2280 1492 Cherubim

622 1547 673 1600 illa
696 1562 809 1615 quoque
832 1544 963 1616 figmenta
987 1546 1149 1599 vocitantur.
1184 1546 1255 1599 Item
1278 1546 1401 1616 quisquis
1424 1545 1500 1600 videt
1523 1547 1664 1615 somnium,
1686 1565 1744 1602 non
1764 1546 1844 1600 dicit:
1873 1546 1938 1600 Vidi
1962 1546 2107 1617 imaginem
2131 1546 2279 1616 Augustini

624 1660 672 1706 ant
688 1651 868 1722 Simplicium,
892 1654 940 1706 sed
964 1652 1021 1705 vidi
1035 1653 1219 1722 Augustinum
1242 1660 1291 1706 aut
1307 1651 1521 1722 Simpliciannm,
1544 1670 1605 1707 cum
1628 1671 1662 1707 eo
1685 1661 1818 1723 tempore,
1841 1671 1897 1723 quo
1920 1654 1978 1706 tale
2001 1653 2106 1723 aliquid
2130 1652 2205 1720 sidit,
2228 1669 2280 1706 nos
2300 1666 2327 1708 ta

622 1760 819 1830 ignoraremus.
855 1759 951 1829 Usque
974 1759 1046 1812 adeo
1070 1759 1245 1813 manifestum
1269 1768 1312 1812 est
1333 1777 1389 1813 nou
1410 1759 1485 1829 ipsos
1507 1760 1640 1826 homiues,
1662 1761 1711 1814 sed
1734 1760 1868 1830 imagines
1886 1777 1979 1813 eornm
1994 1760 2096 1827 videri3
2119 1767 2149 1812 et
2166 1758 2279 1812 Pharao

482 1872 604 1966 apngngt·
624 1867 713 1935 spicas
734 1883 764 1918 se
786 1866 854 1918 dixit
875 1865 975 1920 vidisse
997 1865 1026 1919 in
1048 1866 1148 1920 somnis
1171 1873 1200 1919 et
1219 1866 1315 1931 boves,
1337 1884 1391 1919 non
1412 1867 1550 1936 spicarum
1568 1875 1617 1920 aut
1631 1866 1716 1920 bourn
1731 1866 1873 1936 imagines.
1908 1865 1937 1920 Si
1953 1866 2035 1936 igitur
2049 1866 2155 1935 liquido
2171 1873 2281 1919 constat

526 1953 533 1975 ’
557 1958 561 1968 ’
585 1954 591 1965 ’
623 1972 778 2028 nominibus
799 1990 895 2026 earum
915 1990 1015 2038 rerum,
1044 1990 1161 2043 quarum
1190 1972 1323 2043 imagines
1353 1983 1423 2041 sunt,
1451 1974 1562 2027 easdem
1594 1973 1727 2044 imagines
1749 1972 1896 2043 appellari,
1922 1991 1978 2026 non
2004 1973 2101 2026 mirum
2123 1980 2174 2040 est,
2203 1974 2280 2043 quod

445 2068 605 2170 ⁰¹'iiliiri.²⁸'
625 2080 758 2149 scriptura
779 2079 845 2132 dicit
867 2078 1043 2133 Samuhelem
1065 2079 1152 2132 vnum
1174 2080 1207 2133 et
1231 2081 1350 2133 cetera.

628 2237 633 2244 .
732 2175 816 2240 Item
831 2176 1006 2261 Augustini
1030 2176 1064 2238 in
1088 2174 1170 2240 libro
1195 2174 1235 2239 de
1261 2174 1410 2240 doctrina
1426 2175 1611 2241 Christiana
1627 2175 1787 2241 secundo:
1813 2181 1946 2258 Signuml
1963 2193 2004 2240 est
2019 2186 2091 2240 enim
2107 2203 2152 2239 res
2168 2195 2281 2255 praeter
2301 2197 2327 2238 rs

625 2293 756 2363 speciem,
777 2310 862 2366 quam
883 2293 992 2363 ingerit,
1014 2292 1138 2346 sensibus
1160 2293 1235 2346 aliud
1257 2293 1363 2363 aliquid
1385 2310 1419 2346 er
1441 2310 1470 2346 se
1492 2293 1597 2347 faciens
1617 2293 1645 2347 in
1661 2293 1856 2363 cogitationem
1871 2293 1976 2361 venire,
1998 2293 2067 2346 sieut
2081 2294 2196 2364 vestigio
2218 2294 2279 2347 riso

625 2401 755 2456 transisse
777 2399 890 2468 animal,
911 2399 988 2453 cuius
1009 2399 1154 2470 vestigium
1177 2407 1228 2468 θεῖ,
1250 2401 1402 2470 cogitamus
1424 2408 1452 2453 et
1474 2400 1532 2453 viso
1555 2400 1630 2453 fumo
1646 2393 1737 2471 ignem
1754 2399 1864 2454 subesse
1881 2399 2077 2470 cognoscimus.
2110 2397 2280 2471 Signornm²

624 2507 707 2578 igitur
729 2507 785 2561 alia
807 2514 869 2560 sunt
889 2506 1038 2572 naturalia,
1059 2506 1116 2559 alia
1138 2506 1212 2560 data.
1245 2500 1353 2577 Signa⁸
1374 2507 1440 2558 data
1459 2513 1530 2574 sunt,
1552 2523 1624 2575 quae
1640 2507 1768 2560 divinitus
1783 2506 1811 2559 in
1827 2506 1966 2575 seripturis
1981 2507 2081 2560 sanetis
2097 2507 2280 2572 eontinentur,

623 2630 676 2686 per
697 2614 820 2668 homines
841 2613 920 2667 nobis
941 2612 1062 2667 indicata
1084 2620 1155 2680 sunt,
1176 2613 1223 2683 qui
1247 2630 1281 2666 ea
1303 2613 1523 2681 conscripserunt
1545 2612 1577 2666 et
1601 2615 1719 2666 cetera.

730 2715 829 2775 Ante⁴
850 2720 942 2774 omma
962 2720 1046 2791 igitur
1067 2737 1136 2788 opus
1159 2726 1201 2773 est
1222 2720 1276 2773 Dei
1298 2720 1396 2772 timore
1418 2719 1540 2772 converti
1555 2719 1591 2772 ad
1607 2721 1826 2790 cognoscendam
1841 2719 1900 2773 eius
1916 2721 2095 2786 voluntatem,
2116 2720 2280 2790 quidnobis
2299 2731 2327 2769 aa

624 2828 812 2896 appetendum
832 2826 1050 2898 fugiendumque
1071 2826 1233 2896 praecipiat.

729 2924 773 2987 Et
796 2923 898 2987 infra:
925 2927 1021 2987 Illud⁵
1043 2934 1117 3003 quod
1141 2938 1183 2986 est
1204 2934 1353 2986 secundum
1375 2932 1556 2986 institutiones
1576 2932 1725 2998 hominum,
1746 2933 1846 3002 partim
1868 2934 2083 3002 superstitiosum
2105 2940 2156 3002 est,
2176 2935 2279 3003 partim

621 3057 677 3096 non
700 3047 750 3095 est.
796 3034 1039 3110 Superstitiosum⁶
1067 3046 1109 3094 est
1137 3039 1269 3109 quicquid
1294 3039 1447 3092 institutum
1476 3047 1518 3092 est
1547 3038 1583 3092 ab
1612 3038 1767 3092 hominibus
1796 3039 1832 3092 ad
1859 3038 1988 3094 facienda
2015 3048 2043 3094 et
2063 3041 2181 3094 colenda
2201 3041 2279 3094 idola

624 3147 765 3218 pertinens
785 3147 831 3200 vel
854 3148 891 3200 ad
912 3147 1057 3200 colendam
1079 3147 1149 3199 sieut
1170 3147 1262 3199 Deum
1284 3154 1447 3200 creaturam.

730 3243 774 3308 Εῖ
796 3253 871 3329 post
893 3265 1000 3328 pauca
1023 3244 1058 3306 in
1081 3241 1196 3306 eodem
1220 3243 1367 3328 sequitur
1388 3241 1488 3306 libro:
1512 3247 1679 3322 Appetunt⁷
1700 3260 1793 3307 tamen
1808 3271 1903 3308 omnes
1919 3255 2057 3323 quandam
2073 3254 2278 3308 similitudinem
2296 3268 2326 3307 aa

624 3359 653 3412 in
673 3358 862 3430 significando,
883 3367 915 3414 nt
935 3360 996 3429 ipsa
1015 3360 1105 3430 signa,
1126 3360 1154 3412 in
1176 3367 1310 3429 quantum
1331 3367 1455 3428 possunt,
1475 3358 1565 3428 rebus,
1586 3376 1660 3430 quae
1682 3359 1878 3430 significantur,
1904 3360 2004 3414 similia
2026 3361 2087 3414 sint.
2133 3359 2188 3415 Sed
2209 3361 2277 3430 quia

623 3466 716 3519 multis
737 3466 825 3520 modis
847 3467 934 3520 simile
958 3466 1064 3536 aliquid
1086 3466 1168 3519 alicui
1189 3472 1282 3535 potest
1304 3483 1374 3532 esse,
1395 3484 1450 3520 non
1471 3473 1597 3519 constant
1617 3467 1686 3520 talia
1706 3466 1785 3536 signa
1805 3467 1878 3520 inter
1899 3468 2032 3536 homines,
2057 3468 2108 3521 nisi
2130 3485 2277 3521 consensus

623 3574 747 3628 accedat.
779 3569 834 3626 In⁸
848 3573 960 3642 picturis
975 3590 1041 3626 vero
1058 3581 1087 3626 θῖ
1102 3573 1197 3627 statuis
1212 3573 1368 3643 ceterisque
1383 3573 1535 3630 huiusmodi
1551 3573 1685 3627 simulatis
1700 3573 1830 3642 operibus
1844 3575 1963 3627 maxime
1977 3574 2126 3643 peritorum
2143 3574 2277 3628 artificum

622 3697 704 3733 nemo
727 3687 809 3748 errat,
831 3697 891 3734 curn
914 3681 1014 3734 similia
1035 3680 1144 3749 viderit,
1173 3687 1203 3733 ut
1232 3688 1373 3750 agnoscat,
1401 3679 1500 3750 quibus
1522 3680 1574 3733 sint
1600 3680 1682 3734 rebus
1703 3680 1812 3733 similia.
1856 3681 1893 3733 Et
1911 3681 1965 3733 boc
1987 3687 2075 3734 tetum
2096 3699 2183 3751 genus
2204 3682 2278 3735 inter

623 3786 762 3856 superflua
782 3787 922 3858 hominum
943 3789 1067 3842 instituta
1088 3789 1285 3841 numerandum
1307 3796 1358 3856 θεῖ,
1379 3788 1429 3840 nisi
1452 3805 1514 3840 eum
1536 3787 1659 3856 interest,
1680 3787 1746 3856 quid
1769 3803 1872 3856 eorum,
1893 3805 1951 3857 qua
1972 3789 2008 3840 de
2030 3804 2114 3841 cansa
2136 3797 2165 3842 et
2183 3788 2230 3841 ubi
2246 3797 2277 3842 et
2294 3802 2325 3843 ιο

624 3894 737 3963 quaudo
759 3901 787 3947 θῖ
809 3894 885 3948 cuius
906 3895 1069 3948 auctoritate
1089 3892 1140 3947 fiat
1162 3895 1194 3947 et
1217 3895 1336 3947 cetera.

729 3990 812 4055 Item
841 3992 1016 4076 Augustini
1044 3991 1078 4054 in
1107 3989 1189 4054 libro
1220 3991 1315 4055 tertio
1344 3990 1507 4058 eiusdem:
1538 3995 1611 4065 Qui⁹
1639 4018 1705 4054 vero
1733 4007 1781 4052 aut
1807 4009 1937 4069 operatur
1965 4008 2013 4054 aut
2039 4009 2186 4055 veneratur
2206 4004 2275 4056 utile

623 4106 729 4176 signum
752 4108 880 4161 divinitus
901 4108 1061 4176 institutum,
1091 4108 1168 4160 emus
1197 4107 1252 4160 vim
1274 4106 1556 4177 significationemque
1578 4107 1716 4177 intelligit,
1737 4125 1793 4159 non
1814 4105 1865 4159 hoc
1887 4115 2044 4176 veneratur,
2070 4110 2145 4178 quod
2167 4109 2276 4163 ridetur

624 4221 653 4266 et
674 4214 779 4281 transit,
801 4215 850 4268 sed
871 4214 940 4268 illud
962 4214 1062 4284 potins,
1091 4232 1146 4284 quo
1176 4213 1244 4266 talia
1274 4222 1373 4267 cuneta
1399 4214 1545 4267 referenda
1567 4220 1636 4267 sunt.
1682 4213 1760 4267 Talis
1782 4219 1876 4266 autem
1897 4214 1980 4268 homo
2002 4214 2132 4285 spiritalis
2154 4224 2182 4268 et
2203 4215 2276 4270 liber

623 4327 664 4378 est
687 4320 769 4376 etiam
790 4328 915 4390 tempore
936 4322 1083 4390 servitutis,
1105 4338 1161 4390 quo
1183 4319 1340 4373 camalibus
1361 4321 1458 4374 animis
1479 4321 1599 4374 nondum
1621 4328 1733 4390 oportet
1753 4319 1832 4392 signa
1853 4320 1903 4375 illa
1924 4321 2052 4388 revelari,
2073 4339 2188 4391 quornm
2209 4322 2275 4392 iugo
2294 4335 2326 4373 ar>

622 4427 768 4481 edomandi
791 4436 860 4481 snt.
905 4428 990 4481 Tales
1012 4435 1103 4481 autem
1126 4427 1264 4496 spiritales
1287 4433 1365 4480 erant
1386 4427 1560 4496 patriarchae
1582 4444 1615 4481 ac
1637 4427 1790 4497 prophetae
1812 4445 1962 4498 omnesque
1984 4429 2012 4481 in
2033 4430 2137 4498 populo
2160 4428 2277 4496 Israhel,

620 4550 673 4603 per
695 4551 765 4603 quos
787 4533 865 4587 nobis
887 4532 1004 4603 Spiritus
1026 4541 1135 4587 sanctus
1156 4533 1217 4603 ipsa
1239 4533 1432 4602 scripturarius
1449 4541 1477 4586 et
1498 4533 1601 4587 auxilia
1623 4542 1651 4588 et
1672 4534 1772 4588 solatia
1793 4535 1957 4589 ministravit
1979 4535 2012 4589 et
2034 4536 2153 4590 cetera.

728 4630 810 4694 Item
841 4631 944 4694 sancti
968 4629 1141 4694 Athanasii
1171 4631 1205 4692 in
1237 4651 1385 4693 sermone
1417 4641 1531 4716 quarto
1562 4630 1735 4695 adversum
1758 4632 1932 4696 Arrianus:
1969 4642 2171 4697 Arriomanitae
2183 4637 2218 4712 ¹⁰,
2244 4651 2276 4696 ut

621 4748 723 4802 dictum
746 4755 797 4814 est,
818 4747 971 4801 indicantes
993 4746 1078 4800 semel
1100 4753 1315 4817 transgressores
1337 4745 1404 4800 fieri.

728 5028 744 5077 6
763 5025 898 5077 Salustius
918 5028 948 5077 P.
1022 5027 1057 5075 28
1076 5027 1173 5076 ceteris
1196 5026 1224 5076 P.

729 5289 759 5374 Ι)
781 5295 963 5373 Augustinus,
987 5296 1034 5352 De
1057 5295 1187 5358 dostram
1212 5293 1378 5354 Christiana
1401 5296 1437 5351 ΙΙ
1455 5300 1513 5356 e]
1535 5289 1608 5374 §R
1633 5296 1825 5373 oppilat,
1843 5303 1891 5358 19.
1963 5291 1993 5376 2)
2016 5299 2092 5358 Ibid.
2116 5293 2194 5377 §Q
2218 5302 2236 5358 l.
2255 5304 2276 5358 I.

622 5395 652 5482 3)
677 5403 751 5460 laid.
775 5399 852 5478 §3,·
875 5404 893 5459 l.
918 5404 936 5459 l.
1036 5396 1167 5478 tillia.
1193 5397 1673 5477 1lc.7§9;l.l.111,1,22.
1775 5397 1806 5480 5)
1830 5405 1906 5462 Ibid.
1931 5407 2009 5463 Hc.
2026 5409 2066 5466 19
2087 5401 2187 5482 §29,·
2211 5410 2229 5464 L
2255 5411 2275 5466 1.

619 5509 677 5580 ΙΙΙ,
694 5513 722 5581 1,
740 5513 787 5569 31.
858 5501 889 5586 e)
913 5509 990 5566 Ibid.
1015 5513 1098 5568 c20
1119 5502 1143 5584 ἕ
1160 5513 1216 5579 30;
1240 5511 1259 5566 I.
1284 5511 1302 5565 l.
1373 5501 1403 5587 7)
1427 5509 1503 5566 leid.
1527 5510 1564 5566 ΙΙ
1583 5530 1605 5566 c.
1623 5514 1665 5570 25
1687 5505 1711 5586 ἕ
1728 5515 1783 5581 38;
1807 5514 1825 5568 l.
1850 5515 1868 5568 l.
1893 5511 1951 5583 III,
1968 5516 1996 5584 1,
2014 5516 2063 5572 37.
2140 5505 2173 5592 8)
2197 5514 2275 5573 [bid.

619 5612 643 5690 ἕ
660 5621 716 5686 39;
739 5618 757 5673 l.
782 5618 801 5673 l.
886 5607 916 5694 9)
940 5615 1015 5673 Isiu
1040 5615 1095 5673 ΙΙΙ
1112 5636 1135 5673 c.
1154 5620 1172 5675 9
1194 5611 1218 5692 §¹
1235 5619 1291 5685 13,·
1315 5617 1333 5672 l.
1358 5617 1376 5672 l.
1401 5615 1458 5686 III,
1482 5620 1509 5686 1,
1534 5621 1585 5677 48.
1684 5609 1735 5692 10)
1758 5618 1944 5689 Athanasius,
1969 5617 2070 5676 Oratio
2093 5623 2113 5678 3
2135 5622 2278 5680 aduersas

620 5723 763 5780 Arriaaos
792 5744 816 5780 c.
842 5727 874 5793 1,·
911 5722 984 5799 opp
1010 5724 1053 5779 ed.
1080 5720 1256 5781 Giustiniani
1280 5723 1303 5792 Ι,
1328 5726 1355 5792 1,
1380 5726 1451 5781 435.
1501 5722 1550 5794 Cf.
1576 5744 1636 5781 mm
1667 5725 1717 5783 boc
1747 5726 1806 5781 loco
1836 5733 1862 5780 et
1890 5725 2066 5801 subsequenti
2095 5723 2182 5784 Coae.
2207 5727 2276 5785 Nes.
2295 5749 2329 5788 te

619 5837 675 5886 act.
699 5828 765 5900 IV,
791 5830 890 5887 Μαηεί
912 5829 999 5901 XIII,
1025 5834 1073 5888 69.
