4884 6717
386 1417 414 1458 cl.
423 1416 476 1458 Luc.
484 1417 517 1466 22,

413 1471 492 1518 lssqq.

536 528 601 592 642
1006 538 1058 594 50.
1095 537 1315 596 CONCILIUM
1337 538 1566 595 PARISIENSE
1590 540 1627 594 Α.
1649 538 1723 595 829.

535 724 687 813 prohibet
709 726 818 789 facere
843 724 984 790 humana
1008 727 1229 812 praesumptio
1253 748 1319 790 non
1341 728 1465 806 metuit,
1493 724 1608 812 procul
1636 724 1734 790 dubio
1759 734 1970 811 praeceptum
1994 723 2060 788 Dei
2090 735 2193 787 trans-

536 832 628 918 gredi
653 855 718 896 non
742 833 951 919 pertimescit.
1000 831 1209 918 Quapropter
1231 854 1366 897 necesse
1391 843 1449 914 est,
1481 843 1517 896 ut
1547 831 1797 897 consuetudines
1827 853 1929 917 prave
1959 841 2195 917 postponantur

537 950 570 1003 et
592 937 789 1004 iussionibus
814 938 934 1002 divinis
959 937 1215 1025 obtemperando
1240 938 1463 1004 ecclesiastica
1486 939 1662 1003 auctoritas
1686 936 1911 1024 amplectatur.

645 1079 747 1167 Cap.
784 1080 940 1145 XLVIII.
1004 1080 1133 1162 Quod
1168 1080 1330 1146 nullus
1369 1079 1799 1168 praesbyterornm
1835 1078 1966 1143 solus
2005 1080 2192 1143 missam

537 1187 640 1253 cael
654 1211 671 1252 e
685 1186 706 1251 b
719 1211 736 1251 r
747 1211 766 1251 a
779 1211 825 1251 re
850 1187 871 1251 d
884 1210 901 1251 e
915 1187 936 1251 b
950 1211 967 1251 e
981 1210 1000 1251 a
1012 1199 1033 1251 t.
1081 1187 1244 1274 Inrepsit1
1267 1189 1301 1251 in
1325 1187 1488 1274 plerisque
1512 1187 1602 1264 locis,
1620 1188 1738 1273 partim
1754 1188 1892 1266 incuria,
1908 1187 2027 1272 partim
2044 1187 2191 1262 avaritia,
2213 1208 2227 1248 s

537 1293 823 1381 repraehensibilis
847 1317 925 1359 usus
949 1306 982 1358 et
1006 1316 1151 1379 congrua
1175 1293 1401 1359 emendatione
1426 1294 1554 1380 digana,
1579 1316 1617 1358 eo
1642 1293 1729 1379 quod
1745 1292 1891 1357 nonnulli
1907 1291 2193 1379 praesbyterorum

538 1402 607 1464 sine
638 1402 793 1465 ministris
824 1402 996 1465 missarum
1028 1401 1220 1487 sollempnia
1251 1400 1474 1487 frequentent;
1507 1400 1594 1487 quod
1624 1423 1685 1464 nee
1716 1398 1819 1464 rerba
1845 1399 1981 1464 Domini
2011 1397 2192 1479 salvatoris,

538 1506 656 1594 quibus
695 1509 838 1571 misteria
878 1509 1022 1593 corporis
1058 1520 1090 1571 et
1125 1509 1292 1592 sanguinis
1327 1509 1376 1571 sui
1413 1507 1581 1593 discipulis
1621 1506 1840 1571 caelebranda
1880 1505 2093 1586 contradidit,
2132 1528 2194 1569 nee

538 1613 677 1700 apostoli
693 1614 787 1679 Pauli
811 1613 1006 1678 documenta
1030 1613 1213 1694 declarant3
1239 1636 1299 1678 nec
1324 1614 1422 1677 etiam
1447 1614 1481 1677 in
1504 1615 1583 1700 ipsis
1601 1615 1682 1677 actis
1699 1612 1927 1700 apostolorum,
1953 1613 1980 1676 si
2000 1611 2194 1678 enucleatim

537 1720 697 1806 legantur,
721 1722 766 1784 ita
790 1720 860 1784 fieri
885 1718 1004 1784 debere
1028 1719 1092 1783 ullo
1117 1719 1213 1784 modo
1230 1721 1405 1784 invenitur.
1444 1718 1541 1785 Unde
1558 1719 1813 1800 conveniendus,
1830 1721 1927 1782 immo
1944 1718 2194 1804 interrogandus
2214 1743 2240 1783 m

538 1824 632 1891 nobis
656 1826 786 1890 videtur
809 1825 993 1890 huiusmodi
1019 1828 1164 1912 corporis
1192 1838 1225 1891 et
1256 1827 1423 1912 sanguinis
1453 1827 1587 1891 Domini
1619 1826 1779 1890 solitarius
1811 1836 2036 1890 consecrator:
2069 1822 2194 1905 Quibus

539 1933 632 1998 dicit:
648 1933 818 1997 ‘Dominus
831 1933 1036 1996 vobiscum’?
1066 1933 1110 1996 Et
1122 1955 1141 1995 a
1154 1956 1218 2019 quo
1231 1932 1277 1997 illi
1290 1932 1518 2019 respondetur:
1534 1933 1673 1998 ‘Etcum
1686 1934 1801 2020 spiritu
1811 1932 1903 1997 tuo'?
1929 1931 1992 1996 Vel
2004 1955 2063 2019 pro
2076 1930 2194 2018 quibus

538 2039 752 2126 supplicando
769 2039 911 2104 Domino
930 2040 1015 2104 inter
1031 2049 1158 2103 cetera:
1177 2039 1362 2120 Memento,
1378 2039 1532 2122 Domine,
1549 2050 1581 2104 et
1598 2041 1741 2104 omnium
1758 2038 2102 2120 circumadstantium,
2120 2061 2194 2102 cum

538 2145 644 2211 nullus
669 2147 866 2227 circumstet,
891 2145 995 2210 dicit?
1036 2145 1129 2226 Quae
1154 2146 1354 2210 consuetudo
1379 2148 1456 2232 quia
1480 2145 1656 2232 apostolice
1681 2157 1714 2210 et
1729 2144 1971 2211 ecclesiasticae
1988 2146 2195 2210 auctoritati²

538 2254 722 2337 refragatur
745 2265 777 2316 et
800 2265 889 2316 tanto
913 2255 1068 2338 mysterio
1093 2252 1259 2339 quandam
1283 2252 1570 2317 dehonorationem
1595 2254 1745 2338 inrogare
1769 2251 1909 2334 videtur,
1934 2251 2083 2316 omnibus
2100 2251 2194 2316 nobis
2213 2272 2240 2314 rs

538 2362 572 2423 in
597 2381 767 2423 commune
791 2362 897 2423 visum
921 2370 980 2440 est,
1005 2370 1041 2423 ut
1065 2359 1220 2446 deinceps
1244 2358 1468 2423 huiuscemodi
1496 2383 1573 2423 usus
1603 2358 1799 2440 inhibeatur,
1830 2357 2067 2444 provideatque
2097 2381 2194 2423 unus·

540 2468 678 2553 quisque
711 2467 948 2552 episcoporum,
980 2488 1021 2529 ne
1051 2467 1085 2529 in
1116 2488 1175 2529 sua
1204 2465 1398 2551 parroechia
1429 2468 1601 2552 quisquam
1630 2464 1916 2552 praesbyteromm
1946 2467 2077 2530 missam
2107 2464 2194 2530 solus

538 2572 726 2637 caelebrare
750 2585 936 2659 praesumat
959 2585 1001 2640 et.
1026 2573 1052 2635 si
1077 2572 1161 2636 hanc
1187 2572 1409 2637 definitionem
1432 2571 1651 2659 superbiendo
1675 2585 1897 2658 transgressus
1913 2572 2020 2654 fuerit,
2037 2573 2194 2637 canonice

539 2682 731 2743 correctioni
756 2678 933 2743 subiaceat.

646 2803 939 2890 CapXLVIIH.
979 2802 1924 2890 Deprcsbyterisduasauteoamplius
1951 2802 2240 2868 basilicasso

538 2908 843 2975 habentibus.
892 2908 1005 2973 Sicut³
1029 2911 1204 2996 unicuique
1230 2911 1355 2974 civitati
1387 2912 1540 2974 convenit
1569 2911 1735 2997 proprium
1764 2909 1887 2975 babere
1917 2911 2117 2997 episcopum,
2149 2912 2195 2974 ita

539 3027 571 3081 et
594 3039 858 3102 unamquamque
876 3014 1045 3079 basilicam
1062 3015 1135 3079 Deo
1153 3016 1293 3081 dicatam
1311 3016 1406 3080 decet
1422 3027 1454 3081 et
1470 3027 1597 3103 oportet
1611 3019 1780 3103 proprium
1796 3016 1918 3082 habere
1934 3015 2193 3104 praesbyterum.

538 3125 687 3188 Avaritia
711 3144 800 3200 sane,
826 3145 909 3207 (puae
934 3122 1165 3187 estidolorum
1189 3123 1339 3200 servitus,
1364 3123 1452 3209 qnod
1474 3147 1539 3186 non
1563 3124 1633 3187 sine
1657 3146 1776 3209 magno
1800 3123 1924 3210 pudore
1956 3124 2193 3210 prosequimur,

444 3215 450 3237 ,
472 3213 479 3226 .

539 3229 697 3316 quosdam
721 3230 842 3292 invasit
872 3228 1103 3315 praesbyteros
1134 3230 1265 3316 suisque
1296 3229 1483 3293 retinaculis
1514 3229 1597 3294 adeo
1628 3231 1734 3294 vinxit
1764 3232 1977 3317 captivosque
2009 3230 2127 3312 effecit,
2159 3243 2195 3294 ut

538 3339 641 3401 instar
671 3359 844 3400 caecorum
876 3337 982 3400 effecti
1014 3337 1171 3418 nesciant,
1205 3360 1268 3423 quo
1300 3349 1384 3416 eant,
1416 3338 1637 3422 nescientque,
1673 3337 1751 3422 quid
1787 3358 1858 3401 esse
1893 3335 1947 3400 vel
1983 3336 2062 3423 quid
2095 3359 2193 3423 agere
2213 3357 2240 3397 ss

539 3442 691 3508 debeant.
738 3443 783 3506 Hi
807 3465 946 3527 namque
971 3441 1102 3527 ignibus
1127 3445 1284 3508 avaritiae
1309 3455 1473 3507 estuantes
1497 3442 1773 3529 sacerdotalisque
1801 3444 1968 3530 dignitatis
1999 3445 2193 3507 inmemores

538 3572 714 3637 curamque
738 3547 958 3630 basilicarum,
983 3550 1016 3613 in
1041 3549 1158 3635 quibus
1182 3550 1321 3635 promoti
1345 3563 1429 3630 sunt,
1454 3561 1695 3636 postponentes,
1728 3549 1812 3614 datis
1841 3548 2037 3636 quibusdam
2068 3550 2193 3614 exeniis

539 3669 594 3721 aut
617 3656 780 3742 pollicitis,
805 3679 869 3719 non
894 3655 996 3720 solum
1021 3679 1040 3720 a
1064 3655 1201 3734 clericis,
1225 3638 1340 3720 verum
1364 3658 1461 3720 etiam
1485 3679 1505 3719 a
1528 3654 1621 3720 laicis
1645 3656 1725 3720 alias
1750 3655 1903 3720 basilicas
1928 3667 2040 3721 contra
2070 3655 2119 3720 fas
2151 3656 2194 3720 ad

539 3762 659 3827 Christi
684 3761 874 3826 famulatum
898 3761 1122 3848 peragendum
1147 3762 1343 3848 suscipiunt3
1368 3775 1476 3827 utrum
1500 3762 1654 3826 consultis
1678 3784 1720 3826 an
1743 3762 1934 3828 inconsultis
1966 3764 2129 3849 episeopis
2160 3762 2193 3827 id

539 3871 661 3934 faciant
685 3892 799 3942 necne,
825 3870 1001 3953 ignoratur.
1050 3868 1085 3933 Si
1110 3867 1264 3932 consultis
1288 3869 1322 3933 id
1346 3869 1480 3950 faciunt,
1505 3892 1617 3932 eorum
1647 3871 1898 3954 transgressioni
1929 3869 2016 3934 idem
2048 3871 2193 3956 episcopi
2213 3895 2240 3935 so

538 3976 651 4063 procul
676 3975 775 4039 dubio
800 3975 1058 4054 comninnicant3
1083 3977 1109 4038 si
1134 3997 1212 4040 vero
1238 3976 1284 4039 eis
1308 3975 1498 4039 inconsultis
1529 3975 1563 4039 id
1593 3975 1702 4039 facere
1733 3987 1954 4062 praesumunt,
1984 3976 2192 4040 nihilominus

540 4084 766 4169 episcoporum
791 4080 1018 4166 neglegentiae
1042 4081 1076 4145 id
1100 4080 1353 4146 adscribendum
1377 4095 1434 4146 est.
1471 4082 1539 4145 Vix
1563 4082 1649 4146 enim
1674 4083 1835 4168 quispiam
1851 4081 2135 4169 praesbyteratum
2159 4084 2193 4146 in

538 4187 686 4268 basilica,
710 4190 743 4251 in
768 4211 832 4274 qua
856 4188 987 4251 (livinae
1012 4190 1159 4253 servituti
1183 4190 1387 4275 mancipatus
1405 4201 1463 4270 est,
1481 4188 1578 4274 digne
1595 4201 1692 4275 atque
1710 4200 1840 4253 strenue
1857 4188 1995 4254 militare
2012 4191 2191 4253 invenitur:

539 4309 661 4381 quanto
685 4296 791 4358 minus
814 4294 848 4358 id
871 4296 904 4357 in
929 4292 1055 4358 duabus
1079 4304 1134 4358 aut
1158 4294 1261 4358 tribus
1285 4307 1341 4360 aut
1364 4318 1402 4359 eo
1426 4295 1565 4382 amplius
1589 4294 1733 4359 basilicis
1757 4295 1855 4381 digne
1879 4297 2000 4382 exequi
2016 4296 2113 4360 valet.
2149 4296 2188 4359 In

539 4424 603 4487 quo
627 4403 712 4465 facto
738 4413 769 4464 et
793 4400 906 4486 religio
924 4399 1110 4464 Christiana
1133 4401 1280 4465 fuscatur
1304 4413 1336 4466 et
1359 4401 1570 4466 sacerdotalis
1595 4402 1673 4466 ordo
1698 4401 1916 4484 confunditur,
1941 4404 2038 4467 immo
2055 4404 2193 4467 avaritia
2212 4427 2238 4468 ss

538 4508 744 4572 sacerdotum
768 4531 786 4570 a
810 4506 946 4571 subditis
972 4506 1144 4570 denotatur
1167 4505 1303 4593 locaque
1327 4508 1400 4572 Deo
1425 4508 1534 4572 dicata
1558 4507 1646 4573 cultu
1669 4507 1731 4572 sibi
1756 4507 1866 4573 debito
1890 4511 2062 4595 privantur
2085 4522 2127 4587 et,
2159 4520 2193 4574 ut

538 4617 571 4679 in
596 4613 817 4701 superioribus
841 4611 991 4698 capitulis
1016 4614 1080 4676 iam
1107 4612 1229 4677 dictum
1261 4621 1341 4694 est⁴,
1373 4617 1554 4680 animarum
1585 4614 1731 4701 pericula
1760 4627 1969 4701 generantur.
2025 4616 2121 4697 Quod
2151 4640 2192 4680 ne

538 4721 672 4785 ulterius
696 4722 917 4806 unusquisque
942 4721 1169 4806 episcoporum
1194 4721 1227 4783 in
1257 4720 1449 4806 parroechia
1480 4743 1539 4784 sua
1573 4722 1644 4784 fieri
1679 4723 1773 4802 sinat,
1810 4745 1922 4787 omnes
1957 4724 1991 4787 in
2023 4746 2191 4788 commune

539 4830 719 4908 statuimus,
745 4827 969 4902 decernentes,
993 4836 1028 4889 ut
1052 4825 1199 4912 singulae
1224 4825 1391 4908 basilicae,
1416 4826 1530 4913 plebes
1554 4839 1586 4892 et
1616 4851 1678 4908 res,
1706 4827 1824 4915 quibus
1849 4831 2027 4894 consistere
2058 4831 2190 4918 possint,

645 5064 772 5113 XLVIII.
802 5061 979 5113 'isollemnia
1002 5059 1029 5111 P.
1086 5062 1286 5112 Scantradicit
1305 5063 1332 5113 1⁷.
1390 5065 1422 5113 10
1442 5063 1713 5114 convenientibusP.
1770 5067 1801 5116 12
1820 5064 1866 5117 ille
1884 5065 1957 5116 ΕΡ.
2014 5068 2046 5117 14
2066 5065 2147 5116 nullis
2164 5066 2191 5116 1'.
2210 5076 2239 5115 to

539 5155 709 5220 consuetudo
729 5153 757 5202 V.
831 5155 863 5202 15
883 5146 1021 5216 inrogare]
1042 5153 1209 5212 interrogare
1230 5150 1258 5202 V.
1333 5154 1365 5202 19
1385 5153 1555 5203 correctione
1575 5148 1606 5203 P.

645 5240 984 5308 xnt'1111.23san51'.
1059 5243 1092 5290 24
1113 5241 1196 5290 efficit
1216 5240 1243 5290 l'.
1317 5243 1350 5290 32
1371 5239 1546 5307 neglegentia
1565 5242 1592 5292 Γ.
1613 5242 1643 5292 Ρ.
1717 5245 1750 5294 31
1771 5246 1883 5309 exsequi
1903 5244 1934 5295 P.

650 5459 677 5528 l)
703 5457 751 5529 Cf.
777 5457 877 5514 relulio
900 5457 1091 5532 episcoporum
1116 5477 1139 5513 c.
1156 5461 1214 5524 ill,-
1238 5459 1256 5512 I.
1274 5458 1291 5512 l.
1317 5457 1357 5526 II,
1374 5460 1422 5516 41.
1515 5457 1546 5524 2)
1572 5457 1620 5529 Cf.
1647 5459 1743 5516 concil.
1770 5459 1986 5536 alioquatiuease
2009 5464 2070 5521 813
2093 5481 2116 5519 c.
2133 5465 2192 5531 43,-

538 5585 627 5641 sapru
648 5585 679 5640 p.
697 5568 767 5624 271.
813 5564 844 5620 V.
869 5565 950 5620 etiam
981 5562 1142 5635 ll'alafridi
1171 5563 1289 5620 libellum
1320 5565 1354 5620 de
1384 5564 1509 5621 exordiis
1539 5573 1564 5620 et
1594 5565 1771 5623 incrementis
1801 5587 1858 5624 rer.
1883 5569 1947 5624 eccl.
1979 5588 2001 5624 c.
2026 5572 2068 5628 23
2074 5590 2085 5638 ;
2118 5565 2191 5626 MG.

541 5671 633 5746 Capit.
659 5672 698 5740 II,
715 5677 785 5728 503.
823 5671 933 5727 Siruilr'u
950 5669 1077 5725 caricludi
1087 5679 1207 5744 possitnt
1222 5690 1259 5726 cae
1274 5670 1432 5740 Aaralurio,
1456 5670 1503 5726 Dc
1526 5672 1717 5729 ecclesiasticis
1740 5672 1846 5752 efficiis
1869 5674 1923 5730 III
1941 5679 2002 5734 c.5
2026 5685 2052 5733 et
2067 5675 2193 5752 Eclopac
2210 5696 2238 5736 to

540 5779 574 5834 de
596 5777 695 5855 officio
718 5777 833 5844 arissam
852 5776 958 5852 ellipse,
984 5776 1093 5832 Patrol.
1111 5776 1159 5832 lut.
1180 5773 1241 5845 CV,
1259 5779 1338 5835 1103
1349 5795 1409 5852 sqq.
1428 5780 1508 5836 1325
1520 5798 1562 5853 sq.
1634 5779 1664 5838 3)
1691 5779 1740 5851 Cf.
1758 5780 1858 5838 rclatio
1878 5781 2069 5857 episcoporum
2093 5802 2117 5839 c.
2134 5785 2191 5850 11ς

539 5886 558 5940 I.
583 5886 601 5940 l.
626 5884 665 5952 II,
683 5887 731 5942 11.
825 5883 855 5951 4)
882 5881 930 5953 (J.
954 5903 1044 5956 supra
1069 5902 1092 5938 c.
1113 5885 1167 5950 13;
1187 5902 1220 5956 p.
1243 5885 1301 5942 619
1316 5903 1378 5959 sqq.
