4884 6717
518 508 584 572 700
698 514 750 571 55.
786 512 1005 576 cenoman
1028 515 1083 570 AD
1107 512 1510 572 nuncnunc-vunan
1535 512 1838 572 CONGREGATUM
1861 515 1899 572 A.
1919 508 1995 571 835.

517 702 634 768 futuris
658 701 915 767 conservandam
938 702 1058 766 Ionas¹
1082 702 1256 788 episcopus
1275 699 1392 766 Heliae
1416 701 1543 765 notario
1554 705 1576 782 ²,
1601 701 1657 788 qui
1681 699 1825 765 libellum
1840 700 1966 766 Ebonis
1989 703 2173 789 scripserat,

518 809 571 875 eui
594 807 680 874 idem
706 808 778 873 Ebc
808 808 1010 895 subscripsit,
1042 807 1221 873 secundnm
1245 807 1384 872 LVIIII.
1411 806 1610 893 capitulum³
1633 818 1666 872 et
1691 808 1770 872 item
1794 806 1972 873 secundum
1996 809 2173 895 capitulum

516 915 693 980 LXXIIII.
718 915 848 980 concilii
864 915 1046 979 Affricani⁴
1068 936 1128 1001 pro
1152 914 1302 979 omnibus
1326 914 1471 994 dictavit,
1496 924 1529 978 et
1551 913 1639 979 idem
1654 914 1769 979 Hebes
1793 914 1885 997 baec,
1910 936 1993 1001 quae
2010 926 2173 999 secuntur,

518 1022 728 1108 conscripsit:
765 1021 850 1086 Acta
885 1031 933 1086 est
965 1021 1047 1086 haec
1079 1020 1205 1085 Ebonis
1238 1020 1397 1107 professio
1431 1020 1565 1106 eiusque
1597 1022 1750 1107 propriae
1785 1043 1901 1085 suanus
1935 1020 2173 1109 subscriptione

517 1127 671 1194 roborata
695 1130 728 1192 in
753 1139 916 1193 conventu
940 1127 1079 1193 sinodali
1103 1127 1300 1214 generaliter
1322 1125 1433 1191 habito
1456 1126 1545 1213 apud
1566 1126 1893 1193 Theodonis·villam
1916 1150 2001 1192 anno
2025 1130 2173 1194 incarna-
2192 1151 2206 1191 s

517 1236 614 1301 tionis
639 1235 761 1300 domini
785 1236 887 1299 nostri
910 1235 986 1299 Iesu
1010 1233 1131 1299 Christi
1155 1232 1434 1314 DCOOXXXV,
1465 1256 1550 1297 anno
1581 1235 1682 1299 etiam
1712 1235 1842 1321 imperii
1865 1233 1998 1320 gloriosi
2021 1233 2173 1300 Caesaris

517 1340 688 1406 Ludowici
718 1341 859 1405 XXIII'.
912 1341 997 1406 Item
1033 1351 1107 1427 post
1143 1340 1326 1427 aliquanta:
1364 1337 1537 1404 ‘Libellum
1574 1340 1637 1405 sibi
1666 1339 1708 1405 ab
1739 1339 1855 1406 Ebone
1886 1353 2071 1428 porrectum
2101 1353 2174 1429 post

518 1447 783 1535 dampnationem
807 1443 877 1512 eius
901 1446 1033 1512 sinodus
1049 1447 1186 1512 Falconi
1210 1445 1402 1533 presbitero,
1427 1447 1483 1533 qui
1507 1445 1614 1511 eidem
1636 1446 1745 1523 Eboni
1768 1448 1803 1512 in
1826 1449 1985 1535 episcopii
2002 1449 2173 1514 Remensis

518 1555 725 1642 susceptione
749 1565 952 1619 successerat
963 1559 984 1637 ⁵,
1010 1577 1084 1619 cum
1108 1553 1248 1619 sinodali
1270 1554 1391 1619 noticia
1415 1551 1514 1633 dedit,
1539 1554 1659 1639 quique
1683 1555 1717 1617 in
1741 1554 1860 1620 scrinio
1876 1554 2046 1620 Remensis
2070 1555 2173 1621 eccle·

518 1663 586 1726 siae
611 1672 834 1742 conservatur,
859 1663 952 1725 cuius
976 1660 1145 1748 exemplar
1168 1670 1301 1725 sanctae
1326 1659 1502 1724 memoriae
1526 1681 1632 1746 papae
1655 1660 1782 1725 Leoni6
1805 1660 1964 1726 directum
1988 1661 2171 1728 didicimus’
2192 1686 2219 1725 ro

518 1779 551 1833 et
574 1778 693 1833 cetera.

625 1875 770 1940 Karalus
793 1876 928 1961 deniqne
950 1900 1008 1940 ⁴raa
1022 1900 1104 1940 aneto
1121 1883 1199 1942 067.
1216 1875 1263 1940 ad
1276 1872 1491 1939 NicoianmI.
1510 1897 1635 1962 papam
1658 1876 1704 1939 ita
1725 1877 1838 1940 scribit
1860 1875 1988 1955 (Menai
2000 1875 2077 1956 XV,
2096 1885 2172 1956 796,

518 1997 657 2069 respecta
688 1983 816 2046 lectione
847 1983 967 2046 codicis
990 1981 1215 2046 Laadunensis
1239 1988 1308 2049 407
1330 2005 1355 2045 s.
1375 1979 1436 2044 IX.
1451 2005 1497 2044 ea.
1515 1981 1783 2068 fol.178sqq.):
1813 1981 1922 2066 atho)
1952 1981 2063 2046 Mettis
2093 1983 2171 2048 civi·

518 2097 617 2153 tatem
642 2098 690 2151 est
713 2086 839 2166 ductus,
863 2086 919 2152 ubi
943 2089 976 2152 in
1001 2087 1141 2151 ecclesia
1163 2087 1269 2151 sancti
1286 2086 1444 2173 Stephani
1461 2085 1634 2151 ambonem
1650 2109 1760 2152 coram
1776 2086 1925 2152 omnibus
1948 2087 2172 2153 conscendens

517 2194 684 2281 professus
708 2205 845 2258 estnon
869 2216 988 2279 equum
1012 2195 1046 2258 in
1069 2193 1246 2280 gloriosum
1269 2194 1500 2279 imperatorem
1523 2192 1689 2257 dominum
1713 2189 1807 2258 suum
1829 2194 1976 2259 intulisse
2003 2194 2170 2259 iudicium.
2191 2224 2217 2264 rs

517 2300 570 2366 Ibi
594 2301 692 2365 etiam
714 2300 802 2365 idem
825 2301 990 2388 piissimus
1013 2302 1190 2388 imperator
1213 2300 1256 2365 ab
1281 2299 1430 2365 omnibus
1454 2301 1628 2387 episcopis,
1653 2299 1739 2364 clero
1764 2311 1797 2365 et
1818 2300 1940 2388 populo
1963 2312 2013 2366 est
2036 2301 2172 2367 honora-

518 2406 628 2471 biliter
651 2419 822 2472 coronatus
847 2418 879 2472 et
903 2409 1039 2494 pristino
1063 2409 1230 2473 restitutus
1253 2409 1401 2494 imperia.
1436 2406 1524 2471 Hinc
1548 2408 1667 2472 iterum
1688 2407 1809 2494 placito
1832 2407 1977 2493 generali
1994 2419 2171 2473 convocato

518 2514 702 2601 praefatum
717 2513 866 2578 Ebonem
885 2513 947 2578 sibi
964 2515 1057 2578 iussit
1078 2512 1228 2578 exhiberi
1242 2524 1277 2578 et
1293 2536 1367 2578 eum
1391 2536 1449 2600 pro
1473 2512 1576 2578 inlata
1597 2514 1788 2579 iniuriarum
1812 2514 2009 2579 contumelia
2031 2537 2071 2579 ac
2093 2537 2171 2579 non-

519 2620 616 2685 nullis
641 2621 803 2707 episcopis
827 2619 1053 2706 praesentibus
1066 2625 1086 2702 7,
1112 2621 1258 2707 episcopi
1278 2619 1449 2706 siquidem,
1473 2620 1661 2706 imperatori
1685 2620 1873 2685 satisfacere
1897 2632 1930 2686 et
1952 2620 2172 2708 pontificalem

518 2728 735 2791 reverentiam
760 2749 890 2791 servare
915 2728 1094 2814 cupientes,
1123 2725 1333 2791 obtinuerunt
1356 2726 1444 2814 apud
1476 2726 1616 2791 eundem
1646 2727 1884 2813 imperatorem,
1915 2738 1950 2792 ut
1973 2750 2038 2793 non
2061 2751 2172 2793 coram
2189 2757 2217 2797 so

517 2832 620 2914 laicis,
652 2832 710 2897 sed
740 2837 774 2897 in
804 2834 946 2899 sacrario
977 2835 1079 2920 ipsius
1102 2833 1228 2899 Ebonis
1258 2856 1358 2898 causa
1380 2833 1616 2920 disponeretur.
1663 2833 1735 2899 Ebc
1759 2845 1868 2900 autern
1891 2835 1978 2900 omni
2002 2835 2170 2921 temporali

517 2939 663 3026 privatus
699 2938 844 3004 subsidio
880 2942 1033 3027 omnique
1069 2940 1209 3005 hnmano
1245 2940 1418 3005 destitutus
1453 2940 1584 3022 solacio,
1619 2942 1758 3027 tempori
1793 2940 1977 3024 consulens,
2012 2943 2170 3006 accersito

517 3046 657 3133 quodam
682 3046 808 3111 recluso
831 3049 962 3111 nomine
986 3047 1225 3133 Fremegaudo,
1254 3049 1342 3112 misit
1364 3041 1424 3134 per
1447 3070 1521 3112 eum
1544 3048 1702 3133 genetrici
1726 3058 1856 3112 nostrae
1879 3048 1989 3113 Iudith
2012 3048 2171 3134 gloriosae

517 3154 718 3239 imperatrici
733 3153 876 3234 anulum,
901 3175 999 3239 quem
1015 3152 1057 3218 ab
1075 3176 1114 3218 ea
1130 3153 1296 3241 quondam
1312 3165 1496 3241 acceperat,
1521 3176 1618 3241 quem
1634 3155 1743 3235 etiam,
1769 3156 2037 3242 quotiescumque
2061 3153 2171 3241 aliquo

517 3259 721 3346 tangebatur,
753 3261 880 3324 mittere
913 3258 1048 3340 solebat,
1080 3271 1113 3325 et
1143 3271 1179 3324 nt
1210 3262 1260 3324 sui
1290 3261 1500 3326 misereretur
1521 3259 1674 3326 flebiliter
1696 3262 1871 3348 peroravit.
1917 3261 2070 3326 Eundem
2092 3284 2171 3326 vero
2190 3287 2217 3329 as

517 3365 650 3432 anulum
674 3367 824 3451 genetrix
847 3377 959 3432 nostra
980 3368 1108 3455 inipso
1138 3380 1270 3432 nostrae
1300 3368 1480 3432 nativitatis
1511 3367 1657 3449 articulo,
1688 3368 1766 3454 quia
1796 3368 2061 3455 archiepiscopus
2092 3379 2171 3449 erat,

517 3494 576 3560 pro
601 3495 660 3537 sua
682 3472 839 3558 religione
864 3484 897 3538 et
920 3474 1104 3555 sanctitate,
1134 3485 1171 3539 ut
1200 3474 1304 3538 nostri
1333 3474 1453 3559 iugiter
1483 3476 1517 3538 in
1547 3475 1613 3538 suis
1644 3472 1844 3539 orationibus
1867 3485 2109 3557 memorasset,
2141 3476 2172 3542 ei

517 3580 660 3643 miserat.
707 3579 800 3644 Tunc
824 3581 906 3666 ipsa,
937 3579 1051 3644 horum
1075 3581 1288 3645 reminiscens
1319 3581 1454 3666 eiusque
1483 3579 1697 3645 lacrimabilis
1726 3581 1865 3667 suspiria
1895 3603 2086 3666 agnoscens,
2116 3583 2171 3668 pio

517 3708 616 3750 suasu
639 3685 726 3773 apud
750 3688 931 3772 episcopos,
956 3688 1012 3771 qui
1035 3686 1111 3751 illuc
1135 3697 1366 3769 convenerant,
1391 3686 1539 3751 obtinere
1563 3688 1699 3769 curavit,
1729 3697 1888 3774 quatenus
1912 3699 1945 3752 et
1967 3689 2171 3774 imperatoris

517 3793 660 3857 animum
686 3792 916 3857 satisfaciendo
940 3792 1079 3857 lenirent
1103 3804 1135 3858 et
1157 3793 1247 3880 leges
1271 3793 1399 3858 divinas
1423 3793 1694 3880 transgrediendo
1724 3816 1791 3864 non
1814 3793 1985 3876 violarent,
2016 3817 2057 3859 ne
2088 3795 2170 3859 forte
2190 3822 2218 3862 so

517 3898 696 3962 vindictam
721 3900 903 3963 severitatis
927 3911 1119 3964 exercentes
1143 3901 1177 3964 in
1200 3923 1285 3981 eum,
1310 3901 1423 3986 quiin
1447 3923 1502 3965 eos
1527 3899 1720 3986 deliquerat,
1743 3922 1810 3965 non
1833 3899 2022 3966 viderentur
2038 3901 2172 3988 dignam

517 4004 591 4068 Deo
626 4003 763 4069 reddere
798 4005 1066 4086 vicissitudinem,
1103 4007 1159 4093 qui
1193 4029 1250 4071 eos
1280 4029 1300 4070 a
1330 4017 1418 4071 tanto
1450 4005 1596 4093 periculo
1631 4006 1836 4072 liberaverat.
1890 4006 2055 4073 Statuerat
2085 4009 2171 4073 enim

517 4113 636 4193 animo,
660 4123 696 4175 ut
718 4134 776 4198 pro
801 4113 985 4176 reverentia
1008 4114 1089 4177 tanti
1112 4113 1284 4177 ministerii
1306 4113 1491 4178 nullatenus
1514 4113 1548 4177 in
1565 4113 1800 4200 depositionem
1817 4114 2008 4200 cuiusquam
2024 4116 2171 4202 episcopi

517 4215 690 4304 praeberet
713 4217 897 4283 adsensum.
944 4218 988 4283 Et
1011 4217 1053 4283 ob
1077 4219 1138 4284 boc
1162 4219 1252 4306 apud
1274 4220 1364 4306 pium
1387 4220 1617 4306 imperatorem
1640 4220 1789 4302 obtinuit,
1821 4243 1862 4285 ne
1892 4223 1926 4285 in
1950 4223 2020 4286 eius
2044 4221 2170 4308 deposi-

518 4325 638 4388 tionem
673 4323 812 4411 amplins
847 4324 1045 4412 impelleret,
1082 4325 1169 4411 quod
1205 4338 1238 4390 et
1272 4325 1451 4390 secundum
1486 4325 1780 4392 moderatissimum
1816 4326 1960 4392 eiusdem
1996 4329 2171 4413 genetricis
2189 4354 2217 4394 ss

518 4442 647 4495 nostrae
671 4429 831 4516 gloriosae
856 4432 1070 4517 imperatricis
1095 4431 1265 4496 consilium
1290 4431 1515 4496 satisfacerent
1538 4434 1683 4519 piissimo
1706 4434 1896 4520 imperatori
1919 4445 1952 4498 et
1973 4435 2008 4498 in
2031 4434 2170 4500 eundem

517 4536 666 4602 Ebonem
688 4559 752 4601 non
772 4536 868 4601 aliam
890 4540 1084 4602 sententiam
1107 4537 1301 4621 intulissent,
1325 4540 1387 4602 nisi
1412 4561 1509 4625 quam
1525 4540 1596 4626 ipse
1613 4540 1733 4626 scripto
1750 4539 1906 4604 ediderat.
1941 4541 2038 4605 Hanc
2061 4552 2170 4606 autern

517 4643 736 4708 authenticam
761 4644 969 4730 scriptionem
994 4668 1014 4709 a
1036 4644 1183 4731 praefato
1206 4645 1351 4709 Falcone
1382 4644 1562 4710 venerabili
1593 4644 1723 4728 abbate,
1755 4649 1807 4711 cui
1838 4658 1914 4713 tunc
1945 4647 2085 4713 ecclesia
2107 4648 2170 4712 Re-

516 4752 636 4813 mensis
660 4753 832 4814 commisss
855 4750 992 4832 fuerat⁵,
1016 4751 1213 4816 Hincmarus
1236 4751 1434 4817 venerabilis
1465 4752 1731 4840 archiepiscopus
1761 4755 1889 4840 accepit
1912 4765 1945 4818 et
1968 4754 2061 4819 vobis
2086 4777 2169 4836 eam,

517 4867 553 4919 ut
576 4857 645 4942 ipse
669 4856 764 4920 nobis
788 4856 907 4938 retulit,
932 4858 1126 4940 transmisit;
1151 4858 1209 4922 sed
1234 4869 1341 4923 utrum
1364 4882 1444 4945 pure
1469 4883 1508 4924 ac
1532 4860 1722 4947 simpliciter
1746 4860 1839 4925 vobis
1864 4862 1905 4925 sit
1921 4861 2054 4943 directa,
2078 4864 2169 4948 igno·
2187 4887 2216 4926 so

514 4984 640 5044 ramus3
672 4962 733 5027 hoc
763 4974 873 5027 tamen
902 4964 1071 5028 verissime
1102 4966 1264 5046 novimus,
1295 4964 1382 5051 quod
1411 4965 1518 5030 nullus
1549 4967 1775 5052 episcoporum
1807 4989 1878 5031 eam
1909 4968 2042 5054 propria
2070 4990 2169 5032 manu

624 5213 653 5295 1)
677 5219 899 5276 Aurelianensis.
1015 5210 1045 5296 2)
1083 5220 1150 5275 Tam
1176 5219 1352 5295 presbytero,
1378 5230 1481 5297 postea
1511 5223 1640 5298 episcopo
1665 5221 1850 5293 Ouanotaui5
1886 5224 1927 5295 cs.
1953 5224 2074 5294 Simeon,
2105 5227 2125 5282 l.
2148 5228 2167 5282 1.

514 5327 554 5396 ΙΙ,
571 5331 639 5386 135.
734 5325 764 5400 3)
791 5324 839 5396 Cf.
865 5326 964 5383 canai.
991 5324 1227 5402 Carthaginiense
1249 5330 1311 5386 403
1334 5321 1382 5403 (in
1405 5328 1499 5386 codice
1522 5348 1660 5386 maenum
1685 5329 1817 5387 eedesiae
1840 5329 2003 5401 Africanae
2026 5352 2050 5388 c.
2068 5335 2109 5392 92
2125 5355 2166 5380 =

513 5435 595 5509 apud
616 5432 782 5506 Dionysiam
802 5432 945 5509 Enipeum
969 5432 1067 5490 canni.
1085 5433 1259 5503 Africanam
1283 5455 1306 5490 c.
1323 5431 1398 5510 59);
1424 5435 1524 5492 Menai
1545 5435 1733 5512 111,791sq.
1803 5427 1835 5512 4)
1861 5435 1910 5509 Os.
1928 5438 2025 5495 concil.
2045 5435 2167 5497 Cartba-

511 5540 638 5617 piniense
660 5543 723 5598 407
746 5533 792 5612 (in
817 5538 910 5596 codice
934 5559 1072 5595 maenum
1096 5538 1230 5596 ecclesiae
1251 5539 1416 5612 Africanae
1438 5545 1597 5602 c.107=
1614 5543 1695 5617 apud
1715 5541 1884 5616 Dionysum
1901 5543 2044 5620 Ετίφιιιηῑ
2069 5545 2167 5603 concil.
2185 5561 2214 5602 aa

514 5646 686 5718 Africanam
711 5665 734 5702 c.
753 5648 810 5714 aa·
842 5645 942 5702 arana
964 5643 1020 5714 III,
1038 5649 1115 5704 810.-
1148 5686 1155 5700 .
1181 5686 1188 5700 .
1215 5687 1222 5701 .
1246 5646 1365 5717 placuit,
1395 5657 1428 5703 ut
1457 5650 1512 5705 sibi
1541 5667 1613 5704 unas
1637 5651 1786 5722 episcopus
1811 5651 1944 5706 vendicet
1967 5653 2166 5724 cognitionem.

515 5747 546 5830 5)
572 5752 620 5825 Cf.
644 5753 684 5809 H.
703 5751 835 5822 Schro'rs,
860 5750 1016 5807 ‘Hinlvnar
1035 5751 1214 5824 Erebiscitos
1231 5772 1284 5809 vore
1307 5753 1418 5811 Rcisns'
1442 5749 1570 5832 (1884),
1588 5775 1622 5831 p.
1640 5759 1681 5815 35
1695 5775 1737 5831 sq.
1814 5747 1845 5834 6)
1861 5755 1916 5813 IV.
1942 5751 2166 5834 (sav—855).

516 5857 546 5934 i)
571 5861 688 5916 Sensum
713 5859 794 5914 hiare
818 5858 998 5929 saanssesatm
1023 5865 1071 5914 est.
