4884 6717
475 495 688 552 APPENDIX.
738 496 789 551 ll.
820 496 1040 554 conclamat
1062 496 1361 554 AUDOMARENSE
1385 498 1560 555 SPURIUM
1582 500 1619 554 Α.
1637 497 1712 556 839.
1856 490 1921 556 859

378 687 425 782 ln
448 718 580 783 nomine
603 719 706 805 patris
730 729 763 783 et
784 716 844 783 filii
868 729 900 784 et
916 718 1057 806 Spiritus
1080 721 1195 785 sancti.
1231 719 1303 806 Ego
1320 718 1500 806 Folquinus
1519 719 1585 784 Dei
1601 720 1706 806 gretia
1721 720 1921 785 Morinorum

269 827 443 913 episcopus
467 823 616 891 omnibus
638 824 790 890 fidelibus
814 837 880 891 tam
904 826 1020 890 futuris
1044 849 1143 914 quam
1166 824 1382 913 presentibus.

378 940 520 1013 Quicquid
543 942 579 997 ob
602 960 725 998 amorem
747 942 804 998 Dei
829 944 978 1014 exigentes
1000 943 1043 998 rei
1065 943 1271 1000 veritatem
1299 944 1449 1000 memoriae
1478 943 1637 999 futurorum
1660 945 1833 999 noscendum
1856 944 1922 1000 reli·

270 1050 423 1121 querimus,
447 1048 531 1104 valde
554 1049 583 1103 id
607 1049 752 1105 animabus
782 1050 886 1105 nostris
916 1050 1094 1122 profuturum
1117 1067 1274 1121 speramns,
1306 1052 1373 1105 dum
1400 1057 1431 1105 et
1453 1068 1522 1106 vera
1544 1050 1745 1106 innotescimus
1769 1058 1800 1106 et
1822 1050 1925 1106 falsata

235 1155 466 1227 sdampnamus.
512 1155 614 1211 Melius
646 1163 690 1212 est
722 1156 796 1211 euim
819 1157 907 1229 ipsam
937 1158 1088 1213 veritatem
1112 1159 1148 1213 ad
1171 1158 1286 1213 laudem
1308 1158 1366 1213 Dei
1389 1157 1568 1213 manifestare
1593 1175 1676 1228 quam
1698 1175 1750 1229 pro
1772 1157 1851 1212 lucro
1874 1164 1924 1212 aut

270 1263 384 1335 negotio
407 1269 523 1318 terreno
547 1281 610 1320 eam
633 1262 738 1330 celare,
768 1280 805 1319 ue
836 1263 945 1320 scilicet
974 1264 1057 1320 homo
1086 1270 1223 1336 peccator
1252 1264 1388 1320 offensam
1410 1264 1466 1320 Dei
1498 1270 1529 1319 et
1551 1271 1713 1320 sanctorum
1736 1266 1797 1319 eius
1820 1265 1848 1320 iu
1871 1264 1924 1320 hoc

269 1370 403 1425 rideatur
425 1368 580 1426 incurrere.

377 1475 470 1548 Igitur
493 1494 546 1548 ego
569 1465 750 1553 Folquinus
775 1467 948 1554 episcopus
972 1468 1180 1553 suggestione
1196 1467 1348 1555 Hugonis
1364 1466 1493 1532 abbatis
1509 1476 1660 1533 sithiensis
1683 1478 1823 1546 coenobii,
1847 1479 1925 1550 quod

271 1590 317 1639 est
340 1590 533 1638 constructum
555 1583 585 1637 in
608 1583 699 1638 insula
722 1582 815 1638 Sithiu
837 1583 866 1638 in
889 1584 995 1651 bonore
1019 1573 1108 1639 beati
1123 1585 1202 1641 Petri
1218 1584 1353 1656 principis
1376 1585 1575 1656 apostolorum,
1599 1584 1649 1639 nbi
1671 1585 1775 1640 beatus
1790 1583 1925 1640 Bortinus

228 1708 388 1762 incorpore
412 1688 544 1761 quiescit,
574 1689 758 1761 perpendens
787 1690 951 1745 iniustitiam
973 1689 1184 1756 lacrimabilem,
1209 1708 1293 1762 quam
1317 1692 1490 1763 Fridogisus,
1520 1691 1708 1762 predecessor
1738 1704 1838 1769 supra
1860 1704 1925 1746 me·

271 1787 389 1851 morati
412 1784 552 1868 abbatie,
584 1796 677 1852 cidem
708 1803 806 1852 sancto
829 1801 890 1852 loco
914 1797 1059 1865 intulerat,
1091 1803 1152 1853 tota
1181 1798 1341 1854 intentione
1366 1799 1525 1871 excogitare
1549 1799 1624 1870 cepi,
1656 1798 1781 1870 qualiter
1804 1799 1926 1854 eundem

272 1904 365 1959 locum
394 1904 431 1958 ad
460 1901 608 1975 pristinum
639 1902 773 1958 honorem
803 1902 929 1959 valerem
958 1905 1107 1960 reducere.
1156 1902 1294 1960 Omnibus
1318 1913 1397 1961 certe
1421 1912 1519 1959 notum
1546 1913 1592 1961 est
1621 1903 1765 1973 fidelibus,
1795 1905 1926 1977 qnoniam

272 2010 364 2066 sancti
387 2008 564 2066 confessores
588 2007 704 2077 Christi,
727 2010 904 2066 Andomarus
928 2018 1015 2082 atque
1040 2011 1185 2079 Bertinus,
1215 2013 1282 2066 dum
1311 2012 1403 2067 adhuc
1426 2012 1455 2067 in
1478 2029 1595 2084 corpore
1620 2017 1728 2079 essent,
1759 2013 1927 2068 cimiterium

272 2119 302 2173 in
325 2118 393 2172 villa
415 2116 506 2173 Sithiu
528 2118 557 2173 in
587 2117 724 2189 superiori
753 2118 816 2174 loco
844 2119 882 2173 ad
911 2117 1078 2173 tumulanda
1107 2136 1158 2173 sua
1182 2124 1212 2174 et
1236 2118 1433 2174 monachorum
1456 2136 1575 2190 corpora
1596 2119 1734 2174 communi
1757 2135 1845 2191 opere
1868 2118 1925 2175 ie·

230 2231 421 2292 recerunt,
446 2224 474 2278 in
498 2224 578 2279 euius
600 2224 695 2280 medio
717 2224 861 2280 basilicam
885 2225 1042 2281 inhonore
1067 2231 1184 2280 sanctae
1208 2225 1316 2281 Mariae
1341 2232 1567 2292 construxerant,
1599 2243 1682 2296 quam
1712 2226 1797 2282 etiam
1825 2227 1927 2282 beatus

272 2332 451 2387 audomarus
482 2337 580 2387 sancto
609 2329 729 2387 Bertino
758 2332 872 2403 suisque
903 2333 1113 2388 successoribus
1145 2333 1252 2387 donans
1282 2350 1335 2402 per
1366 2332 1544 2403 privilegium
1576 2333 1718 2403 quoddam
1742 2329 1927 2406 episcopale¹

272 2438 489 2494 confirmaverat
512 2444 543 2495 et
566 2455 647 2492 suum
669 2438 745 2493 inter
769 2456 817 2494 eos
840 2443 1037 2510 corpusculum
1060 2439 1176 2511 sepeliri
1199 2439 1228 2494 in
1253 2439 1354 2494 eodem
1377 2438 1525 2510 privilegio
1548 2445 1708 2510 rogaverat.
1745 2438 1836 2503 Quam
1859 2459 1926 2513 pre·

273 2546 367 2602 dictus
389 2545 465 2600 abba
487 2545 710 2616 Fridogisns
733 2563 789 2601 nou
813 2545 901 2600 solum
924 2554 1021 2601 sancto
1043 2544 1163 2601 Bertino
1186 2545 1263 2612 tulit,
1294 2546 1345 2601 sed
1377 2546 1473 2611 etiam,
1505 2546 1581 2616 quod
1611 2545 1691 2600 dictu
1713 2545 1846 2603 horribile
1871 2555 1926 2616 est,

272 2652 422 2708 monachos
447 2651 506 2708 eius
521 2652 586 2707 Deo
608 2651 731 2709 honeste
754 2653 861 2708 ibidem
884 2653 1042 2709 servientes
1066 2671 1128 2708 cum
1152 2670 1254 2725 magno
1277 2653 1420 2708 dedecore
1445 2652 1555 2723 expulit
1577 2652 1783 2725 canonicosque
1806 2654 1845 2709 ibi
1868 2662 1925 2710 sta·

228 2776 254 2815 ae
272 2760 336 2822 tuit,
367 2759 434 2813 dum
457 2759 566 2814 scilicet
589 2775 607 2814 a
628 2759 804 2831 temporibus
828 2767 989 2816 sanctorum
1011 2759 1165 2815 Andomari
1188 2766 1276 2831 atque
1301 2759 1411 2815 Bertini
1434 2758 1534 2831 religio
1556 2759 1720 2815 monachica
1741 2760 1847 2816 ibidem
1863 2762 1927 2819 Deo

271 2865 409 2922 famulans
436 2865 646 2938 religiosissime
674 2865 801 2922 floreret.
849 2865 974 2930 Quorum
1003 2867 1168 2923 lacrimosae
1199 2866 1356 2922 iniustitiae
1386 2864 1638 2937 reclamationique
1668 2866 1829 2923 incessabili
1859 2887 1926 2924 cou-

271 2972 385 3045 pstieus
409 2974 442 3028 et
464 2963 613 3050 petitioni
628 2962 779 3049 Hugonis
802 2962 1000 3028 venerabilis
1024 2963 1154 3029 abbatis
1177 2962 1394 3051 adquiescens
1419 2973 1577 3028 edilitatem
1598 2990 1650 3028 sen
1665 2974 1821 3029 custodiam
1840 2976 1927 3048 ipsius

272 3079 406 3135 basilicae
430 3086 530 3135 sancto
552 3079 641 3135 Petro
664 3086 871 3151 sanctoque
896 3080 1014 3136 Bertino
1037 3080 1269 3137 reddendam
1300 3087 1330 3137 et
1360 3080 1526 3135 monachum
1555 3081 1591 3135 ad
1622 3081 1779 3136 custodiam
1802 3082 1840 3136 ibi
1870 3095 1927 3160 po·

272 3176 415 3241 nendum
439 3177 552 3241 censui
576 3187 608 3241 et
638 3187 723 3241 statui
756 3193 786 3242 et
817 3194 849 3240 ut
872 3193 1009 3258 quattuor
1032 3187 1206 3259 temporibus
1237 3188 1265 3242 in
1293 3205 1367 3243 anno
1389 3188 1534 3242 missarum
1557 3187 1724 3260 sollempnia
1747 3187 1927 3245 celebrarcnt

226 3308 254 3348 aa
272 3292 407 3360 stabiliri,
430 3292 482 3349 hoc
507 3300 551 3350 est
573 3291 626 3348 Ill.
650 3292 723 3348 teria
745 3293 774 3348 in
798 3293 897 3348 diebus
921 3294 1097 3365 rogationum
1108 3289 1128 3358 ²,
1154 3294 1183 3348 in
1206 3293 1365 3350 festivitate
1389 3311 1502 3366 quoque
1526 3294 1605 3349 beati
1625 3294 1757 3350 lobannis
1778 3291 1928 3368 baptiste⁸

273 3407 303 3456 et
326 3400 355 3455 in
386 3400 565 3473 depositione
595 3401 685 3455 suncti
708 3400 863 3455 Audomuri
872 3395 895 3468 ⁴,
927 3401 956 3454 in
985 3399 1143 3457 festivitate
1176 3401 1261 3456 etiam
1284 3400 1406 3455 omnium
1434 3396 1633 3468 sanctornm⁶;
1665 3409 1696 3456 et
1726 3402 1859 3474 quicquid
1890 3404 1927 3458 ad

272 3508 361 3580 ipsum
385 3506 475 3562 altare
505 3507 618 3563 reniret
647 3506 775 3562 monachi
804 3508 896 3562 sancti
920 3508 1029 3563 Bertini
1060 3507 1168 3578 absque
1199 3507 1258 3562 ulla
1288 3507 1512 3564 contradictione
1543 3508 1621 3563 iuxta
1651 3526 1755 3564 morem
1779 3509 1928 3581 pristinum

271 3615 427 3670 secundum
451 3615 600 3670 decretum
624 3614 702 3670 beati
718 3614 882 3681 Andomari,
907 3615 983 3686 qnod
1007 3615 1034 3668 in
1058 3613 1208 3686 privilegio
1231 3614 1268 3670 de
1292 3614 1444 3668 traditione
1469 3614 1555 3686 ipsius
1579 3614 1633 3669 loci
1657 3615 1737 3669 istius
1752 3615 1807 3671 loci
1824 3634 1928 3673 coeno·

271 3722 339 3777 bitis
362 3722 475 3794 scripsit
507 3729 538 3777 et
568 3721 725 3788 interdixit,
756 3721 907 3788 baberent,
939 3728 1074 3776 tenerent
1106 3728 1135 3777 et
1166 3721 1194 3775 in
1224 3729 1367 3793 perpetuo
1396 3721 1536 3793 perhenni
1561 3721 1621 3777 iure
1645 3723 1843 3794 possiderent,
1874 3741 1928 3780 uec

226 3829 421 3901 eoepiscopus
451 3837 501 3884 aut
532 3829 592 3884 eius
622 3827 834 3883 archidiaconus
864 3846 916 3882 seu
945 3828 1047 3899 aliquis
1077 3828 1241 3883 clericorum
1265 3827 1312 3882 vel
1344 3828 1428 3882 iudex
1451 3827 1603 3883 forensium
1627 3847 1719 3884 rerum
1745 3829 1851 3902 aliquid
1875 3832 1928 3887 sibi

272 3936 374 3992 exinde
397 3935 561 3990 vendicent.
609 3934 742 4005 Denique
773 3935 828 3990 iam
858 3935 973 4006 quidam
1003 3941 1179 3991 emerserant
1215 3934 1335 3989 audacia
1360 3935 1528 3990 temeritatis
1551 3936 1679 4007 decepti,
1710 3937 1840 3993 dicentes
1870 3939 1927 4009 pri·

271 4049 377 4098 matum
406 4041 531 4097 locorum
561 4042 598 4096 ad
628 4058 660 4096 se
690 4042 837 4112 pertinere
868 4042 987 4098 debere.
1042 4040 1166 4105 Quorum
1196 4048 1414 4113 presumptuose
1445 4042 1597 4113 superbiae
1625 4043 1763 4098 resistens
1794 4061 1847 4115 per
1877 4046 1928 4100 de·

274 4149 456 4221 scriptionem
481 4147 667 4220 capitularem
691 4165 783 4203 coram
807 4138 1003 4225 quibusdam
1026 4148 1194 4220 primatibus
1217 4147 1322 4218 regalis
1345 4147 1444 4219 palatii
1470 4157 1500 4203 et
1523 4148 1604 4202 huius
1631 4150 1753 4220 patriae,
1785 4168 1833 4206 eos
1862 4151 1929 4207 huic

276 4257 339 4313 loco
362 4256 463 4328 subegi
494 4262 524 4312 et
555 4262 686 4311 conatum
717 4272 812 4310 eorum
842 4247 1044 4310 adnichilavit
1091 4255 1152 4309 Hoc
1184 4245 1282 4308 etiarn
1312 4254 1447 4325 scriptum
1475 4255 1595 4327 posteris
1626 4255 1843 4327 relinquendum
1867 4257 1927 4314 iore

225 4473 252 4513 ss
382 4445 408 4523 ⁸)
431 4458 465 4509 H
477 4457 515 4508 itu
528 4456 629 4523 perpit:
656 4450 730 4515 Quia
759 4470 827 4508 vero
850 4452 1014 4508 omnimodis
1039 4451 1164 4507 canonici
1192 4451 1321 4506 inrident
1352 4450 1549 4506 monachorum
1578 4450 1685 4517 honori,
1717 4451 1769 4506 boc
1792 4453 1928 4525 scriptum

431 4560 555 4632 posteris
585 4559 803 4630 relinquendum
833 4559 893 4615 iore
924 4566 1016 4614 ratum
1046 4559 1123 4625 duxi,
1158 4564 1191 4612 ut
1222 4559 1392 4629 quaudoque
1428 4556 1583 4611 invidorum
1619 4575 1671 4628 per
1705 4559 1757 4613 hoc
1792 4560 1927 4616 resistere

381 4755 391 4802 1
415 4753 496 4803 In-
509 4752 683 4817 presentibus
700 4750 791 4801 duent
809 4750 845 4800 H.
919 4752 934 4800 3
955 4751 1081 4814 exigente
1102 4749 1136 4798 W.
1211 4750 1328 4799 veritate
1348 4749 1383 4809 W,
1411 4749 1539 4799 veritates
1559 4748 1595 4798 H.
1675 4749 1870 4801 bdamnamus
1893 4751 1928 4800 W.

273 4834 641 4907 dFolquiuns-abbatis]
666 4840 750 4904 Hugo
774 4840 860 4890 abbas
885 4840 967 4890 buius
990 4838 1026 4889 Η.
1117 4840 1133 4888 3
1160 4833 1245 4902 beati]
1270 4839 1357 4888 sancti
1378 4837 1414 4888 H.
1507 4840 1540 4889 10
1563 4833 1822 4904 quam-abbatis]
1848 4855 1928 4906 quam

272 4930 451 4997 predecessor
469 4944 545 4980 mens
564 4929 725 4993 Fridogisus
743 4929 829 4979 abbas
848 4927 885 4978 H.
975 4927 1135 4993 l'ridegisus
1155 4927 1191 4978 W.
1285 4930 1317 4978 14
1337 4927 1460 4978 fecerant
1479 4926 1515 4977 II.
1608 4928 1640 4977 to
1661 4935 1873 4979 construxerunt
1893 4929 1928 4979 W.

226 5029 254 5068 to
274 5021 307 5069 lt
326 5016 511 5085 episcopalem
531 5017 564 5068 G.
650 5019 683 5067 18
703 5017 788 5068 abbas
809 5017 841 5068 0.
913 5017 1073 5082 Fridegiaus
1094 5017 1129 5066 H.
1217 5019 1249 5066 19
1274 5011 1380 5080 statuit]
1400 5017 1544 5066 constituit
1565 5016 1597 5067 G.
1679 5018 1713 5067 20
1732 5016 1792 5068 Deo
1811 5017 1877 5069 deest
1897 5018 1928 5069 G.

272 5109 307 5158 22
326 5100 604 5172 et-adquiesoens]
632 5122 693 5157 cum
715 5104 831 5158 consilio
851 5106 1016 5157 venerabilis
1036 5104 1160 5171 l‘olqnini
1180 5107 1364 5156 Tarnanensis
1385 5107 1509 5171 episcopi
1532 5106 1568 5156 H.
1659 5108 1693 5156 23
1720 5103 1882 5173 sanctoque]
1902 5115 1930 5158 et

272 5202 369 5248 saneto
387 5196 424 5247 H.
506 5189 684 5260 reddendam]
701 5195 809 5246 reddidi
828 5195 864 5245 H.
946 5195 1101 5261 ponendum
1121 5195 1216 5246 censui
1236 5202 1263 5245 ot
1280 5194 1371 5245 desum
1389 5194 1426 5245 H·
1507 5197 1541 5245 24
1561 5202 1588 5245 et
1608 5189 1646 5258 ut]
1669 5203 1744 5246 utet
1765 5195 1797 5246 0.
1874 5196 1929 5246 sol·

274 5284 373 5337 lemnia
396 5285 432 5335 W.
515 5284 725 5336 anderemo.
804 5285 980 5336 festivitatem
1001 5284 1033 5335 0.
1116 5286 1150 5335 23
1169 5285 1252 5335 etiam
1270 5284 1337 5335 deest
1356 5284 1388 5335 0.
1470 5286 1504 5334 30
1524 5285 1582 5335 eins
1602 5281 1823 5348 archidiaconus]
1842 5285 1928 5336 archi·

274 5374 405 5425 diaconus
425 5375 485 5425 eins
505 5373 538 5426 θ.
611 5370 724 5439 aliquid]
743 5372 844 5441 aliquis
863 5374 900 5426 W.
973 5376 1004 5425 31
1026 5375 1168 5424 vindicent
1186 5373 1221 5424 H
1296 5375 1330 5424 33
1349 5374 1511 5438 quibusdum
1529 5373 1596 5425 deut
1614 5373 1651 5425 H.

227 5572 255 5613 so
384 5547 413 5634 1)
445 5555 552 5613 Exstat
580 5555 610 5613 in
635 5556 770 5632 Folqoini
799 5556 950 5614 cormlorii
972 5555 1120 5613 Sitlrierrsre
1149 5555 1196 5612 lio.
1220 5555 1240 5612 1
1265 5575 1294 5611 n.
1321 5555 1382 5612 Vll
1405 5556 1433 5612 d.
1458 5556 1487 5612 d.
1512 5559 1575 5615 662
1597 5556 1670 5630 Apr.
1695 5558 1751 5624 14;
1783 5553 1929 5625 Gutrard,

274 5662 293 5717 l.
316 5662 334 5718 l.
358 5681 393 5737 p.
417 5664 467 5721 23.
574 5652 605 5740 2)
640 5662 712 5720 Dies
745 5662 922 5740 repertionem
956 5671 1023 5719 sunt
1049 5662 1141 5739 primi
1174 5671 1231 5720 tres
1261 5662 1320 5719 dics
1349 5662 1464 5737 quintae
1487 5670 1556 5737 post
1584 5661 1700 5719 Pascha
1730 5661 1929 5719 lmdomudos.

276 5759 307 5846 3)
331 5767 395 5825 lun.
419 5771 470 5829 at.
581 5762 612 5844 4)
644 5768 721 5844 Sept.
750 5773 795 5838 9.,·
830 5770 871 5841 cf.
896 5788 969 5846 qums
992 5769 1065 5826 Actu
1089 5769 1144 5827 SS.
1169 5767 1244 5825 Bell.
1271 5768 1347 5843 Sept.
1373 5767 1425 5825 III
1442 5762 1567 5844 (1865),
1598 5788 1630 5844 p.
1655 5771 1713 5827 391
1744 5768 1873 5840 offerunt
1895 5787 1931 5825 ea·

274 5875 457 5933 calendariis.
549 5867 580 5955 5)
603 5875 676 5935 Νου.
700 5879 727 5935 1,

1650 5973 1716 6028 10⁸·
