4884 6717
690 529 742 588 44.
778 529 997 590 conclama
1020 529 1250 590 PARISIENSE
1273 532 1311 587 A.
1332 530 1407 591 825.
1813 530 1877 594 517

329 714 372 780 Et
394 727 469 802 post
492 726 617 782 celera:
643 721 726 781 Ηοο1
748 735 777 782 et
799 727 835 786 ab
857 728 985 797 exemplo
1006 728 1133 798 imaginis
1154 728 1327 798 imperatoris
1349 730 1481 783 abentius
1499 731 1562 800 quis
1577 730 1751 788 considerare
1768 734 1878 802 poterit

221 833 309 904 Igitur
335 832 363 886 in
392 833 511 903 imagine
533 833 705 903 imperatoris
732 834 880 888 similitudo
910 842 939 888 et
964 833 1053 888 sonna
1075 841 1132 889 est:
1159 841 1188 888 et
1217 834 1245 888 in
1272 835 1438 905 imperatore
1466 836 1578 907 quidem
1607 853 1681 907 quae
1709 839 1738 892 in
1759 839 1879 911 imagine

222 938 370 992 similitudo
393 947 448 1007 est3
478 940 655 995 immutabilis
685 940 758 998 cuim
780 947 822 994 est
843 959 918 1011 quae
940 941 966 994 in
989 941 1108 1010 imagine
1131 941 1303 1011 imperatoris
1324 941 1482 1008 similitudo,
1509 944 1640 1013 quatinus
1665 944 1714 1014 qni
1744 947 1878 1016 conspicit

222 1045 370 1116 ‘nnsgincm
391 1046 467 1100 videt
487 1046 515 1100 in
538 1047 598 1116 ipsa
619 1047 829 1116 imperatorem,
858 1053 887 1102 et
916 1048 1013 1101 iterum
1040 1048 1088 1116 qui
1118 1048 1186 1100 vidit
1208 1048 1402 1117 imperatorem
1424 1049 1575 1119 cognoscit,
1601 1052 1733 1120 quoniam
1761 1052 1805 1105 hie
1828 1060 1879 1120 est,

191 1151 271 1223 oqui
293 1152 322 1208 in
342 1152 472 1223 imagine.
515 1153 582 1208 Ideo
605 1155 679 1224 qnod
700 1171 755 1208 non
777 1155 934 1208 immutetur
954 1154 1101 1207 similitudo
1123 1153 1171 1223 qni
1194 1154 1312 1208 voluerit
1333 1172 1395 1208 eum
1417 1155 1536 1224 inragrine
1558 1156 1652 1210 videre
1674 1158 1879 1228 imperatorem,

223 1259 297 1316 dicat
318 1275 454 1328 narnque:
482 1260 543 1330 Ego
572 1267 601 1314 et
629 1260 780 1330 imperator
796 1279 890 1336 ⁴unum
912 1278 1018 1326 sumus,
1048 1277 1101 1330 ego
1130 1260 1202 1314 enirn
1224 1260 1254 1313 in
1276 1279 1310 1314 eo
1332 1278 1391 1314 snm
1414 1270 1442 1315 et
1464 1262 1512 1316 ille
1534 1263 1561 1316 in
1585 1281 1638 1330 me,
1667 1273 1693 1318 et
1716 1266 1790 1335 quod
1812 1283 1877 1320 cou-

224 1365 306 1434 spicis
334 1365 362 1418 in
388 1383 443 1434 me,
471 1365 523 1419 hoe
545 1367 574 1420 in
600 1367 650 1424 illo
678 1366 765 1434 vides,
795 1374 823 1420 et
850 1368 924 1438 quod
952 1366 1043 1420 vidisti
1070 1366 1099 1419 in
1119 1366 1179 1434 illo,
1207 1366 1260 1420 hoc
1289 1367 1365 1421 vides
1393 1377 1420 1422 et
1449 1369 1477 1422 in
1504 1386 1557 1422 me.
1603 1369 1656 1433 Qm
1681 1372 1752 1426 enim
1775 1373 1878 1427 salutat

222 1471 372 1542 imaginem
392 1472 421 1525 in
442 1472 503 1542 ipsa
524 1473 627 1527 salutat
647 1474 848 1543 imperatorem.
893 1473 1041 1528 Enimvero
1062 1472 1135 1526 illius
1156 1473 1245 1526 forma
1267 1481 1295 1526 et
1317 1474 1422 1543 species
1444 1484 1487 1528 est
1508 1475 1599 1546 imago
1623 1477 1655 1530 el
1678 1480 1798 1533 cetera.

331 1569 415 1633 Item
438 1570 543 1635 sancti
564 1569 732 1659 Anastasii
757 1570 903 1657 episcopi
918 1568 1123 1656 Theopoleos
1146 1569 1189 1633 ad
1206 1569 1403 1656 Symeonem
1426 1572 1616 1659 episcopum
1640 1573 1793 1639 Bostrae:
1817 1584 1846 1640 Si
1857 1581 1878 1654 ²,

180 1703 207 1743 to
224 1693 327 1755 patres,
347 1692 456 1755 oportet
478 1687 627 1740 secundum
649 1686 799 1757 eloquium,
820 1694 850 1740 ut
870 1693 901 1740 tu
923 1686 1030 1754 ameris,
1051 1686 1232 1756 interrogare,
1253 1687 1365 1757 insuper
1386 1695 1477 1741 autem
1500 1697 1529 1742 ct
1550 1689 1680 1744 seniores.

330 1781 375 1846 Et
397 1794 471 1869 post
493 1805 616 1869 pauca:
641 1788 739 1847 Sient8
761 1793 832 1846 eninr
855 1793 970 1847 absente
994 1793 1105 1863 quidem
1127 1793 1292 1863 imperatore
1314 1794 1406 1864 imago
1429 1794 1487 1848 eius
1509 1813 1559 1864 pro
1581 1812 1615 1848 eo
1637 1797 1776 1860 adoratur,
1796 1815 1876 1868 prae·

224 1905 301 1954 sente
324 1916 390 1970 crgo
412 1899 471 1969 ipso
494 1899 660 1969 superfluum
688 1907 730 1953 est
756 1900 914 1970 relinquere
943 1899 1058 1969 primam
1086 1900 1201 1954 formam
1225 1906 1252 1953 ct
1274 1901 1390 1956 adorare
1413 1901 1569 1972 imaginem,
1597 1921 1687 1956 norme
1710 1905 1776 1974 quia
1797 1922 1878 1975 prae-

223 2006 311 2060 iertru
332 2015 444 2075 propter
464 2006 650 2076 praesentiam
671 2024 721 2075 pro
744 2024 800 2076 qno
823 2007 962 2074 adoratur,
983 2005 1139 2060 inhonorari
1162 2024 1224 2062 eam
1247 2008 1377 2077 oportet?

331 2102 375 2167 El
397 2104 532 2167 iberum:
556 2107 655 2167 Sicut⁴
672 2113 743 2167 enim
760 2113 807 2183 qui
824 2113 932 2168 iniuriat
947 2112 1095 2182 imaginem
1110 2113 1284 2183 imperatoris
1298 2132 1416 2184 poenam
1432 2114 1532 2168 iustam
1548 2115 1692 2170 sustinebit
1715 2117 1792 2170 sicuti
1815 2135 1878 2172 eum

180 2235 207 2276 rt
224 2219 312 2288 ipamn
334 2219 526 2289 imperatorem
547 2219 721 2273 inhonorans.
754 2219 863 2273 Etenim
885 2219 1005 2288 imagine
1026 2218 1092 2272 nihil
1117 2220 1191 2273 aliud
1214 2220 1348 2274 existente
1369 2221 1419 2278 nisi
1443 2222 1546 2291 lignum
1563 2238 1624 2276 cum
1640 2222 1778 2277 coloribus
1795 2241 1878 2280 cerae

222 2326 315 2379 mixtis
337 2332 366 2380 et
386 2326 607 2395 contemperatis,
629 2325 711 2379 simili
733 2327 814 2380 modo
837 2327 884 2397 qni
907 2327 1013 2396 signum
1036 2325 1183 2380 cuiuslibet
1204 2326 1349 2381 inhonorat
1371 2328 1398 2381 in
1415 2346 1476 2382 eum
1492 2327 1591 2397 ipsum,
1612 2329 1690 2383 cuius
1704 2330 1810 2400 signum
1827 2339 1878 2400 est,

223 2433 309 2486 refert
331 2433 456 2486 iniuriam
478 2434 511 2487 et
534 2434 652 2487 cetera.

330 2528 370 2592 In
394 2528 528 2593 historia
551 2530 712 2616 tripertita
733 2528 808 2593 libri
832 2530 916 2592 sexti
939 2551 1010 2615 cap.
1029 2528 1280 2615 quadragesimo
1297 2531 1401 2616 primo
1419 2529 1618 2596 Sozomenus
1634 2533 1757 2618 inquit:
1783 2538 1878 2598 ΙΙΙιιι]ὁ

224 2663 347 2716 quoque,
368 2647 442 2717 quod
465 2646 514 2700 suh
537 2646 644 2700 Iuliano
665 2646 802 2716 provenit,
823 2662 934 2699 namara
957 2663 1010 2699 non
1032 2645 1110 2700 sileo.
1153 2646 1218 2700 Fuit
1239 2647 1311 2699 enim
1333 2646 1440 2718 signnm
1462 2647 1573 2718 quidem
1596 2649 1703 2702 virtutis
1725 2647 1824 2703 turini
1848 2657 1877 2704 et

178 2769 207 2812 sn
223 2752 352 2806 indicium
384 2758 481 2806 contra
512 2753 662 2822 principem
695 2751 853 2806 iracundiae
882 2752 945 2805 Dei.
997 2749 1066 2805 Cum
1093 2752 1164 2806 enirn
1194 2753 1353 2823 agnovisset
1385 2753 1413 2808 in
1439 2753 1579 2808 Caesarea
1608 2754 1729 2825 Philippi
1763 2756 1876 2811 civitate

223 2857 383 2929 Pheniciac,
405 2876 488 2929 qnam
503 2859 628 2914 Pancam
650 2858 796 2928 vocabant,
816 2858 922 2928 insigne
939 2857 1039 2912 Clnisti
1062 2877 1121 2912 esse
1145 2859 1328 2928 simulacrum,
1350 2861 1424 2930 quod
1446 2861 1586 2930 sanguinis
1608 2861 1725 2916 liberata
1740 2861 1875 2932 profluvio

223 2965 411 3035 constituerat,
437 2983 471 3018 eo
500 2966 626 3036 deposito
654 2983 732 3020 suam
760 2964 798 3019 ibi
826 2973 945 3019 mutuam
971 2966 1127 3020 collocavit.
1173 2966 1253 3030 Quae
1276 2967 1396 3020 violento
1419 2967 1482 3036 igne
1504 2968 1539 3020 de
1562 2967 1642 3020 caelo
1664 2969 1779 3022 cadente
1801 2970 1876 3024 circa

224 3072 282 3126 eius
302 3079 399 3143 pectus
420 3073 508 3128 divisa
530 3081 572 3126 est
594 3081 622 3127 et
644 3079 728 3143 eaput
750 3089 811 3128 cum
833 3072 941 3126 cervice
962 3090 1017 3126 mia
1038 3079 1117 3142 parte
1140 3072 1276 3126 deiectum
1299 3081 1384 3143 atque
1406 3074 1530 3127 interra
1551 3073 1649 3143 lirrnn3
1678 3075 1787 3145 reliqua
1808 3093 1875 3132 vero

223 3196 287 3249 para
315 3179 448 3234 hactenns
474 3179 574 3234 restitit
603 3186 631 3234 et
657 3179 777 3234 irrlminia
807 3179 935 3233 indicium
962 3180 1121 3232 reservavit.
1168 3178 1292 3234 Statuam
1323 3197 1388 3233 vcro
1411 3179 1511 3234 Christi
1540 3189 1603 3234 tnnc
1634 3181 1746 3251 quidem
1773 3183 1875 3254 pagani

177 3302 205 3343 rt
222 3286 363 3340 trahentes
384 3286 585 3358 confregerunt.
631 3286 735 3341 Postea
756 3301 822 3340 vero
844 3285 990 3340 Christiani
1013 3286 1177 3356 colligentes
1198 3286 1226 3342 in
1249 3286 1394 3340 ecclesiam
1416 3287 1636 3356 recondiderrmt,
1665 3305 1720 3358 quo
1742 3287 1877 3344 hactenus

221 3401 385 3450 reservsmr.

329 3490 411 3554 Item
436 3491 507 3577 ipse
531 3513 603 3577 cap.
628 3490 752 3555 XLII:
777 3496 863 3554 H0c⁰
884 3501 979 3570 itaque
1001 3500 1185 3564 simulacrum,
1207 3500 1285 3553 sicuti
1308 3500 1391 3554 refert
1414 3500 1557 3566 Eusebius,
1579 3501 1697 3556 omnium
1720 3501 1877 3571 passionum

221 3613 250 3659 et
272 3605 472 3676 aegritudinum
500 3606 620 3660 noscitur
646 3623 706 3660 esse
732 3606 970 3672 medicamentum,
998 3605 1073 3659 iusta
1103 3606 1177 3675 quod
1205 3607 1343 3675 quaedam
1371 3607 1457 3660 herba
1478 3608 1624 3679 germinat,
1652 3609 1728 3663 cidus
1756 3610 1876 3679 speciem

221 3713 314 3766 nullus
335 3721 445 3767 nostrae
466 3722 556 3766 terrae
578 3713 699 3766 medicus
720 3712 786 3766 licet
807 3721 934 3782 expertus
956 3712 1084 3782 agnovit3
1110 3711 1176 3766 mihi
1198 3730 1319 3782 rrarnque
1342 3713 1458 3778 videtur,
1480 3715 1546 3784 quia
1568 3715 1732 3768 adveniente
1755 3715 1874 3770 Domino

176 3833 206 3875 tt
222 3820 328 3873 nullum
349 3820 510 3874 miraculum
530 3819 691 3890 nullumque
713 3818 877 3873 beneficium
899 3819 989 3889 putari
1010 3817 1094 3873 debet
1115 3818 1285 3873 incredulrun
1309 3821 1342 3873 cl
1364 3820 1483 3875 cetera.

328 3916 367 3981 In
391 3916 526 3980 historia
541 3915 722 4002 Anglorum
745 3914 821 3980 libri
836 3916 932 4002 primi
949 3938 1021 4002 cap.
1039 3914 1159 3996 XXV,
1184 3917 1277 3980 cuius
1301 3916 1444 3980 initium:
1470 3921 1648 3981 ltoborann⁷
1669 3927 1876 3982 eorrfirmatione

221 4032 296 4088 beati
310 4033 397 4103 patris
412 4033 540 4103 Gregorii
555 4032 733 4104 Augustinus,
748 4032 921 4086 corrlarnulus
936 4031 1046 4096 Christi,
1068 4032 1115 4102 qui
1132 4041 1192 4086 crat
1207 4051 1268 4086 curn
1292 4051 1334 4094 eo,
1356 4034 1435 4086 rediit
1458 4034 1484 4087 in
1507 4051 1576 4104 opus
1592 4034 1668 4087 verbi
1689 4035 1872 4106 pervenitque

222 4140 400 4196 Britanniam.
445 4140 514 4193 Erat
534 4157 569 4193 eo
590 4149 714 4209 tempore
737 4157 784 4193 rex
807 4139 967 4193 Edilbereth
989 4139 1016 4193 in
1038 4139 1138 4192 Cantia
1159 4140 1370 4210 potentissimus.

327 4236 371 4301 Et
394 4247 597 4324 postpauca
627 4237 660 4300 in
691 4235 806 4301 eadem
837 4236 983 4322 sequitur
1006 4235 1159 4322 epistola:
1190 4241 1285 4300 Ροεῑ8
1313 4246 1372 4300 dies
1395 4265 1460 4316 ergo
1483 4248 1557 4301 verrit
1580 4247 1615 4300 sd
1639 4247 1754 4302 insulam
1777 4266 1824 4302 rer
1843 4257 1873 4304 et

176 4366 203 4406 tt
220 4353 341 4406 residem
362 4354 414 4408 sub
437 4353 501 4408 divo
524 4353 601 4407 iussit
615 4351 798 4424 Augustinum
821 4369 883 4406 cum
904 4352 984 4406 sociis
1006 4352 1041 4406 ad
1064 4370 1140 4406 snum
1163 4352 1265 4406 ibidem
1283 4353 1414 4408 arlrenire
1436 4354 1621 4425 soliloquium.
1655 4353 1776 4408 Caverat
1792 4355 1876 4426 enim,

219 4475 254 4513 nc
276 4458 304 4512 in
326 4459 449 4530 aliquam
470 4461 580 4514 domum
603 4460 638 4513 a'd
661 4477 690 4512 sc
713 4459 854 4514 introirent
876 4459 961 4513 veteri
984 4478 1048 4513 usus
1069 4458 1250 4528 argerimus
1272 4470 1438 4530 superventu
1461 4479 1519 4522 suo.
1541 4461 1562 4514 si
1579 4462 1647 4532 qnid
1663 4461 1791 4516 maleficii
1808 4462 1875 4515 artis

219 4564 390 4634 habuissent,
411 4584 474 4621 cum
489 4567 645 4637 superando
666 4566 835 4637 deciperent.
873 4566 911 4620 At
933 4566 973 4619 illi
996 4585 1050 4620 non
1072 4567 1245 4635 daemonica,
1266 4569 1314 4621 sed
1336 4568 1430 4622 divina
1453 4567 1552 4622 virtute
1574 4568 1692 4638 praediti
1716 4567 1877 4637 veniebant,

219 4691 328 4727 lancem
360 4691 411 4744 pro
438 4674 541 4727 vexillo
568 4674 689 4728 ferentes
719 4681 880 4744 argenteam
914 4679 942 4728 et
968 4673 1114 4744 imaginem
1142 4673 1253 4727 Domini
1282 4674 1427 4728 salvatoris
1453 4675 1480 4728 in
1507 4673 1604 4728 tabula
1625 4674 1763 4744 depictam
1786 4675 1872 4728 lacta·

218 4780 335 4850 niasqne
356 4788 486 4834 canentes
506 4798 557 4850 pro
579 4795 629 4836 arra
651 4780 730 4834 simul
753 4789 781 4835 et
803 4798 907 4848 corum,
927 4789 1040 4850 propter
1055 4798 1126 4850 quos
1141 4788 1170 4834 et
1188 4781 1224 4833 ad
1248 4798 1318 4850 quos
1340 4787 1482 4848 venerant,
1503 4781 1595 4836 salute
1616 4788 1730 4836 aeterna
1754 4781 1873 4835 Domino

173 4899 202 4940 aa
218 4886 420 4956 supplicabant.

325 4982 409 5048 Item
432 4985 593 5070 sequitur:
617 4989 734 5050 Fertrn⁹
756 5001 858 5060 autem,
880 4994 946 5065 quia
968 4993 1222 5064 appropinquantes
1244 4993 1349 5046 civitati
1370 5011 1446 5048 more
1469 5012 1517 5048 suo
1539 5011 1600 5048 cum
1623 5011 1705 5049 cruce
1727 5001 1823 5047 sancta
1845 5001 1875 5048 et

218 5101 337 5173 imagine
359 5101 452 5172 magni
474 5101 547 5172 regis
568 5101 669 5156 domini
692 5101 777 5156 nostri
799 5101 863 5155 Iesu
884 5099 984 5154 Christi
1007 5099 1077 5154 harre
1099 5101 1248 5154 laetaniam
1276 5116 1397 5154 consona
1423 5118 1491 5154 voce
1514 5101 1734 5154 modularentur:
1765 5099 1873 5169 Depre·

326 5340 446 5408 lidieat]
464 5363 497 5395 ac.
516 5347 616 5412 imago.
690 5346 722 5396 18
742 5344 951 5410 quadragesimo
969 5344 1036 5394 deest
1054 5342 1085 5394 P.
1159 5338 1335 5407 sozomenus]
1356 5344 1522 5394 Zoaemcnus
1541 5342 1572 5394 P.

328 5571 358 5656 1)
381 5579 564 5648 Athanasius,
591 5578 690 5636 Οναᾶο
715 5582 734 5637 3
756 5579 894 5636 adversius
917 5578 1060 5635 Arrianus
1083 5599 1107 5636 c.
1124 5583 1162 5647 5,·
1186 5579 1260 5654 Opp.
1287 5578 1310 5648 I,
1336 5581 1362 5646 l,
1387 5582 1457 5637 439.
1562 5569 1594 5656 2)
1620 5577 1669 5652 Of.
1696 5576 1781 5637 Cone.
1805 5577 1870 5636 Nic.

171 5704 200 5744 st
218 5694 273 5743 acl.
298 5685 371 5755 IV.;
395 5688 413 5742 l.
437 5688 456 5742 l.
481 5684 567 5756 XIII,
584 5690 634 5745 56.
705 5678 736 5763 3)
760 5684 877 5743 Ibidem.
948 5674 980 5765 4)
1003 5685 1110 5742 Ibidem
1118 5708 1129 5755 ,·
1152 5687 1172 5741 l.
1196 5687 1214 5742 l.
1241 5684 1326 5755 XIII,
1344 5689 1394 5744 57.
1465 5678 1495 5763 5)
1521 5684 1717 5756 (Ῑαεείοάοηω,
1741 5683 1873 5742 Historia

218 5793 365 5868 biportte
387 5792 431 5848 VI
442 5812 467 5849 c.
482 5795 521 5852 41
529 5814 539 5862 ,·
564 5795 661 5868 Opera
685 5792 727 5848 ed.
746 5789 878 5861 Geretl,
895 5796 967 5852 297.
1009 5791 1040 5848 V.
1057 5811 1148 5868 snpra
1165 5811 1199 5867 p.
1216 5795 1280 5851 487
1303 5794 1320 5848 l.
1340 5795 1377 5851 17
1389 5811 1450 5867 sqq.
1540 5783 1572 5872 6)
1595 5791 1671 5848 [bid.
1696 5812 1720 5848 c.
1736 5795 1796 5860 42,-
1815 5792 1833 5848 Ι.
1850 5792 1869 5847 l.

219 5893 250 5976 7)
266 5899 360 5968 Beda,
376 5899 506 5956 Historia
522 5899 677 5977 Anglorum
693 5899 713 5955 Ι
725 5903 820 5968 c.25,·
845 5899 918 5974 Opp.
935 5900 978 5956 ed.
996 5897 1075 5956 Giles
1091 5898 1130 5969 ll,
1144 5903 1212 5959 100.
1282 5890 1314 5975 8)
1331 5896 1448 5956 [bidan.
1519 5889 1551 5976 9)
1568 5896 1870 5968 Itid.;l.l.11,102.
