4884 6717
546 527 609 589 746
963 533 1015 589 56.
1052 532 1271 589 CONCILIUM
1294 530 1622 596 AQUISGRANENSE
1646 533 1684 588 A.
1704 533 1778 588 836.

544 720 673 784 auferre
697 718 783 794 licet,
814 717 914 782 multo
939 720 1044 783 minus
1075 742 1123 800 ea,
1160 741 1243 805 quae
1275 717 1332 782 alii
1355 729 1515 783 voverunt
1538 729 1570 783 et
1592 718 1804 783 reddiderunt
1834 721 1874 801 ei,
1906 719 1955 783 fas
1980 732 2028 784 est
2058 719 2197 802 auferre,

545 827 697 912 quoniam
722 827 748 889 si
773 825 829 904 illi,
855 826 910 912 qui
933 827 1024 889 vovit
1048 837 1080 889 et
1101 849 1167 888 non
1189 824 1307 906 reddit,
1331 826 1365 887 in
1388 837 1558 911 peccatum
1583 836 1760 911 reputatur,
1786 825 1885 891 multo
1910 828 2014 912 magis
2045 826 2109 908 ille,
2142 829 2198 914 qui

545 932 680 995 aliorum
705 943 781 996 vota
804 931 895 1012 tollit,
919 933 1024 996 maius
1048 931 1109 995 sibi
1133 943 1306 1018 peccatum
1330 931 1481 1016 adquirit
1529 931 1621 995 Haec
1645 931 1684 994 dc
1710 934 1852 1019 quinque
1876 933 1967 996 libris
1991 934 2097 1019 Moysi
2122 956 2197 998 eon·

545 1040 686 1123 gessisse
717 1038 867 1102 sufficiat.
927 1036 1078 1102 Ceterum
1110 1039 1306 1124 quicumque
1330 1036 1457 1122 plenius
1480 1037 1641 1124 latiusque
1670 1038 1710 1102 de
1740 1039 1800 1120 his,
1836 1062 1919 1125 quae
1943 1040 2104 1103 Dominus
2135 1038 2196 1104 sibi

548 1168 671 1231 suoque
696 1144 915 1226 tabernacula,
941 1143 1164 1208 sacerdotibus
1188 1156 1220 1207 ct
1243 1145 1398 1207 ministris
1422 1145 1488 1207 suis
1511 1145 1619 1208 offerri
1635 1156 1667 1209 et
1683 1145 1753 1209 dari
1769 1148 1927 1232 precepit,
1948 1149 2030 1210 scire
2048 1147 2230 1226 volueritn

549 1252 809 1315 Pentatheueum
834 1252 979 1316 eiusdem
1002 1251 1109 1336 Moysi
1134 1249 1328 1314 enucleatim
1358 1250 1445 1335 legat
1469 1262 1500 1314 et
1524 1251 1564 1315 de
1594 1251 1653 1332 bis,
1686 1275 1769 1338 quae
1800 1254 1833 1316 in
1862 1253 1923 1316 hoc
1954 1252 2109 1339 opusculo
2133 1276 2197 1316 non

551 1360 767 1440 continentur,
792 1382 876 1444 quae
900 1360 1011 1444 utique
1035 1356 1133 1443 plena
1156 1369 1231 1420 sunt
1254 1358 1445 1421 auctoritate
1470 1357 1511 1420 ad
1535 1360 1711 1442 negotium,
1736 1358 1777 1423 de
1802 1382 1866 1445 quo
1890 1361 2006 1444 agitur,
2031 1360 2198 1423 adstruen-

548 1463 626 1529 dum
650 1476 683 1528 et
706 1464 977 1550 adstipulandum,
1002 1475 1151 1550 patenter
1174 1464 1339 1549 repperire
1363 1463 1451 1527 valet
1475 1487 1557 1549 quae
1582 1465 1656 1528 huic
1682 1464 1836 1551 opusculo
1854 1465 1895 1529 ob
1912 1467 1961 1529 sui
1978 1466 2198 1552 prolixitatem

546 1572 714 1635 vitandam
738 1595 802 1634 non
826 1573 1021 1636 inseruntur.

1086 1675 1300 1740 EXPLICIT
1323 1677 1457 1740 LIBER
1480 1677 1657 1742 PRIMUS.
2218 1703 2244 1741 ro

1072 1888 1241 1954 INCIPIT
1265 1887 1400 1951 LIBER
1424 1888 1672 1953 SECUNDUS.

655 2017 794 2080 Presens
825 2014 1026 2100 opusculum,
1058 2013 1145 2100 quod
1171 2013 1328 2076 hactenus
1359 2035 1401 2076 ex
1431 2012 1520 2076 libris
1548 2013 1724 2099 Mosayeue
1755 2013 1837 2098 legis
1867 2015 1907 2078 de
1939 2016 2095 2101 religione
2126 2017 2198 2080 Deo

549 2122 729 2186 oblatarum
754 2124 822 2185 sive
847 2121 1084 2185 offerendarum
1110 2143 1227 2200 rerum,
1255 2131 1411 2205 quantum
1435 2120 1594 2183 Dominus
1626 2120 1746 2184 donare
1778 2121 1929 2207 dignatus
1961 2133 2019 2203 est,
2054 2122 2200 2186 breviter

549 2231 771 2314 congessimus
796 2239 828 2291 ct
852 2227 970 2291 abhinc
995 2239 1061 2291 tam
1085 2227 1124 2290 de
1150 2228 1262 2307 veteri,
1288 2226 1375 2312 quod
1398 2236 1507 2304 restat,
1533 2249 1630 2312 quam
1655 2229 1752 2291 etiam
1776 2228 1816 2291 de
1840 2252 1925 2292 novo
1949 2241 2142 2293 testamento
2168 2242 2200 2293 et

551 2348 737 2400 sanctorum
761 2347 888 2422 patrum
913 2335 1115 2399 documentis
1138 2356 1326 2419 congerere,
1351 2332 1525 2396 adiuvante
1550 2333 1670 2397 Christi
1697 2337 1813 2418 gratia,
1849 2337 2007 2421 cupimus,
2044 2335 2085 2400 ob
2116 2336 2199 2400 utili·
2220 2358 2245 2397 rs

476 2505 484 2524 ,
549 2454 647 2506 tatem
672 2442 780 2527 legere
805 2441 982 2506 volentium
1008 2452 1040 2504 et
1062 2440 1239 2504 fastidiosis
1262 2440 1406 2504 taedium
1430 2439 1643 2504 auferendum
1667 2443 1698 2503 in
1724 2440 1826 2505 tribus
1850 2441 1967 2505 libellis
1999 2442 2198 2528 distinguen-

549 2549 625 2613 dum
656 2549 882 2612 iudicavimus.
939 2548 1085 2612 Exactus
1116 2548 1157 2610 sit
1180 2569 1257 2632 ergo
1281 2549 1413 2632 primus,
1445 2558 1476 2609 et
1500 2546 1668 2610 exordium
1693 2547 1817 2612 alibro
1841 2548 1945 2612 Hicsu
1968 2549 2061 2613 Nave
2086 2561 2191 2615 suniat

549 2656 720 2720 secundus,

434 2796 530 2888 Iponugss,
658 2781 739 2866 (39).
767 2780 793 2843 Ι.
830 2781 927 2845 Dicit
948 2795 1048 2844 autent
1072 2779 1164 2843 Iasae
1187 2780 1233 2842 ad
1260 2803 1379 2842 omnem
1402 2778 1545 2842 Israhel:
1576 2779 1825 2866 Vaca'feramioi5
1849 2782 1986 2845 tradidit
2007 2785 2089 2846 ertias
2113 2785 2200 2848 cobis

551 2888 709 2952 Dominus
725 2890 898 2968 cz'ct'tatem5
921 2890 1022 2972 sitque
1041 2889 1153 2950 ciuitas
1172 2887 1247 2949 doec
1270 2886 1435 2949 anathema
1459 2900 1487 2949 et
1505 2888 1620 2958 omnia,
1645 2911 1724 2970 quac
1749 2889 1782 2950 in
1805 2911 1842 2950 aa
1864 2903 1945 2966 sunt,
1969 2888 2115 2954 Domino.
2155 2890 2199 2953 Et
2218 2911 2245 2948 so

386 3018 529 3069 aarum.
550 2995 652 3057 infra:
691 2995 751 3058 Vas
780 3009 881 3057 autem
905 3008 1017 3072 cauete,
1048 3018 1084 3057 ne
1115 2993 1153 3056 de
1183 2993 1244 3072 lu's,
1275 3018 1354 3078 quac
1378 3006 1529 3078 precepta
1558 3007 1639 3070 sunt,
1671 2995 1836 3078 queppz‘am
1866 2998 2052 3080 contingatis
2075 3011 2104 3061 et
2127 2999 2200 3061 sitis

545 3103 816 3190 pra-arimannis
846 3103 896 3164 rei
922 3115 950 3165 et
976 3103 1081 3165 omnia
1105 3114 1208 3163 castra
1232 3099 1359 3163 Israhel
1385 3100 1441 3162 sub
1460 3112 1591 3184 peccato
1614 3102 1646 3163 si
1666 3114 1677 3161 t
1706 3114 1797 3184 atque
1821 3102 1988 3164 turbentur.
2039 3101 2201 3188 Quicquid

550 3224 652 3273 autern
676 3211 753 3271 auri
766 3222 794 3271 et
808 3210 934 3293 arpenni
946 3209 1057 3294 fuerit
1071 3220 1099 3270 et
1113 3231 1260 3269 casarum
1276 3229 1442 3269 aeneorum
1457 3230 1495 3268 ac
1510 3206 1614 3291 farrr',
1638 3205 1776 3269 Domino
1792 3209 2013 3271 consecrabitis
2028 3212 2198 3294 repositam

551 3317 584 3380 in
609 3316 764 3379 thesauris
787 3317 863 3377 cius.
899 3312 988 3376 Nulli
1012 3313 1132 3398 quippe
1157 3310 1291 3374 dubium
1315 3321 1372 3390 est,
1398 3311 1475 3397 quin
1500 3310 1540 3373 de
1557 3310 1712 3374 Hiericho
1730 3313 1860 3375 civitate
1878 3312 2097 3377 subvertenda
2116 3314 2197 3378 haec

551 3421 710 3484 dicantur.
765 3419 974 3504 Quapropter
1004 3417 1152 3498 observa,
1183 3417 1322 3502 diligens
1353 3415 1455 3480 lector
1485 3428 1516 3480 et
1547 3417 1673 3480 curiose
1704 3417 1840 3500 auditor,
1873 3419 1959 3504 quod
1990 3419 2054 3484 duo
2085 3422 2118 3483 in
2149 3420 2198 3484 his
2218 3446 2246 3484 as

551 3525 671 3606 verbis,
696 3549 779 3612 quae
803 3526 983 3612 praemissa
1006 3535 1090 3602 sunt,
1121 3523 1303 3604 iubeantur,
1332 3522 1468 3587 alterum
1492 3523 1656 3604 videlieet,
1681 3547 1743 3610 quo
1768 3525 1949 3588 cavendum
1974 3528 2103 3590 omnino
2126 3549 2197 3613 pre-

551 3635 678 3720 cipitur,
702 3655 743 3696 ne
768 3632 808 3695 de
833 3633 893 3711 bis,
918 3654 1000 3718 quae
1024 3631 1166 3694 Domino
1191 3641 1382 3694 consecrata
1405 3640 1487 3706 sunt,
1519 3632 1686 3716 quippiam
1710 3632 1925 3716 contingatur,
1958 3631 2104 3713 alteram,
2134 3657 2198 3719 quo

550 3739 690 3822 iubetur,
721 3739 877 3825 quiequid
901 3740 971 3802 auri
1001 3737 1054 3801 vel
1084 3738 1209 3822 argenti
1242 3760 1281 3800 ae
1304 3737 1381 3800 ferri
1406 3738 1612 3822 omniumque
1636 3759 1789 3801 vasorum
1812 3761 1987 3802 aeneorum
2011 3739 2109 3803 inerit
2131 3740 2197 3804 Do·

550 3848 638 3911 mino
669 3848 851 3910 consecrari
884 3856 916 3909 et
945 3846 978 3908 in
1009 3844 1168 3908 thesauris
1199 3845 1269 3907 eius
1300 3843 1442 3906 recondi.
1482 3843 1725 3929 Vitandumque
1749 3843 1807 3907 tibi
1832 3856 1890 3924 est,
1915 3868 1955 3907 ne
1980 3847 2197 3931 contingendo

551 3976 599 4036 ea,
632 3976 715 4039 quae
736 3953 877 4016 Domino
902 3963 1093 4016 consecrata
1116 3963 1198 4029 sunt,
1235 3952 1278 4013 sis
1302 3951 1570 4036 prevaricationis
1593 3973 1668 4014 reus
1692 3949 1802 4013 etalii
1826 3962 1959 4037 propter
1981 3965 2012 4015 te
2039 3952 2098 4016 sub
2123 3976 2197 4038 pec·
2217 3978 2245 4016 so

551 4072 623 4124 cato
648 4061 712 4122 sint
735 4069 832 4145 atque
863 4058 1042 4138 turbentur,
1074 4067 1106 4120 et
1136 4058 1299 4142 sagaciter
1328 4057 1469 4136 intende,
1501 4054 1641 4142 qualiter
1670 4056 1814 4121 thesauri
1838 4058 1970 4121 Domini
2004 4081 2042 4121 eo
2066 4059 2197 4123 iubente

550 4169 835 4231 incremententur.
873 4165 939 4230 Sed
956 4176 988 4229 et
1011 4165 1072 4228 hoe
1095 4162 1270 4249 diligenter
1293 4162 1441 4244 observa,
1465 4185 1506 4226 ne
1531 4175 1585 4226 tuo
1610 4173 1681 4226 astu
1705 4163 1758 4226 vel
1782 4164 1958 4249 cupiditate
1983 4187 2031 4246 ea,
2057 4187 2140 4250 quae
2164 4168 2197 4229 in

550 4274 711 4339 thesauris
735 4273 866 4337 Domini
898 4274 929 4335 ei
959 4281 1149 4336 consecrata
1179 4281 1262 4352 sunt,
1294 4271 1490 4334 auferantur.
1540 4269 1636 4349 Quod
1666 4281 1783 4351 autem,
1815 4272 1900 4334 sicut
1928 4271 2024 4335 Iosue
2053 4271 2196 4336 Domino

430 4404 532 4451 rusus.
551 4384 730 4468 imperante
766 4379 917 4443 facienda
951 4389 1159 4466 preceperat,
1194 4389 1308 4463 postea
1346 4379 1409 4440 sint
1444 4375 1620 4461 completa,
1660 4378 1830 4462 sequentia
1867 4388 2043 4442 testantur:
2086 4380 2195 4443 Urbem

552 4504 652 4553 autam
677 4504 705 4553 et
727 4491 844 4566 aorisia,
872 4512 951 4573 quae
982 4489 1015 4550 in
1039 4511 1076 4549 aa
1100 4500 1197 4563 eraut,
1229 4485 1454 4548 succenderunt
1482 4486 1597 4569 absque
1627 4498 1753 4569 arpenta
1782 4499 1910 4548 staura
1934 4499 1962 4548 et
1986 4488 2070 4549 cusu
2093 4487 2199 4550 aeaeis
2217 4510 2244 4548 os

551 4621 590 4660 ac
606 4599 714 4682 ferro,
739 4621 818 4680 qaae
843 4597 876 4658 in
899 4596 1061 4657 aerarium
1085 4592 1222 4654 Domini
1242 4605 1469 4654 consecrarunt.
1518 4589 1583 4669 Qui
1614 4600 1722 4654 autem
1753 4612 1834 4654 ausu
1857 4590 1999 4676 quedam
2026 4592 2197 4655 temerario

551 4701 689 4765 inlectus
713 4701 753 4765 de
777 4701 837 4781 his,
863 4722 946 4786 quae
970 4699 1111 4764 Domina
1136 4709 1327 4761 consecrata
1350 4708 1434 4776 sunt,
1458 4695 1566 4783 palam
1590 4706 1686 4782 atque
1711 4696 1836 4762 occulte
1853 4697 2019 4783 quippiam
2036 4699 2197 4783 surripere

551 4831 646 4895 posse
671 4807 856 4888 arbitratur,
881 4805 1030 4890 exemplo
1046 4803 1162 4868 Achsn
1178 4804 1390 4884 deterreatur,
1415 4804 1471 4889 qui
1495 4813 1567 4866 astu
1590 4805 1748 4867 avaritiae
1767 4825 1942 4867 succensus
1967 4802 2006 4867 de
2031 4804 2091 4884 his,
2116 4826 2198 4890 quae

657 5043 812 5092 XXXVIII.
843 5046 854 5092 l
876 5036 992 5104 auferre]
1012 5041 1108 5091 afferre
1127 5057 1157 5090 ea
1175 5041 1273 5090 offerre
1291 5057 1354 5089 carr.
1372 5039 1398 5100 0,
1418 5039 1515 5089 offerre
1534 5047 1587 5089 cett.
1644 5047 1684 5089 est
1701 5035 1817 5102 auferre]
1836 5045 1877 5089 est
1893 5040 1990 5090 offerre
2007 5039 2044 5090 Μ.
2099 5042 2115 5090 2
2135 5055 2199 5105 quo·

551 5135 624 5183 niam
642 5159 677 5166 —
696 5133 832 5197 adquiarit
849 5131 940 5181 desunt
961 5130 987 5180 C.
1055 5129 1172 5179 reddidit
1191 5129 1228 5178 Μ.
1297 5123 1354 5192 ille]
1373 5127 1412 5178 illi
1430 5128 1456 5178 B
1467 5132 1490 5177 1.
1509 5127 1541 5177 L.
1560 5128 1620 5181 Ba.
1640 5129 1675 5177 Μ.
1747 5131 1763 5178 3
1782 5135 1848 5179 vota
1865 5128 1932 5178 deest
1949 5129 1986 5178 Μ.
2057 5126 2121 5179 tulit
2139 5128 2198 5179 Ba.
2216 5144 2246 5183 ιο

550 5216 647 5286 maius]
667 5223 754 5285 magis
774 5221 810 5270 Μ.
884 5223 899 5270 5
919 5218 1161 5283 sacerdotibusque
1183 5218 1209 5269 C.
1282 5220 1298 5267 6
1318 5218 1553 5269 Peutstheuchum
1572 5217 1609 5266 M.
1682 5218 1696 5267 t
1717 5218 1871 5267 continetur
1891 5217 1918 5267 O.
1995 5219 2010 5268 8
2030 5218 2143 5284 reperiri
2161 5217 2198 5267 Μ.

551 5314 566 5363 9
591 5312 731 5362 vitandum
756 5311 818 5360 Ba

659 5422 691 5469 12
710 5412 851 5480 hacteuus]
871 5424 985 5467 actenus
1004 5415 1064 5466 Ba.
1084 5414 1121 5464 Μ.
1193 5414 1332 5465 Mosaicae
1354 5428 1447 5463 soon.
1467 5412 1526 5472 Ba,
1552 5412 1712 5477 Moysaieae
1731 5411 1791 5473 133,
1815 5412 1945 5477 Mosayce
1965 5412 2002 5462 Μ.
2077 5414 2109 5462 13
2128 5407 2197 5475 sive]

550 5526 613 5560 sere
634 5509 670 5559 Μ.
744 5499 952 5568 offerendarum]
972 5504 1141 5555 offenderam
1159 5502 1190 5552 L.
1267 5505 1298 5553 l'l
1318 5503 1458 5551 Exauotus
1479 5502 1515 5551 Μ.
1588 5495 1685 5565 Hicsu]
1704 5503 1741 5550 ita
1762 5502 1793 5562 0,
1813 5502 1875 5552 Iesu
1893 5509 1947 5551 cett.

657 5616 678 5666 1.
708 5617 740 5665 19
760 5616 858 5665 Iosuae
878 5612 903 5662 B
914 5615 937 5660 2.
957 5615 981 5661 3.
1002 5611 1035 5660 Μ
1048 5610 1154 5675 saepias
1240 5611 1270 5659 21
1293 5603 1337 5670 ne]
1358 5625 1414 5659 non
1432 5608 1470 5657 Μ.
1554 5610 1588 5659 23
1610 5608 1693 5658 suerit
1709 5608 1775 5658 deest
1794 5607 1830 5662 Μ.
1915 5608 2120 5659 consecrabitur
2138 5606 2199 5658 BQ.
2218 5623 2248 5662 rs

551 5708 585 5756 24
605 5706 718 5755 Hierico
738 5703 769 5753 L.
789 5703 848 5762 Ba,
868 5701 977 5751 Iericho
996 5717 1008 5750 e
1026 5717 1088 5749 corr.
1108 5698 1168 5748 Bt.
1250 5701 1283 5748 25
1303 5692 1369 5759 dno]
1390 5702 1451 5748 sunt
1468 5697 1529 5748 odd.
1548 5697 1585 5746 Μ.
1666 5699 1699 5747 29
1719 5699 1872 5747 consecrati
1891 5696 1951 5747 Bt.
2030 5692 2073 5761 ne]
2092 5713 2143 5748 neo
2160 5696 2199 5748 Μ.

550 5797 581 5845 31
604 5796 706 5844 intente
726 5793 763 5842 Μ.
836 5792 970 5842 thesauris
989 5788 1021 5839 L.
1101 5790 1134 5838 36
1154 5788 1261 5837 aerario
1281 5786 1340 5836 BQ.
1354 5789 1378 5836 3.
1398 5786 1435 5836 Μ.
1515 5788 1548 5837 3ῖ
1568 5779 1692 5849 inlectus]
1710 5785 1747 5835 ita
1764 5801 1837 5847 eom,
1856 5784 1951 5836 inlecti
1970 5786 2009 5836 nel
2025 5783 2111 5837 illecti
2128 5785 2200 5839 codd.

550 5884 584 5934 38
603 5878 655 5946 his]
676 5885 699 5932 is
719 5882 755 5932 Μ.
