4884 6717
984 1412 1083 1532 55.
1140 1396 1723 1534 CONClLlUM

748 1646 883 1778 AD
925 1642 1964 1779 THEODONIS·VILLAM

967 1885 1769 2023 CONGREGATUM.

962 2134 1054 2219 835.
1080 2134 1277 2207 mensibus
1303 2130 1511 2205 Februario
1539 2143 1576 2204 et
1600 2130 1747 2206 Martio.

634 2397 704 2491 Dc
734 2423 790 2487 hoc
820 2422 977 2486 εοηοίίἱο1
1008 2420 1140 2484 annulae
1163 2419 1353 2483 Bertiuiaui
1380 2417 1425 2481 od
1453 2442 1570 2482 aunum
1595 2425 1669 2486 835.
1701 2419 1749 2484 cd.
1778 2419 1878 2485 Woitz
1907 2447 1945 2508 p.
1970 2431 2014 2491 10
2028 2448 2074 2509 sq.
2106 2423 2215 2493 haece

525 2536 689 2622 referant:
705 2528 929 2612 (Hludowicus
949 2529 1133 2612 imperator)
1151 2523 1193 2587 ad
1209 2546 1303 2589 suum
1319 2522 1474 2610 palatium
1492 2524 1525 2587 in
1541 2523 1868 2591 Theodonis-villam
1883 2550 2035 2593 reversus
2051 2538 2108 2594 est
2142 2529 2182 2594 In

525 2661 591 2726 qno
615 2638 713 2724 etiam
738 2636 826 2698 eirca
848 2643 982 2698 sanctae
1005 2632 1130 2696 Mariae
1153 2629 1437 2718 purificationem²
1460 2641 1656 2697 conventum
1679 2633 1865 2719 generalem
1896 2633 2011 2700 habuit
2038 2636 2182 2700 omnium

525 2767 631 2832 paene
655 2743 753 2807 totius
776 2741 905 2826 imperii
928 2740 979 2804 sui
1003 2740 1229 2825 episcoporum
1253 2746 1286 2802 et
1308 2734 1474 2820 abbatum,
1505 2747 1573 2802 tam
1596 2740 1828 2804 canonicorum
1851 2763 1950 2827 quam
1972 2741 2180 2829 regularium.

525 2852 565 2916 In
588 2873 653 2938 quo
676 2850 761 2912 inter
777 2858 908 2912 caetera
930 2845 1174 2910 ecclesiasticae
1190 2844 1359 2907 instituta⁸
1377 2842 1570 2931 disciplinae
1594 2844 1673 2909 illud
1693 2868 1899 2934 summopere
1915 2847 2106 2914 ventilatum
2121 2859 2180 2932 est,

526 2957 615 3044 quod
638 2956 732 3020 annis
751 2950 914 3041 prioribus
937 2950 1024 3015 idem
1048 2950 1311 3037 religiosissimus
1333 2952 1512 3036 imperator
1534 2950 1758 3017 malivolorum
1774 2952 1913 3041 Deoque
1937 2954 2180 3020 adversantium
2200 2987 2226 3025 ro

526 3062 795 3151 tergiversatione
808 3059 958 3124 inmerito
975 3057 1143 3145 depositus
1159 3068 1295 3144 paterno
1311 3056 1573 3144 hereditarioque
1589 3079 1691 3144 regno
1708 3057 1877 3124 ethonore
1894 3073 1928 3125 et
1942 3062 2034 3148 regio
2049 3063 2179 3126 nomine

526 3171 672 3252 hierat⁴;
696 3167 895 3254 tandemque
918 3164 960 3229 ab
985 3164 1134 3230 omnibus
1158 3163 1364 3229 concorditer
1386 3175 1484 3250 atque
1507 3164 1705 3229 unanimiter
1719 3167 1887 3231 inventum
1904 3179 2001 3256 atque
2016 3168 2178 3236 firmatum

527 3288 586 3361 est,
609 3287 654 3357 ut,
679 3275 808 3340 illorum
831 3270 1027 3338 factionibus
1052 3271 1162 3335 divino
1186 3270 1308 3335 auxilio
1330 3271 1476 3354 cassatis,
1501 3272 1571 3357 ipse
1587 3272 1675 3336 avito
1691 3274 1857 3337 restituens
1873 3273 1988 3339 honori
2005 3275 2178 3364 decorique

526 3385 618 3471 regio
642 3384 757 3447 merito
780 3380 986 3461 reformatus,
1018 3378 1172 3465 deinceps
1200 3376 1390 3441 fidelissima
1418 3375 1669 3466 firmissimaque
1693 3377 1901 3445 oboedientia
1923 3391 1957 3446 et
1978 3381 2179 3449 subiectione

527 3493 704 3578 imperator
727 3499 760 3553 et
783 3487 933 3551 dominus
956 3483 999 3550 ab
1023 3483 1172 3550 omnibus
1197 3482 1382 3550 haberetur.
1419 3483 1527 3565 Quam
1542 3486 1738 3550 inventionis
1758 3509 1901 3573 suaeque
1926 3488 2179 3555 confirmationis
2198 3520 2223 3558 a

526 3599 645 3663 seriem
675 3605 707 3660 et
739 3594 963 3680 unusquisque
998 3592 1129 3680 proprio
1164 3592 1286 3678 scripto
1321 3590 1567 3677 comprehendit
1601 3594 1817 3680 propriaeque
1852 3616 1968 3659 manus
2003 3597 2178 3682 scriptione

526 3702 702 3769 roboravit.
739 3700 783 3765 Et
805 3697 934 3786 plenius
957 3710 1054 3785 atque
1079 3698 1242 3784 copiosius
1266 3698 1429 3762 communi
1453 3709 1643 3762 cunctorum
1660 3698 1928 3787 descriptionem
1943 3724 2044 3766 unum
2061 3725 2178 3790 corpus

526 3812 560 3875 in
590 3808 723 3874 modum
752 3805 854 3872 libelli
878 3804 1115 3892 comprehensa
1145 3805 1243 3869 totius
1273 3806 1321 3868 rei
1344 3805 1495 3891 patratio,
1521 3805 1660 3893 qualiter
1686 3816 1770 3888 acta,
1794 3807 1960 3890 ventilata,
1990 3810 2124 3874 inventa
2146 3819 2179 3875 et

406 3915 410 3926 “
527 3918 671 3982 omnium
694 3912 934 4000 subscriptione
950 3911 1057 3977 denuo
1073 3910 1237 3998 digneque
1252 3911 1351 3975 fuerit
1370 3909 1531 3992 roborata,
1556 3911 1767 3977 devotissima
1787 3914 2071 4003 sincerissimaque
2087 3914 2178 3981 beni-

526 4022 671 4089 volentia
694 4030 728 4086 et
749 4021 849 4085 tantis
878 4018 1026 4106 patribus
1056 4019 1249 4082 auctoritate
1280 4016 1473 4103 dignissima
1502 4029 1693 4083 cunctorum
1723 4021 1857 4085 notitiae
1880 4021 2179 4088 manifestissimum
2197 4051 2224 4091 so

527 4130 636 4194 faeere
670 4150 737 4194 non
770 4125 995 4192 distidenmt5.
1042 4124 1127 4190 Nam
1161 4125 1330 4189 venientes
1364 4125 1398 4188 in
1432 4135 1644 4190 memoratam
1674 4124 1820 4209 urbem⁶‚
1855 4128 1890 4192 in
1923 4125 2061 4193 basilica
2089 4127 2179 4195 beati

528 4235 686 4323 Stephani
716 4234 974 4322 protomartyris,
1005 4233 1242 4317 missarumque
1273 4228 1493 4296 celebratione
1522 4243 1657 4319 peracta
1686 4243 1720 4298 et
1748 4234 1920 4317 universis,
1952 4235 2008 4321 qui
2031 4235 2178 4318 aderant,

527 4345 575 4407 rei
604 4342 717 4408 ordine
748 4339 879 4429 publice
909 4339 1083 4426 patefacto,
1115 4360 1279 4418 coronam,
1311 4339 1438 4425 insigne
1468 4339 1611 4425 imperii,
1642 4362 1663 4403 a
1689 4351 1896 4405 sacrosancto
1927 4340 2041 4406 altario
2072 4341 2178 4407 suble·

526 4461 637 4514 vatam
660 4449 746 4513 sacri
769 4470 809 4512 ac
832 4444 1012 4511 venerandi
1035 4446 1194 4509 antistites
1224 4445 1294 4509 eius
1325 4445 1425 4531 capiti
1453 4467 1528 4509 curn
1558 4448 1699 4511 maximo
1724 4448 1866 4511 omnium
1894 4448 2015 4534 gaudio
2038 4450 2177 4536 propriis

526 4555 677 4620 manibus
701 4556 920 4620 restituerunt.
968 4550 1035 4617 Sed
1058 4561 1091 4616 et
1112 4549 1185 4616 Ebo
1208 4551 1384 4616 Remorum
1408 4551 1534 4638 pridem
1558 4552 1833 4641 archiepiscopus,
1864 4556 1919 4641 qui
1943 4554 2089 4620 eiusdem
2111 4555 2177 4619 fac·
2196 4583 2223 4623 rs

527 4663 625 4726 tionis
648 4660 738 4726 velut
761 4661 897 4746 signifer
918 4659 1035 4738 fuerat,
1067 4680 1245 4722 conscenso
1276 4658 1480 4723 eminentiori
1504 4656 1576 4724 loco
1599 4660 1634 4723 in
1657 4659 1774 4725 eadem
1797 4660 1947 4744 ecclesia,
1979 4684 2089 4727 coram
2112 4683 2177 4726 om-

526 4768 623 4834 nibns
646 4768 750 4833 libera
772 4789 854 4832 voce
877 4766 1042 4853 professus
1067 4776 1117 4830 est
1143 4764 1283 4829 eundem
1307 4765 1491 4849 Augustum
1520 4766 1638 4831 iniuste
1669 4766 1854 4853 depositum
1883 4778 1916 4832 et
1944 4770 2062 4850 omnia,
2093 4789 2177 4855 qnae

527 4874 686 4940 adversus
709 4897 784 4940 eum
806 4883 935 4960 patrata
956 4872 1094 4952 fuerant,
1119 4872 1230 4958 inique
1254 4880 1287 4935 et
1309 4881 1423 4936 contra
1445 4871 1543 4936 totius
1565 4875 1729 4938 tramitem
1752 4876 1925 4960 aequitatis
1940 4875 2041 4941 titisse
2056 4875 2177 4941 machi·

527 4993 605 5047 nata
634 4991 667 5046 et
695 4992 773 5047 tune
803 4981 928 5062 merito,
959 4981 1042 5044 iuste
1073 4978 1237 5065 digneque
1266 4979 1395 5065 imperii
1422 4976 1503 5043 solio
1533 4978 1753 5045 reformatum.
1800 4979 1928 5062 Quibus
1958 4982 2179 5070 sollempniter

527 5090 700 5154 transactis
724 5087 769 5152 sd
791 5087 993 5176 sepedictum
1016 5085 1195 5173 palatium⁷
1218 5086 1360 5171 regressi
1383 5095 1474 5168 sunt3
1497 5083 1610 5173 ibique
1629 5084 1702 5150 Eho
1724 5087 1759 5151 in
1781 5086 1931 5174 plenaria
1952 5089 2066 5155 sinodo
2090 5090 2178 5177 capi·
2197 5120 2224 5160 ω

528 5194 593 5290 tale
616 5196 741 5261 crimen
763 5194 931 5262 confessus
955 5216 1056 5281 seque
1079 5203 1179 5270 tanto,
1209 5191 1245 5257 id
1274 5202 1324 5257 est
1347 5191 1534 5279 episcopali,
1564 5194 1743 5259 ministerio
1773 5193 1944 5282 indignum
1973 5195 2178 5284 proclamans

640 5435 670 5504 1)
702 5433 751 5507 Qf.
776 5431 983 5494 Mullbcclter²
1012 5437 1209 5494 a9380-c.
1266 5432 1388 5505 Simon,
1423 5431 1615 5491 ‘laborata
1645 5434 1694 5493 der
1716 5434 1912 5507 srd'alrischen
1946 5436 2065 5495 Reicies
2096 5445 2180 5496 wita

528 5541 653 5618 Ludroip
675 5542 737 5600 dan
761 5542 928 5600 Fbommm’
954 5542 1143 5618 IL126rqq.
1243 5539 1274 5610 2)
1291 5539 1384 5598 'Faba
1408 5543 1439 5599 2.
1539 5538 1571 5610 3)
1594 5538 1679 5605 Quae
1699 5561 1758 5599 uon
1779 5541 1836 5599 iam
1859 5552 1989 5614 mmm
2018 5545 2054 5602 dc
2070 5533 2181 5621 pruritu

526 5656 646 5724 practer
670 5646 794 5705 Εόοηαη
818 5646 955 5723 epacopa
977 5649 1018 5719 cs.
1045 5646 1165 5717 Simeon,
1189 5648 1209 5703 L
1233 5647 1253 5704 l.
1277 5646 1318 5717 II,
1335 5649 1395 5706 137
1405 5667 1447 5724 sp.
1555 5645 1586 5714 4)
1614 5646 1727 5705 Scilicet
1754 5668 1833 5708 ariao
1855 5654 1926 5711 833.
1951 5669 2044 5709 meuse
2067 5648 2182 5710 Octobri

530 5754 559 5810 in
578 5754 694 5812 wncilio
711 5753 940 5830 Coupmdienri;
963 5773 1053 5828 urpra
1071 5775 1104 5828 p.
1123 5757 1192 5812 695.
1271 5752 1302 5821 5)
1323 5750 1406 5818 Quae
1423 5753 1541 5829 perdita
1562 5763 1635 5810 runt.
1712 5755 1743 5824 6)
1762 5755 1830 5814 scil.
1851 5754 2023 5814 Metteuscru.
2094 5757 2125 5828 7)
2143 5756 2179 5815 ln
2196 5776 2225 5818 aa

536 5860 781 5918 Theodora-villa
804 5855 1039 5935 (Diedeulrofen).
