4884 6717
256 499 469 556 APPENDIX.
495 498 525 555 9.
542 499 649 555 ACTA
665 498 807 557 SPURIA
823 500 878 556 AD
895 496 1116 555 conclarum
1132 496 1414 553 cuulslucausa
1431 494 1679 552 SPECTANTIA
1697 496 1734 551 A.
1748 494 1825 551 838.
1850 489 1912 550 841

365 684 666 773 sequentia1ver0
690 686 833 773 capitula
855 686 899 751 ad
928 684 1067 750 eandem
1096 686 1257 751 rationem
1291 684 1489 771 pertinentia
1523 705 1543 748 a
1578 681 1782 769 sapientibus
1817 682 1917 747 comi·

257 790 344 858 tibus
368 803 400 856 et
423 790 567 857 scabinis
591 792 762 857 dominicis
786 803 861 857 sunt
883 792 1010 880 prolata
1033 803 1066 856 et
1088 814 1147 879 per
1170 791 1327 856 iudicium
1359 813 1469 856 coram
1496 788 1646 855 omnibus
1671 800 1746 855 sunt
1769 790 1916 854 recitata.

364 900 457 964 Haec
482 899 634 986 capitula,
659 922 743 988 quae
767 898 994 980 subsecuntur,
1019 898 1059 964 de
1083 899 1156 985 lege
1180 899 1328 963 Romana
1351 908 1427 962 suut
1449 908 1626 983 assumpta.

363 1007 547 1094 Imperator
562 1006 813 1071 Valentinianus
836 1007 921 1071 inter
947 1017 1057 1071 cetera
1071 1005 1217 1070 Firmino
1234 1004 1400 1091 praefecto
1422 1005 1586 1090 praetorio
1611 1014 1644 1068 et
1666 1003 1804 1090 patricio
1822 1001 1915 1067 data:

225 1118 308 1184 sSi²
338 1124 401 1194 quis
430 1125 555 1194 pulsatus
585 1124 613 1178 in
642 1123 743 1180 iudicio
766 1124 864 1179 adesim
885 1123 1015 1190 noluerit,
1046 1129 1109 1193 post
1139 1111 1318 1176 secundam
1342 1122 1398 1176 aut
1424 1120 1539 1174 terciam
1561 1121 1772 1175 couventionem
1795 1120 1864 1173 sciat
1887 1135 1917 1174 se

256 1231 423 1285 contumacis
445 1231 609 1285 sententiam
632 1230 793 1299 subiturum,
814 1230 843 1284 id
866 1237 960 1285 estut
983 1230 1123 1302 quicquid,
1146 1230 1169 1283 si
1193 1230 1331 1283 fuisset
1353 1228 1381 1282 iu
1403 1227 1514 1292 iudicio,
1537 1227 1705 1282 addicendus
1728 1234 1788 1282 erat
1810 1225 1916 1296 petenti

256 1328 400 1414 rogaturi
423 1338 504 1409 quasi
526 1338 614 1392 ricms
636 1339 770 1392 exsolvat.
816 1338 893 1391 Data
915 1326 992 1390 VII.
1016 1336 1082 1391 Kal.
1106 1336 1172 1390 Maii
1197 1336 1285 1390 Rome
1309 1335 1469 1389 Hcreulauo
1494 1335 1529 1388 V.
1553 1331 1584 1389 C.
1607 1334 1730 1387 consule.

364 1435 395 1498 V
418 1434 562 1521 capitula
583 1434 625 1498 de
650 1434 768 1498 effectu
792 1433 1025 1498 sententiarum
1049 1445 1081 1497 et
1104 1431 1224 1497 finibus
1247 1430 1353 1496 litium
1375 1431 1470 1497 Pauli
1498 1432 1732 1498 sententiarum
1755 1427 1839 1493 libro
1857 1429 1915 1492 V.:

257 1546 908 1622 Quicumque³tr1busauctoritatibusiudicis
931 1556 1082 1605 conventus
1105 1550 1162 1604 aut
1185 1541 1278 1603 trinis
1302 1539 1417 1604 litteris
1441 1550 1486 1604 vel
1502 1548 1590 1602 tribus
1610 1548 1706 1602 edictis
1729 1548 1765 1601 ad
1788 1547 1917 1600 iudicium

213 1678 238 1716 ro
256 1657 339 1712 fuerit
368 1666 534 1728 provocatus
563 1665 612 1713 aut
638 1675 695 1712 uno
716 1675 767 1728 pro
791 1658 918 1712 omnibus
941 1657 1135 1728 peremptorio,
1157 1656 1186 1710 id
1208 1663 1251 1710 est
1274 1657 1349 1727 quod
1371 1673 1482 1728 causam
1506 1655 1650 1726 extinguit,
1681 1654 1763 1709 fuerit
1786 1659 1917 1708 evocatus

256 1771 285 1821 et
307 1765 492 1835 praesentiam
515 1783 592 1820 suam
615 1764 689 1835 apud
713 1782 775 1819 eum
793 1764 921 1834 iudicem,
944 1781 1033 1834 aquo
1049 1764 1075 1818 ei
1091 1764 1280 1817 denuntiatum
1296 1769 1348 1830 est,
1370 1762 1500 1818 exhibere
1523 1774 1588 1816 non
1612 1749 1762 1831 voluerit,
1786 1761 1918 1814 adversus

257 1888 321 1926 eum
355 1872 435 1942 quasi
468 1872 496 1925 in
526 1877 716 1926 contumacem
745 1870 859 1925 iudicari
892 1878 992 1942 potest.
1039 1869 1111 1935 Quin
1139 1870 1222 1924 immo
1252 1886 1304 1924 nec
1327 1869 1471 1924 retractari
1493 1887 1544 1939 per
1566 1868 1783 1939 appellationem
1805 1866 1918 1938 negotia

255 1985 379 2049 possunt,
404 1979 531 2050 quotiens
554 1979 581 2032 in
604 1986 795 2033 contumacem
817 1978 901 2034 luerit
923 1978 1080 2031 iudicatum.

364 2076 447 2140 Item
471 2074 675 2140 Theodosius
704 2074 788 2139 libro
819 2085 935 2162 quarto
966 2074 1007 2138 de
1038 2074 1206 2138 sententiis
1238 2096 1281 2138 ex
1314 2072 1460 2160 periculo
1483 2071 1678 2137 recitandis:
1710 2075 1916 2151 Imperatores⁴

212 2211 238 2253 rs
256 2191 415 2262 Gratianus,
438 2192 649 2247 Valentinianus
672 2199 702 2247 et
723 2191 896 2246 Theodosius
917 2190 1008 2246 ΑΑΑ.
1027 2189 1143 2245 Clearco
1166 2190 1318 2261 praefecto.
1360 2189 1498 2260 Quicquid
1520 2188 1711 2259 praesentibus
1742 2186 1866 2258 partibus
1889 2186 1918 2240 in

255 2300 345 2355 causis
378 2300 461 2355 fuerit
495 2299 650 2354 ordinatum
684 2298 797 2354 habebit
831 2298 1018 2369 plenissimam
1047 2297 1204 2352 firmitatem
1235 2314 1286 2352 nec
1316 2297 1416 2367 poterit
1450 2296 1595 2350 immutari.
1641 2295 1717 2349 Data
1738 2294 1804 2348 Kal.
1828 2293 1917 2363 April.

255 2406 379 2462 Honorio
402 2407 519 2462 octavo
543 2414 572 2462 ct
594 2397 710 2462 Boetio
734 2422 822 2459 conss.

363 2503 518 2591 Sequitur
550 2504 712 2567 sententia
742 2501 783 2566 de
814 2501 930 2566 eadem
959 2501 1032 2587 lege
1056 2502 1204 2566 Romana
1234 2500 1275 2564 de
1299 2499 1382 2565 libro
1405 2498 1500 2564 Pauli
1530 2509 1713 2584 assumpta:
1746 2495 1805 2561 Si⁶
1828 2496 1916 2560 enirn

255 2609 419 2675 iudicibus
443 2610 522 2675 talia
546 2609 780 2690 conceduntur,
804 2620 926 2695 quanto
950 2609 1054 2694 magis
1079 2606 1211 2694 regibus
1236 2619 1269 2672 et
1293 2605 1542 2694 imperatoribus
1566 2605 1680 2669 fraena
1703 2615 1735 2668 et
1758 2603 1828 2668 lora
1848 2625 1915 2667 am·

210 2745 238 2785 so
256 2716 360 2804 pliora
384 2728 416 2781 et
439 2716 556 2781 latiora
579 2717 779 2796 relaxantur,
812 2717 966 2803 qnoniam
995 2715 1037 2779 de
1070 2715 1204 2779 crimine
1236 2714 1415 2778 maiestatis
1446 2713 1578 2799 gravius
1601 2711 1788 2776 iudicantur
1812 2710 1859 2774 rei
1883 2721 1916 2774 et

257 2825 454 2888 incriminati
478 2846 576 2911 quam
599 2823 732 2888 alterius
757 2823 894 2888 alicuius
917 2823 1047 2909 generis
1071 2821 1214 2902 sceleris,
1240 2822 1317 2908 quia
1341 2820 1443 2885 honor
1458 2820 1575 2907 capitis
1592 2818 1693 2883 decus
1710 2828 1759 2882 est
1778 2816 1916 2882 aliorum

256 2930 475 2996 membrorum
500 2943 531 2995 et
555 2930 699 2995 dedecus
725 2931 841 3018 capitis
863 2930 1044 3015 ignominia
1068 2940 1117 2993 cst
1140 2928 1278 2992 aliorum
1302 2926 1531 2992 membrorum.
1567 2926 1680 3006 Porro,
1706 2925 1784 3013 quia
1807 2924 1916 2989 omnia

256 3037 404 3103 membra
426 3048 582 3103 secuntur
605 3036 724 3124 capud,
749 3036 876 3102 scilicet
899 3047 933 3101 ut
956 3037 989 3099 in
1014 3036 1279 3121 compensatione
1298 3034 1589 3121 praedecessorum
1606 3043 1800 3112 nostrorum,
1824 3052 1914 3095 more

364 3260 380 3307 4
406 3258 544 3323 praefecto
564 3252 714 3324 praetorio]
734 3257 873 3322 preposito
892 3273 912 3306 e.
998 3255 1014 3305 θ
1041 3256 1196 3306 contumaci
1219 3255 1356 3305 sententia
1373 3270 1394 3304 e.
1486 3246 1665 3314 addicendus]
1687 3250 1876 3302 advinceudus
1895 3265 1916 3299 c.

211 3367 239 3407 η
257 3348 272 3398 'l
293 3347 326 3397 V.
347 3347 376 3397 C.
396 3341 521 3411 consule]
540 3349 600 3397 viro
620 3363 643 3397 e.
663 3344 770 3396 consuli
789 3363 809 3395 e.
874 3343 978 3395 8liber
995 3361 1016 3394 c·
1079 3346 1112 3394 10
1132 3344 1317 3410 prcemptorio
1335 3360 1357 3393 e.
1419 3336 1503 3407 quod]
1523 3357 1576 3406 que
1594 3358 1614 3391 c.
1682 3343 1714 3391 14
1734 3341 1876 3390 recitatum
1895 3355 1916 3388 e.

257 3437 289 3485 21
311 3431 433 3499 sceleris]
454 3436 491 3486 ita
508 3454 529 3496 e,
554 3434 688 3487 secularis
707 3434 767 3485 Bal.
840 3436 874 3485 28
894 3428 1127 3501 compensatione]
1148 3432 1186 3482 ita
1202 3449 1224 3492 e,
1244 3432 1448 3498 comparatione
1467 3430 1523 3481 edd.

367 3617 396 3688 l)
422 3615 471 3689 Os.
497 3616 617 3687 Simeon,
642 3616 832 3693 ‘Entstelung
856 3617 907 3673 der
924 3613 1220 3691 pseudoisidorisclten
1246 3612 1461 3688 Fd‘lsclrunpen’
1485 3633 1519 3687 p.
1536 3615 1651 3688 80sqq.
1732 3609 1763 3680 2)
1793 3609 1916 3666 Valenti·

257 3724 340 3783 niani
355 3723 411 3781 III.
436 3725 546 3781 novella
562 3727 601 3783 12
624 3723 744 3799 interpr.
762 3724 843 3799 apud
858 3722 895 3782 G.
913 3723 1035 3791 Hamel,
1061 3723 1125 3780 Lex
1143 3720 1278 3777 Rornanu
1300 3718 1504 3795 Vuigotlorunt
1529 3712 1662 3794 (Lipsiae
1677 3710 1783 3792 1849),
1804 3736 1837 3791 p.
1854 3719 1918 3775 296

258 3825 312 3906 (=
330 3851 393 3889 nov.
412 3835 451 3890 35
475 3831 594 3906 interpr.
619 3832 662 3887 ed.
681 3830 716 3886 P.
737 3830 779 3886 M.
802 3830 902 3904 Meyer
925 3830 1006 3906 apud
1028 3829 1184 3886 illonrmsen
1205 3835 1232 3882 et
1248 3825 1357 3901 Meyer,
1389 3825 1578 3882 Theodosium
1599 3824 1664 3881 libri
1679 3823 1763 3892 XVI,
1789 3821 1919 3880 Berolini

212 3941 349 4007 201905,
374 3939 427 3995 eol.
445 3938 484 4008 11,
504 3959 536 4013 p.
555 3933 626 4012 151)
634 3959 642 3993 ι
672 3977 731 3993 ...
756 3939 778 3993 si
803 3939 865 4009 quis
888 3938 1017 4010 pulsatus
1041 3937 1069 3990 in
1092 3936 1196 3990 iudicio
1214 3935 1316 3990 adesse
1333 3933 1467 4001 uoluerit,
1491 3940 1556 4004 post
1572 3933 1684 3988 tertiam
1701 3932 1915 3986 conventionem

258 4049 328 4103 sciat
343 4066 373 4102 se
391 4046 562 4101 contumacis
578 4047 750 4100 senteutiam
766 4046 936 4113 subiturum,
952 4045 981 4098 id
998 4051 1043 4100 est
1058 4050 1090 4097 ut
1105 4041 1254 4113 quidquid,
1280 4042 1302 4094 si
1318 4040 1459 4095 adfuisset
1477 4040 1505 4093 in
1522 4039 1634 4105 iudicio,
1660 4038 1837 4092 addicendus
1854 4044 1916 4092 erat

258 4155 370 4226 petenti
401 4153 537 4222 litigatori
568 4153 648 4223 quasi
679 4153 771 4206 victus
802 4153 937 4207 exsolvat.
975 4149 1064 4220 (Data
1087 4148 1180 4203 XVII.
1205 4148 1272 4203 Kal.
1297 4147 1365 4202 Mai.
1390 4147 1497 4202 Romae
1527 4144 1709 4200 Heruculauo
1734 4143 1794 4198 VC.
1819 4162 1914 4210 cona,

258 4262 276 4316 l.
301 4262 320 4316 l.
340 4281 373 4335 p.
390 4261 451 4318 294
474 4247 766 4338 [dsqjerp.148].
873 4258 903 4326 3)
936 4257 999 4313 Lar
1022 4254 1104 4312 Rom.
1131 4254 1188 4312 Vis.
1213 4253 1298 4310 Paul.
1322 4261 1392 4310 sent.
1416 4251 1461 4308 tib.
1482 4252 1509 4307 V
1527 4250 1603 4308 tit5
1627 4251 1662 4306 de
1684 4250 1784 4322 effectu
1807 4257 1917 4306 senten·

258 4367 361 4423 tiorum
378 4374 405 4422 et
418 4364 527 4443 finibus
548 4364 645 4433 Iitimn,
668 4355 728 4442 §6
751 4363 872 4439 interpr.
896 4359 1024 4438 (Haenel
1039 4382 1073 4438 p.
1089 4359 1183 4438 420):
1208 4361 1377 4432 Quicunque
1397 4360 1487 4414 tribus
1503 4359 1717 4414 auctoritatibus
1733 4357 1832 4412 iudicis
1849 4374 1915 4412 con·

214 4499 242 4539 ω
259 4481 360 4530 ventus
384 4473 430 4529 rel
454 4473 543 4527 tribus
568 4473 668 4528 edictis
691 4473 728 4528 ad
751 4473 884 4527 iudicium
914 4471 999 4526 fuerit
1027 4476 1195 4542 provocatus
1218 4476 1266 4523 aut
1289 4485 1346 4521 uno
1369 4485 1419 4538 pro
1449 4466 1577 4521 omuibus
1605 4465 1787 4536 peremtorio,
1819 4464 1846 4517 id
1871 4471 1916 4518 cst

260 4581 334 4653 quod
365 4599 477 4635 eausam
508 4581 673 4651 exstinguit,
704 4578 791 4634 fuerit
822 4586 957 4633 evocatus
981 4585 1010 4632 et
1032 4576 1223 4649 praesentiam
1246 4593 1324 4630 suam
1348 4574 1424 4645 apud
1449 4591 1513 4628 eum
1536 4573 1669 4639 iudicem,
1693 4590 1711 4627 a
1734 4589 1789 4642 quo
1813 4571 1839 4625 ei
1863 4570 1916 4624 dc·

260 4688 419 4742 nuntiatum
443 4694 497 4753 est,
522 4686 656 4741 exhibere
680 4685 814 4750 noluerit,
838 4685 975 4739 adversus
998 4701 1072 4750 eum,
1097 4684 1176 4754 quasi
1199 4683 1229 4736 iu
1252 4689 1457 4746 contumacem,
1481 4680 1598 4734 iudicari
1617 4685 1725 4750 potest.
1763 4677 1837 4741 Quin
1861 4677 1916 4730 imo

259 4812 312 4850 nec
347 4794 495 4849 retractari
527 4811 580 4865 per
613 4792 835 4864 appellationem
870 4792 987 4863 negotia
1019 4799 1155 4862 possunt,
1191 4789 1304 4861 quotics
1338 4788 1368 4842 in
1402 4794 1596 4842 contumacem
1630 4784 1716 4841 fuerit
1751 4785 1915 4838 iudicatum.

261 4901 292 4971 4)
324 4898 393 4959 Cod.
424 4899 527 4955 Theod.
558 4899 602 4956 lib.
627 4898 682 4956 IV.
715 4898 755 4955 tit.
780 4902 820 4958 15
850 4899 885 4955 de
912 4897 1056 4955 sententiis
1085 4917 1121 4954 ex
1145 4895 1275 4971 periculo
1305 4893 1458 4952 recitandis
1488 4893 1531 4949 ed.
1556 4891 1678 4958 Hcenel,
1709 4892 1728 4946 l.
1753 4892 1771 4946 t.
1798 4910 1831 4964 p.
1856 4892 1918 4947 122

214 5033 242 5072 so
268 5001 322 5082 (=
342 5006 360 5063 l
363 5008 393 5076 V,
411 5009 451 5066 17
473 5007 554 5081 apud
577 5006 741 5076 Mammam,
773 5003 961 5063 Theodosiani
982 5003 1047 5061 libri
1061 5002 1142 5060 XVI
1159 5004 1213 5060 ool.
1230 5002 1255 5071 I,
1275 4995 1470 5076 p.1.‘tSsq.):
1494 5001 1513 5055 l.
1539 4994 1617 5072 113)
1641 4998 1732 5070 Impp.
1750 4997 1916 5061 Gratianus,

260 5114 477 5170 Valentinianus
508 5123 537 5169 et
564 5113 741 5169 Theodosius
764 5113 857 5168 Ans.
881 5111 1018 5168 clearcho
1049 5110 1198 5183 praefecto
1229 5109 1381 5180 praetorio,
1412 5109 1430 5163 t.
1450 5111 1472 5165 2
1496 5100 1543 5182 (5)
1575 5106 1653 5161 Idem
1678 5105 1770 5159 ΑΑΑ.
1793 5103 1917 5157 Timasio

262 5222 355 5277 comiti
380 5229 409 5277 et
430 5222 563 5293 magistro
586 5221 723 5292 equitum.
771 5219 906 5276 Condicio
929 5226 1148 5290 praeceptorum
1170 5217 1299 5288 pertibus
1322 5214 1523 5286 praesentibus
1553 5213 1651 5267 habita
1673 5229 1728 5266 non
1753 5217 1849 5282 potest
1873 5210 1915 5264 in-

260 5327 370 5382 mutari.
418 5328 487 5382 Dat.
512 5327 550 5380 X.
575 5327 640 5383 Kal.
665 5327 757 5400 April.
783 5325 1029 5398 Constantinopoli
1052 5325 1177 5380 Honorio
1200 5323 1238 5378 N.
1263 5314 1296 5376 Ρ.
1322 5329 1352 5377 ct
1376 5321 1483 5376 Evodio
1515 5337 1624 5386 consa,
1656 5317 1794 5392 interpr:
1825 5315 1916 5380 Quid·

263 5435 329 5505 quid
353 5434 555 5506 praesentibus
578 5436 706 5506 partibus
729 5436 757 5491 iu
781 5434 872 5489 causis
894 5433 981 5488 inerit
1003 5433 1163 5487 ordinatum
1186 5430 1305 5485 babebit
1329 5429 1520 5501 plenissimam
1543 5425 1706 5480 firmitatem
1733 5443 1787 5478 nec
1811 5423 1918 5495 poterit

215 5565 244 5604 45
261 5542 402 5596 inmutari.
485 5541 515 5611 5)
540 5540 604 5598 Hoc
626 5549 654 5598 et
673 5542 841 5617 subsequens
863 5538 1045 5596 testimonium
1070 5557 1145 5595 orere
1166 5536 1278 5615 ficticia
1301 5555 1359 5592 asse
1376 5533 1491 5609 putarit
1513 5533 1650 5608 Sueipny,
1675 5529 1851 5589 ‘Gescbiclrtc
1870 5529 1919 5585 des

262 5647 419 5705 rdinisclren
448 5648 553 5704 Rechts
582 5648 618 5703 irn
651 5647 828 5704 Mittelalter'
853 5647 896 5704 ed.
913 5649 943 5705 2.
969 5644 1010 5715 ΙΙ,
1027 5648 1096 5714 120,
1128 5643 1173 5701 cui
1201 5643 1393 5718 adstipulatur
1424 5641 1545 5709 Sirnson‚
1576 5641 1594 5696 t.
1619 5641 1637 5695 l.
1665 5659 1697 5714 p.
1721 5642 1853 5713 &Osqffi
1884 5636 1919 5691 de

258 5754 355 5830 primo
378 5754 486 5812 dubitat
510 5754 551 5810 M.
579 5753 697 5824 Conrat,
728 5752 905 5812 ‘Geecbiclte
934 5754 986 5810 der
1010 5750 1128 5815 Qucum
1151 5750 1214 5807 und
1236 5748 1383 5805 Literatur
1413 5748 1462 5803 des
1485 5746 1640 5804 riirnisclren
1665 5745 1770 5802 Recita
1792 5743 1828 5798 im
1846 5743 1918 5815 sris·-

263 5862 348 5919 lreren
374 5861 538 5918 Mittelalter
561 5860 583 5917 Ι
600 5853 747 5937 (Leipzig’
772 5859 879 5944 1889),
898 5880 931 5935 p.
948 5862 1004 5919 311
1029 5878 1097 5915 ann.
1114 5862 1145 5917 2.

316 5977 359 6021 aa
372 5976 474 6018 cenem
487 5977 519 6021 11.
1655 5973 1705 6022 106
