4884 6717
688 499 740 556 61.
776 498 994 556 CONCILIUM
1017 499 1338 558 INGELHEIMENSE
1361 502 1399 557 A.
1420 499 1496 558 840.
1851 493 1915 557 809

265 686 437 773 Rodingo¹
453 688 617 773 episcopo,
641 686 836 752 Frothario²
851 687 1015 773 episcopo,
1041 685 1249 753 Gisleberto8
1267 688 1432 774 episcopo,
1455 686 1596 752 Adone⁴
1611 687 1775 774 episcopo,
1799 687 1916 752 Hrsm-

266 797 381 881 perto⁶
414 794 579 880 episcopo,
614 792 766 858 Ratulfo6
795 804 911 859 vocato
947 795 1110 881 episcopo,
1145 794 1345 880 Hartgam’o7
1378 805 1494 859 vocato
1530 795 1694 882 episcopo,
1729 793 1918 859 Amalrico⁸

266 910 381 965 vocato
398 902 562 987 episcopo,
586 901 715 966 Bosone
731 898 850 965 abbate
866 923 908 966 ex
923 902 1119 966 monasterio
1135 903 1242 967 sancti
1256 900 1452 967 BenedIcti⁹
1474 923 1549 966 cum
1572 900 1644 965 aliis
1669 898 1915 988 quampluribus

266 1005 451 1089 abbatibus,
475 1005 674 1094 presbyteris
698 1015 796 1093 atque
820 1006 1022 1073 diaconibus.

236 1162 249 1201 s
373 1131 541 1197 Remissus
565 1143 615 1196 est
637 1143 746 1196 autem
770 1153 790 1195 a
812 1132 878 1196 iam
902 1131 988 1196 dicto
1011 1133 1209 1219 imperatore
1232 1131 1387 1197 Lothario
1412 1154 1470 1197 seu
1493 1154 1513 1195 a
1535 1131 1682 1219 praefato
1707 1132 1845 1197 coneilio
1875 1131 1917 1196 ad

267 1237 379 1302 sedem
395 1240 570 1325 propriam,
587 1237 782 1302 Remensem
798 1237 924 1303 scilicet
939 1239 1122 1304 ecclesiam.
1153 1238 1208 1303 Ad
1223 1262 1322 1327 quam
1337 1240 1473 1304 veniens
1486 1238 1579 1303 VIII.
1591 1238 1670 1303 Idus
1685 1236 1880 1304 Decembris
1892 1242 1919 1283 ¹⁰

268 1355 418 1431 receptus
442 1353 492 1408 est
522 1343 564 1409 ab
588 1345 752 1431 episcopis
783 1344 997 1430 suffraganeis
1021 1346 1097 1428 suis,
1126 1345 1313 1411 Rothado¹¹
1344 1347 1509 1432 episcopo,
1541 1345 1731 1410 Simeone¹²
1753 1347 1917 1433 episcopo,

267 1450 399 1537 Lupo¹⁸
422 1452 587 1538 episcopo,
618 1452 802 1538 Erpuino¹⁴
826 1451 991 1538 episcopo,
1021 1475 1087 1517 nna
1117 1475 1189 1518 cum
1221 1451 1337 1538 legatis
1365 1453 1507 1517 omniurn
1531 1451 1668 1516 aliorum
1691 1452 1917 1539 episcoporum

268 1557 438 1622 Remensis
462 1556 640 1638 dioceseos,
666 1558 731 1645 qui,
755 1558 856 1622 variis
880 1557 1002 1623 detenti
1021 1556 1261 1623 infirmitatibus
1277 1558 1354 1624 illuc
1370 1557 1531 1646 corporali
1546 1559 1731 1644 praesentia
1747 1580 1918 1624 occurrere

224 1695 251 1734 ro
267 1687 334 1728 non
345 1664 503 1745 valentes,
520 1687 611 1729 suam
623 1675 733 1729 tamen
745 1687 804 1751 per
817 1663 1057 1730 ecclesiasticos
1072 1665 1197 1750 legatos
1213 1675 1247 1730 et
1262 1666 1483 1730 excusatorias
1500 1665 1623 1730 litteras
1638 1663 1685 1729 illi
1701 1664 1919 1730 exhibuerunt

268 1772 498 1858 praesentiam,
530 1771 664 1857 insuper
694 1771 792 1836 etiam
815 1793 835 1833 a
858 1771 1024 1835 canonicis
1048 1781 1080 1834 et
1103 1771 1271 1836 monachis
1298 1783 1395 1858 atque
1419 1770 1697 1857 corregionalibus
1719 1769 1919 1859 presbyteris

268 1878 366 1942 totius
396 1876 546 1959 diocesis,
577 1898 652 1942 cum
681 1875 808 1940 infinita
837 1876 1042 1941 multitudine
1072 1879 1240 1965 utriusque
1264 1900 1372 1959 sexus,
1404 1879 1460 1964 qui
1490 1900 1603 1943 omnes
1633 1902 1707 1944 cum
1731 1880 1828 1943 ramis
1852 1878 1919 1965 pal·

268 2006 395 2048 marum
418 1996 451 2049 ct
474 1985 578 2049 cereis
601 1980 791 2048 ardentibus
814 1982 992 2069 laudesque
1008 1983 1082 2048 Deo
1099 1985 1221 2049 intimis
1238 2007 1280 2048 ex
1296 1983 1449 2049 cordibus
1473 1994 1506 2049 et
1528 1984 1759 2050 excelsissimis
1782 1984 1918 2050 vocibus

269 2090 508 2177 proclamantes
538 2089 634 2175 longe
665 2090 695 2154 ei
726 2088 768 2154 ab
799 2089 939 2154 ecclesia
970 2088 1186 2155 obviaverunt
1216 2103 1249 2155 et
1278 2114 1381 2178 usque
1415 2091 1458 2156 sd
1493 2091 1665 2156 ecclesiam
1700 2092 1921 2157 indesinenter

226 2227 251 2266 rs
269 2197 444 2284 psallentes
476 2219 550 2262 eum
583 2195 816 2282 perduxerunt.
870 2196 963 2261 Tunc
997 2198 1141 2263 oratione
1175 2197 1338 2284 completa
1367 2198 1561 2283 silentioque
1592 2199 1742 2285 imposito
1772 2198 1920 2264 ascendit

268 2303 470 2368 Rothadus¹¹
487 2305 659 2390 episcopus
675 2302 859 2384 ambonem,
876 2303 999 2368 ducens
1015 2326 1126 2368 secum
1139 2303 1349 2390 Ingobertum
1365 2304 1571 2385 monachum,
1589 2316 1622 2369 et
1633 2306 1737 2391 primo
1749 2304 1919 2370 adlocutus

270 2420 319 2475 est
341 2409 496 2497 gaudenti
519 2407 615 2496 plebe
648 2408 689 2474 de
721 2407 931 2474 desiderabili
960 2411 1147 2475 reversione
1177 2412 1303 2498 proprii
1331 2413 1470 2498 pastoris
1493 2423 1526 2476 et
1549 2411 1688 2498 qualiter
1710 2414 1877 2476 restitutus
1901 2435 1920 2476 a

269 2529 381 2582 sancto
413 2516 550 2582 concilio
584 2539 641 2581 seu
672 2515 715 2580 ab
750 2517 946 2603 imperatore
977 2515 1133 2581 Lothario
1165 2518 1212 2582 cis
1243 2516 1485 2601 remittebatur,
1521 2531 1554 2582 et
1586 2519 1681 2583 iussit
1710 2517 1919 2604 Ingobertum

269 2624 465 2689 monachum
489 2623 555 2688 alta
578 2645 660 2688 voce
686 2625 791 2710 ipsam
815 2624 886 2688 eius
909 2624 1146 2688 restitutionem
1170 2623 1289 2710 legere.
1329 2623 1502 2689 Dederunt
1516 2625 1614 2689 etiarn
1637 2637 1808 2712 praesente
1832 2626 1920 2690 omni

224 2760 252 2800 so
270 2729 410 2795 ecclesia
443 2730 542 2817 legati
577 2731 805 2817 episcoporum
846 2732 1070 2817 unusquisqne
1112 2752 1280 2795 assensum
1321 2732 1445 2817 proprii
1483 2732 1534 2795 sni
1568 2732 1714 2818 episcopi
1748 2743 1781 2796 et
1814 2730 1918 2818 plebis

270 2839 442 2924 scriptum,
468 2838 523 2923 qui
540 2859 652 2901 omnes
669 2836 829 2902 ccclesiae
852 2835 894 2900 ab
910 2835 1087 2922 Ingoberto
1110 2836 1269 2901 monacho
1293 2836 1422 2923 publice
1446 2837 1559 2902 relecti
1583 2850 1666 2902 snnt.
1701 2837 1755 2902 Ad
1770 2838 1918 2904 ultimum

270 2943 361 3008 dedit
378 2944 506 3024 Vitaus,
538 2944 768 3031 corepiscopus
799 2953 832 3008 et
861 2943 1004 3007 vicarius
1027 2942 1223 3008 Theoderici
1234 2947 1261 2986 ¹⁵
1283 2944 1439 3029 episcopi,
1470 2966 1636 3009 assensum
1667 2945 1918 3031 infrascriptum,

271 3073 368 3136 quem
397 3049 520 3116 idcirco
544 3050 598 3116 bic
627 3072 706 3136 prae
736 3050 854 3114 ceteris
877 3050 1082 3132 inseruimus,
1113 3051 1265 3137 quatinus
1296 3052 1329 3115 in
1360 3073 1399 3116 eo
1423 3061 1456 3115 et
1484 3073 1536 3116 res
1563 3062 1656 3137 gesta
1678 3050 1754 3117 licet
1776 3050 1921 3116 breviter

272 3157 506 3244 comprehensa
528 3156 683 3243 liquidius
707 3157 859 3242 cognosci
882 3157 986 3242 possit
1008 3168 1041 3220 et
1064 3179 1242 3221 consensus
1265 3179 1388 3238 eorum,
1420 3159 1476 3244 qni
1503 3169 1692 3244 praesentes
1715 3157 1831 3222 adesse
1854 3181 1920 3222 non

225 3293 253 3333 ,s
270 3263 442 3329 valuerunt
464 3264 497 3328 in
521 3263 726 3327 restitutione
751 3263 831 3345 eius,
856 3262 1058 3327 manifestius
1082 3263 1236 3349 intelligi:

377 3392 488 3453 Dnm¹⁰
509 3414 566 3452 non
589 3397 711 3452 habetur
734 3397 918 3468 incognitum,
941 3397 1019 3467 qnod
1034 3415 1052 3451 a
1069 3396 1197 3468 pluribus
1220 3398 1333 3454 videtur
1356 3416 1418 3454 esse
1442 3405 1628 3469 compertum.
1652 3398 1776 3470 qualiter
1799 3399 1921 3455 ecclesia

270 3506 340 3560 haee
362 3506 482 3559 maxima
505 3503 660 3558 Galliarum
683 3504 737 3558 snb
760 3503 895 3575 regimine
919 3503 1090 3558 Francorum
1113 3504 1232 3559 diversis
1255 3504 1515 3576 perturbationibus
1538 3523 1571 3560 ac
1595 3505 1741 3560 discordiis
1765 3506 1920 3577 principum

271 3601 495 3687 indignatione
520 3600 664 3666 violenta
686 3600 757 3664 istis
781 3611 955 3681 temporibus
971 3611 1082 3682 agitata
1099 3619 1227 3680 vexatur,
1251 3613 1328 3667 unde
1353 3618 1383 3667 et
1406 3611 1516 3682 plurimi
1541 3612 1745 3683 episcopomm,
1766 3625 1786 3666 a
1801 3613 1920 3683 propriis

270 3719 386 3773 sedibus
410 3717 520 3789 expulsi
543 3724 593 3772 aut
616 3718 716 3773 timore
741 3717 885 3772 derelictis
908 3718 1053 3789 grem‘bns,
1084 3718 1203 3773 diversis
1229 3719 1258 3773 in
1280 3718 1409 3789 partibus
1434 3718 1593 3773 exulantur.
1639 3718 1719 3774 Inter
1742 3736 1811 3791 quos
1835 3719 1920 3774 etiarn

227 3843 252 3882 se
271 3826 353 3880 Ebbo
376 3825 606 3895 archiepiscopus
622 3824 770 3879 Remensis
788 3823 938 3892 eeclesiae,
961 3832 1060 3896 raptus
1076 3843 1093 3879 a
1107 3825 1221 3896 propria
1245 3825 1314 3880 sede
1338 3826 1495 3896 principum
1517 3825 1708 3897 indignatione
1733 3825 1867 3894 violenta,
1893 3827 1920 3880 in

272 3932 353 3988 exilio
377 3932 479 3986 ductus
503 3939 558 3986 cst.
605 3930 690 3986 Unde
716 3938 746 3986 et
768 3931 904 3985 reductus
927 3932 979 3986 sub
1003 3932 1141 3999 custodia,
1173 3939 1205 3986 ut
1235 3931 1391 4002 periculum
1421 3932 1567 3986 imminens
1598 3933 1736 3987 evaderet
1760 3940 1790 3988 et
1812 3932 1921 3989 furores

270 4039 504 4110 persequentium
533 4037 687 4108 mitigaret,
717 4038 882 4092 redimendo
913 4045 1034 4110 tempus,
1065 4046 1097 4092 ut
1126 4039 1233 4093 meliori
1263 4057 1293 4092 se
1329 4038 1449 4109 tempori
1483 4045 1653 4106 reservaret,
1689 4058 1752 4093 cum
1782 4057 1921 4094 consensu

272 4145 466 4217 episcoporum
489 4142 645 4216 pontificali
668 4144 788 4199 secessit
811 4161 828 4199 s
850 4145 1014 4212 ministerio,
1044 4146 1110 4199 dum
1132 4145 1206 4200 inter
1229 4151 1352 4201 terrores
1377 4153 1407 4200 ct
1431 4145 1584 4200 discordias
1607 4146 1678 4200 ratio
1702 4163 1756 4199 non
1780 4146 1846 4199 sinit
1869 4147 1920 4200 im·

271 4252 374 4307 molare
399 4251 536 4317 victimas,
560 4251 675 4306 dicente
696 4251 831 4304 Domino:
858 4249 891 4306 Si
912 4251 1001 4323 offers
1023 4271 1123 4307 situnne
1145 4259 1218 4306 nrurn
1244 4252 1285 4306 ad
1305 4253 1399 4307 altare
1422 4257 1448 4306 et
1472 4245 1520 4307 ibi
1540 4253 1706 4308 recordatus
1722 4251 1829 4332 fueris,
1854 4251 1921 4327 qnia
1941 4263 2050 4354 tqqnpff.

228 4536 253 4575 ss
378 4517 609 4566 2llarcarrioA.
626 4515 655 4565 P.
713 4518 745 4566 10
764 4523 791 4566 et
809 4516 875 4566 deest
888 4515 918 4565 P.
977 4518 1005 4565 11
1028 4509 1203 4580 presbyteris]
1224 4512 1322 4564 litteris
1337 4514 1368 4563 Λ.
1426 4515 1458 4564 15
1477 4509 1670 4580 perduxerunt]
1691 4515 1876 4580 produxerunt
1891 4513 1920 4563 P.

273 4607 306 4654 16
325 4604 475 4656 Rothnldus
495 4605 526 4655 P.
617 4599 1126 4668 21ecetesireab1nbeeelesieP.
1227 4598 1387 4666 stonense]
1408 4603 1491 4654 adse
1511 4604 1541 4654 P.
1632 4606 1666 4654 20
1692 4605 1869 4668 magnifestm
1891 4603 1921 4653 P.

271 4695 303 4744 st
325 4690 465 4758 regimine]
487 4696 598 4759 regione
619 4694 648 4744 P.
722 4697 756 4744 28
775 4694 963 4758 indignatione
982 4693 1104 4743 violenta
1123 4687 1190 4755 istis]
1216 4691 1258 4741 his
1278 4693 1352 4757 Apol.
1419 4691 1531 4742 volente
1549 4692 1589 4742 llic
1607 4701 1630 4742 et
1648 4693 1720 4758 infra
1742 4693 1770 4742 P.
1834 4694 1919 4758 agita·

271 4789 326 4834 tata
345 4783 376 4832 P.
458 4801 474 4834 a
493 4778 618 4849 propriis]
642 4785 668 4833 vi
688 4785 804 4848 propriis
823 4799 840 4832 a
860 4783 934 4847 Apol.
1015 4783 1117 4847 propiis
1137 4782 1168 4831 P.
1250 4783 1284 4831 30
1302 4782 1362 4830 Ebo
1383 4781 1457 4845 Apol.
1540 4780 1652 4831 violenti
1673 4783 1747 4846 Apol.
1830 4785 1863 4832 34
1883 4784 1920 4832 ibi

271 4873 337 4924 deest
356 4875 430 4939 Apol.

228 5133 254 5168 ro
382 5097 410 5182 1)
436 5107 517 5163 Sedis
539 5109 660 5183 ignotos.
754 5099 784 5182 2)
816 5104 944 5160 Tullenei.
1038 5099 1068 5172 3)
1094 5104 1175 5161 Sedis
1199 5105 1319 5180 iqrrotas.
1412 5097 1443 5178 4)
1467 5105 1621 5162 Valentino.
1711 5099 1740 5180 5)
1765 5104 1922 5160 Brioeicnri.

274 5207 304 5288 6)
329 5213 567 5290 Strassbnrpcnsi.
637 5207 668 5289 ’1)
696 5212 854 5270 Leodicnsi.
924 5203 954 5282 8)
973 5211 1109 5268 Comensi.
1179 5203 1210 5288 9)
1233 5210 1317 5268 Cuius
1333 5231 1431 5268 nomen
1448 5231 1537 5286 snpra
1556 5233 1588 5286 p.
1608 5216 1667 5269 793
1684 5213 1773 5270 deret:
1797 5232 1823 5268 r.
1840 5212 1921 5266 eliam

267 5343 299 5395 p.
318 5323 374 5378 791
400 5323 487 5379 126.
561 5313 611 5396 10)
635 5323 697 5378 810
721 5320 810 5376 dieti.
829 5317 930 5374 ›nensis
946 5318 1125 5386 Dscnnlrb,
1150 5319 1298 5393 cs.srrpro
1316 5339 1350 5392 p.
1369 5321 1430 5376 797
1453 5321 1470 5374 l.
1489 5322 1600 5394 ll-lsqq.
1672 5309 1723 5392 11)
1748 5318 1921 5374 Suessonico.

276 5423 326 5490 12)
351 5426 545 5484 Landnnensi.
640 5427 691 5494 13)
717 5425 929 5483 Untnlonnensi.
1025 5423 1075 5492 14)
1101 5424 1313 5480 n'r'lsanecsensi.
1403 5419 1454 5494 15)
1481 5423 1702 5482 Lbrncracensis.
1790 5425 1840 5498 16)
1864 5425 1923 5479 An-

273 5535 357 5590 linita
381 5543 420 5590 est
451 5555 485 5589 en
509 5533 632 5590 ›nccrrsio
656 5532 813 5588 decernenti
841 5532 876 5586 ab
900 5530 960 5605 ipso
988 5530 1083 5585 Ebonr
1114 5531 1230 5605 conflati
1253 5525 1290 5604 (r.
1315 5551 1405 5605 snpra
1427 5551 1460 5606 p.
1480 5534 1541 5590 708
1564 5551 1633 5587 (aren.
1653 5527 1695 5606 2).
1727 5551 1800 5606 quem
1823 5531 1924 5606 lepino·

227 5661 254 5700 ss
273 5640 300 5694 in
325 5640 382 5695 eius
405 5640 570 5715 apologetici
586 5639 689 5709 forano
709 5639 809 5713 priore
833 5633 934 5711 (snpra
953 5633 1086 5712 [1798)
1111 5638 1162 5692 sed
1177 5636 1282 5712 parteis
1305 5637 1417 5693 instatis
1440 5639 1483 5692 rel
1505 5637 1627 5706 addr'lie,·
1650 5639 1684 5692 de
1707 5639 1799 5694 altera
1824 5657 1921 5692 recen·

272 5745 350 5800 sione
372 5766 397 5800 r.
422 5765 511 5821 rreprn
531 5767 563 5820 p.
582 5750 641 5802 ern
655 5767 696 5819 sq.

327 5862 371 5902 nl..
386 5861 486 5900 concina
502 5861 530 5901 ll.
1660 5869 1708 5914 102
