4884 6717
716 544 767 600 50.
805 543 1020 600 CONCILIUII
1045 543 1273 599 PARISIENSE
1297 546 1334 601 A.
1356 545 1429 601 829.
1828 543 1889 606 631

244 735 295 800 his
319 734 485 799 observari
510 735 671 816 convenit,
696 736 751 821 qui
776 757 810 798 se
835 733 965 798 divinae
990 732 1123 797 militiae
1147 731 1296 795 devotius
1327 733 1533 818 strictiusque
1564 735 1799 820 manciparunt.
1855 736 1892 800 lu

246 840 383 907 concilio
408 863 536 928 quoque
553 839 782 905 Calcidoneusi
805 840 897 904 titulo
921 842 1015 904 tertio
1039 841 1083 902 ita
1106 838 1242 923 legitur:
1268 844 1424 903 Ponenit¹
1448 850 1484 903 ad
1508 857 1632 904 sanctam
1649 852 1797 922 synodum,
1816 854 1892 923 quod

245 959 370 1030 qnidam,
395 959 443 1029 qui
466 958 495 1012 in
519 962 594 1011 clero
618 958 752 1011 ridentur
782 958 877 1022 electi,
908 963 1026 1027 propter
1054 955 1133 1009 lucra
1162 955 1256 1025 turpia
1286 956 1472 1010 conductores
1504 956 1656 1010 allenarnm
1686 960 1892 1028 possessIeuum

245 1065 314 1121 fiant
339 1073 369 1120 ct
399 1063 555 1119 saecularia
585 1064 701 1134 negotia
730 1064 782 1117 sub
813 1081 880 1117 eura
914 1081 965 1116 sua
994 1063 1158 1132 suscipiant,
1193 1062 1249 1116 Dei
1280 1062 1392 1133 quidem
1422 1062 1605 1117 ministerium
1639 1065 1892 1136 parvipendentes,

214 1172 432 1233 assecularium
455 1189 522 1226 vero
546 1172 642 1225 domos
665 1171 856 1224 discurrentes
881 1176 910 1224 et
933 1176 1051 1241 propter
1074 1169 1219 1223 avaritiam
1242 1169 1471 1239 patrimoniorum
1501 1170 1706 1225 sollicitudines
1736 1179 1890 1228 sumentes.

245 1280 382 1335 Decrevit
406 1280 503 1349 itaque
527 1287 653 1333 sanctum
677 1278 729 1332 hoc
753 1295 940 1346 magnumque
965 1276 1111 1330 concilium
1134 1275 1242 1328 nullutn
1266 1276 1411 1346 deinceps,
1428 1295 1483 1331 non
1500 1278 1672 1348 episcopum,
1689 1297 1745 1332 non
1761 1280 1893 1334 clericum

245 1385 292 1439 rel
308 1386 480 1450 monachum,
505 1392 554 1439 aut
572 1385 765 1455 possessiones
789 1384 947 1438 conducere
971 1389 1020 1436 aut
1043 1383 1164 1453 negotiis
1187 1382 1361 1437 secularibus
1384 1401 1414 1437 se
1440 1384 1557 1439 miscere
1580 1391 1697 1454 practer
1712 1386 1893 1456 pupillorum,

246 1493 269 1546 si
293 1493 366 1546 forte
390 1493 470 1562 leges
493 1493 628 1563 inponant
652 1490 870 1544 inexcusabilem
894 1508 988 1544 curam
1012 1496 1060 1544 aut
1084 1490 1205 1543 civitatis
1230 1490 1378 1560 episcopus
1402 1491 1655 1545 ecclesiasticarum
1679 1510 1772 1545 rerum
1788 1492 1891 1547 sollici-

247 1600 373 1653 tudinem
397 1599 504 1654 babere
528 1597 695 1669 praecipiat,
720 1605 769 1650 aut
792 1596 950 1651 orfanorum
975 1603 1005 1650 ct
1028 1597 1172 1649 viduarum
1197 1614 1361 1666 canamque,
1387 1615 1460 1666 quae
1485 1598 1544 1650 sinc
1569 1597 1626 1651 ulla
1642 1599 1799 1667 provisione
1816 1607 1890 1666 sunt,

202 1728 228 1766 ιο
246 1723 438 1776 personarum,
464 1723 537 1775 quac
561 1706 677 1758 manime
703 1703 895 1759 eeclesiastico
918 1703 1048 1774 indigent
1071 1703 1221 1770 adiutorio,
1241 1710 1359 1774 propter
1374 1704 1502 1758 timorem
1518 1704 1629 1758 Domini
1647 1722 1731 1759 causa
1746 1707 1892 1776 deposcat.

248 1811 278 1866 Si
302 1813 363 1882 quis
386 1821 480 1866 autern
505 1812 663 1882 transgredi
688 1811 723 1864 de
748 1817 845 1865 cetero
868 1817 975 1863 statuta
997 1810 1190 1879 temptaverit,
1215 1810 1407 1864 huiuscemodi
1433 1809 1630 1865 ecclesiasticis
1654 1811 1894 1881 increpationibus

248 1919 415 1973 subiacebit.
461 1909 553 1972 Hace
578 1907 618 1972 de
643 1905 866 1971 sacerdotibus
890 1905 1040 1969 simulet
1064 1905 1231 1970 monachis
1258 1907 1453 1990 generaliter
1483 1906 1571 1970 dicta
1600 1908 1673 1973 sint.
1721 1908 1894 1973 Caeterum

249 2016 289 2080 dc
324 2015 491 2080 monachis
526 2016 570 2078 ita
605 2013 790 2100 specialiter
823 2014 856 2077 in
891 2011 1004 2076 codem
1040 2011 1177 2077 coneilio
1212 2012 1304 2077 titulo
1343 2023 1457 2098 quarto
1497 2015 1581 2077 iuter
1616 2027 1725 2078 cetera
1760 2014 1893 2100 legitur:

250 2128 424 2187 Monaehos‘3
447 2149 513 2187 vero
536 2149 588 2202 per
611 2148 837 2201 unamquamque
862 2129 1006 2184 civitatem
1029 2137 1079 2183 aut
1102 2130 1246 2201 regionem
1277 2130 1419 2184 subiectos
1451 2149 1513 2184 esse
1545 2131 1678 2201 episcopo
1708 2139 1739 2186 et
1769 2133 1894 2202 quietem

205 2259 231 2299 rs
249 2240 368 2310 diligere
393 2245 422 2292 ct
445 2238 571 2293 intentos
595 2255 658 2292 csse
682 2237 874 2291 tantummodo
898 2237 1001 2290 ieiunio
1026 2244 1055 2290 ct
1078 2237 1206 2302 orationi,
1233 2237 1258 2290 iu
1283 2236 1363 2304 locis,
1387 2237 1489 2307 quibus
1512 2238 1748 2292 renuntiaverunt
1772 2239 1895 2300 sacerdo,

249 2353 459 2418 permanentes.
506 2344 566 2398 Nee
592 2343 791 2398 ecclesiasticis
813 2360 881 2397 vero
904 2359 957 2396 nce
988 2342 1161 2396 secularibus
1191 2344 1313 2414 negotiis
1344 2345 1549 2398 communicent
1580 2345 1626 2399 vel
1657 2345 1684 2399 in
1715 2345 1809 2416 aliquo
1840 2346 1895 2400 sint

248 2453 369 2518 molesti,
394 2451 506 2522 propria
529 2451 699 2505 monasteria
722 2451 900 2516 deserentes,
931 2449 984 2502 nisi
1008 2449 1082 2503 forte
1114 2450 1154 2504 cis
1184 2450 1377 2520 praecipiatur
1399 2457 1516 2521 propter
1540 2469 1610 2522 opns
1640 2453 1830 2506 necessarium
1860 2454 1895 2507 ab

249 2561 382 2631 episcopo
406 2558 537 2612 civitatis.
585 2548 646 2611 His
669 2550 715 2611 ita
738 2548 925 2633 praemissis
953 2557 1089 2632 oportet,
1120 2558 1154 2612 ut
1184 2547 1329 2633 episcopi
1361 2569 1437 2611 suae
1469 2548 1678 2633 parroechiae
1710 2548 1895 2614 sacerdotes

249 2668 282 2721 et
303 2655 479 2720 monachos
503 2678 523 2718 a
545 2655 732 2718 memoratis
755 2654 887 2717 inlicitis
912 2651 1093 2718 actionibus
1117 2676 1175 2717 sua
1191 2656 1382 2718 auctoritate
1404 2666 1622 2740 compescant,
1639 2665 1895 2740 transgressores

204 2793 231 2832 ,ο
249 2786 327 2827 vero
351 2785 489 2826 censura
513 2762 670 2826 canonica
701 2762 886 2847 corripiant,
918 2783 983 2846 qua
1012 2758 1145 2824 dicitur:
1177 2766 1470 2841 Transgredientcm³
1500 2789 1567 2825 vcro
1597 2771 1667 2826 lianc
1699 2771 1896 2826 diffinitionem

249 2890 371 2936 nostram
396 2880 662 2936 excommunicatum
687 2895 749 2934 esse
773 2878 959 2944 decrevimus,
983 2895 1019 2930 nc
1042 2895 1143 2931 nomen
1166 2878 1222 2932 Dei
1246 2877 1468 2948 blasphemetur.

357 2994 459 3082 Cap.
484 2992 662 3057 XXVIIII.
710 2992 765 3057 Ut
795 2990 1076 3078 presbytcri
1108 2992 1152 3054 in
1182 2991 1419 3056 ccelesiis
1450 2994 1673 3056 constituti
1705 3015 1783 3056 non
1814 2994 1897 3056 sint

249 3103 443 3189 passim,
479 3113 525 3165 ut
559 3098 842 3186 quibusdam
877 3098 1117 3185 praelatis
1152 3100 1294 3162 moris
1331 3112 1416 3180 est,
1452 3122 1533 3185 pcr
1562 3099 1759 3163 diversa
1792 3101 1896 3163 mit·

250 3208 392 3274 tendi.
440 3206 529 3272 lnter
559 3219 685 3287 cetera,
721 3229 805 3292 quae
836 3205 983 3290 religioni
1009 3203 1192 3268 Christiane
1217 3204 1357 3269 adversa
1379 3218 1468 3287 sunt,
1504 3206 1564 3270 hoc
1588 3205 1798 3270 nihilominus
1822 3229 1896 3270 con·

204 3342 232 3383 ss
250 3317 384 3382 trarium
408 3328 440 3379 et
463 3313 680 3402 periculosum
704 3324 811 3394 extat,
848 3312 935 3400 quod
958 3311 1160 3397 quorundam
1185 3311 1402 3397 praelatorum
1426 3314 1595 3376 temerario
1620 3335 1718 3394 ausu,
1755 3314 1811 3399 qui
1834 3311 1898 3377 sibi

249 3423 348 3488 licere
372 3434 486 3509 putant
509 3420 597 3507 quod
619 3443 684 3484 non
708 3418 784 3484 licet
808 3431 840 3483 ct
864 3418 1019 3504 expedire
1045 3418 1132 3504 quod
1154 3440 1219 3481 non
1244 3419 1386 3504 expedit,
1417 3418 1574 3482 ccclesiae
1607 3421 1673 3483 suis
1704 3419 1747 3483 ad
1770 3432 1897 3507 tempus
1916 3435 2032 3528 ⁰'·,¹‘,‘,³⁰‘·

249 3529 424 3594 viduantur
447 3525 682 3606 sacerdotibus,
707 3527 875 3612 quoniam,
907 3525 935 3587 si
958 3524 1037 3611 quid
1062 3526 1107 3587 eis
1132 3524 1164 3587 in
1188 3523 1372 3588 forensibus
1395 3526 1532 3610 negotiis
1556 3525 1735 3610 agendum,
1768 3528 1793 3590 si
1819 3526 1897 3613 quid
1957 3519 1963 3540 '
1999 3517 2005 3528 ’

251 3637 347 3700 etiam
371 3637 404 3699 in
427 3634 565 3699 diversis
588 3632 660 3698 aliis
685 3632 830 3719 partibus
854 3631 1066 3695 nuntiandum
1091 3633 1221 3695 occasio
1251 3633 1454 3695 necessitatis
1478 3631 1621 3717 obponit,
1652 3633 1686 3696 id
1709 3635 1815 3719 potius
1840 3656 1898 3719 per

251 3741 437 3807 sacerdotes
456 3742 590 3806 Domini
609 3751 774 3804 currentes
799 3750 831 3802 ct
855 3738 1073 3802 discurrentes
1097 3763 1194 3824 qnmn
1218 3761 1278 3824 per
1301 3739 1380 3802 alios
1404 3739 1489 3802 effici
1514 3741 1729 3825 praecipiunt,
1753 3764 1817 3803 non
1841 3739 1896 3804 ad-

206 3878 235 3919 so
251 3849 431 3928 tendentes,
461 3847 549 3934 quod
572 3870 683 3911 eorum
707 3845 855 3909 absentia
878 3857 910 3908 et
933 3844 1005 3908 loca
1027 3845 1100 3908 Deo
1125 3845 1234 3908 dicata
1264 3843 1326 3907 sibi
1350 3843 1438 3909 cultu
1461 3843 1571 3908 debito
1595 3847 1764 3931 priventur
1787 3858 1819 3911 ct
1842 3847 1897 3911 ho·

251 3957 353 4020 mines
377 3958 446 4019 sinc
471 3955 673 4019 confessione
698 3964 729 4016 et
752 3952 892 4016 infantes
916 3952 985 4016 sine
1009 3950 1212 4037 baptismatis
1235 3952 1479 4036 regeneratione
1501 3951 1691 4038 plerumque
1711 3955 1896 4019 moriautur.

252 4063 372 4144 Quanti
403 4075 510 4126 autern
542 4063 583 4124 sit
614 4060 808 4124 discriminis
838 4070 870 4122 et
901 4081 1059 4146 personae
1087 4059 1243 4122 mittentis
1274 4067 1306 4120 et
1336 4059 1415 4136 eius,
1447 4080 1510 4142 que
1541 4059 1686 4139 mittitur,
1718 4062 1897 4126 anirnarum

250 4168 405 4257 pericula,
430 4191 513 4255 quac
538 4167 674 4231 subinde
698 4167 793 4231 huius
818 4167 863 4228 rei
888 4188 987 4229 eausa
1011 4165 1100 4242 liunt,
1125 4164 1247 4250 liquido
1272 4163 1443 4249 produnt.
1479 4163 1620 4228 Proinde
1641 4164 1789 4229 omnibus
1806 4190 1898 4254 prae-

251 4276 325 4341 latis
361 4275 542 4339 cavendum
577 4285 642 4353 cst,
678 4296 719 4337 ne
754 4273 877 4337 inlicita
908 4270 970 4335 sibi
1000 4271 1265 4358 presbyterorum
1297 4273 1539 4335 transmissione
1564 4273 1743 4336 animarum
1767 4296 1897 4337 suarum

207 4409 235 4451 aa
252 4381 389 4447 subeant
411 4381 681 4467 dampnationem.
729 4378 936 4466 Praesbyteri
961 4402 1073 4465 porro,
1110 4379 1165 4463 qni
1189 4402 1253 4441 nrm
1277 4379 1326 4440 sni
1349 4378 1485 4464 praelati
1515 4378 1651 4463 imperio
1682 4381 1804 4448 coacti.
1841 4379 1898 4444 scd

252 4491 359 4577 potius
382 4487 583 4575 voluptatum
607 4510 738 4552 suarum
763 4485 995 4567 delectatione,
1031 4486 1128 4548 immo
1160 4486 1295 4548 attaritie
1320 4486 1498 4548 estuatione
1523 4487 1688 4566 succensi,
1725 4485 1758 4549 id
1790 4485 1896 4548 facere

253 4607 473 4683 praesumunt,
509 4594 713 4680 perpendant
743 4617 877 4658 necesse
908 4605 966 4673 est,
1002 4615 1067 4680 qua
1096 4591 1244 4655 luctuosa
1275 4590 1491 4677 descriptione
1522 4592 1706 4656 Ilicrcmias
1741 4592 1899 4678 propheta

253 4704 317 4768 Dei
353 4702 412 4766 sub
448 4702 682 4787 significatione
718 4701 787 4763 auri
824 4701 958 4786 eiusque
993 4700 1109 4763 coloris
1144 4699 1256 4784 optimi
1287 4696 1496 4784 lapidumque
1527 4701 1702 4763 sanctuarii
1726 4721 1898 4785 personam

254 4809 431 4874 carnalium
456 4808 658 4873 sacerdotum
683 4806 856 4870 describat.
903 4806 960 4869 Ait
989 4828 1145 4891 uanique:
1180 4806 1339 4883 (leeoorodo
1370 4807 1563 4870 obscuratum
1595 4822 1640 4870 cst
1667 4833 1798 4888 ‹rrrrrrrn,·
1834 4833 1898 4870 narr·
1917 4831 2028 4880 narona,
2039 4833 2057 4872 1.

208 4943 237 4982 tc
254 4932 334 4982 totns
368 4931 412 4981 est
446 4918 531 4980 color
561 4919 712 5001 optimum
746 4914 888 5000 dispcrsi
907 4929 979 4976 ararat
1002 4914 1126 4998 lapides
1154 4915 1335 4976 saracenorr'i
1358 4915 1388 4976 in
1413 4916 1513 4998 caprile
1544 4917 1681 4978 ornrn‘rnn
1709 4915 1897 5000 platearum.

256 5023 351 5104 Quod
374 5022 490 5087 beatus
515 5021 692 5106 Gregorius
716 5022 748 5083 in
773 5019 855 5083 libro
879 5019 1032 5104 pastorali
1056 5020 1100 5082 ita
1128 5020 1278 5104 exponit:
1309 5023 1406 5091 Quid⁵
1429 5047 1549 5098 nomque
1574 5047 1652 5096 auro,
1678 5030 1753 5100 (quod
1776 5028 1898 5083 metallis

255 5140 358 5194 ceteris
382 5139 550 5211 praeminet,
574 5138 627 5191 nisi
651 5137 822 5192 excellentia
845 5137 1014 5200 sanctitatis,
1046 5137 1112 5206 qnid
1137 5141 1228 5190 colore
1253 5135 1358 5206 optimo
1381 5135 1434 5189 nisi
1458 5136 1566 5188 cunctis
1590 5136 1715 5189 amabilis
1739 5136 1901 5190 reverentia

255 5247 397 5318 religionis
422 5247 601 5316 exprimitur,
638 5245 705 5316 qnid
730 5244 880 5298 sanctuarii
904 5243 1046 5313 lapidibus
1080 5243 1132 5296 nisi
1155 5259 1295 5296 sacrorum
1325 5244 1452 5297 ordinum
1482 5260 1602 5311 persone
1630 5242 1794 5312 signantur,
1831 5242 1899 5314 quid

361 5438 494 5486 XXVIII.
524 5439 665 5487 inrisceri
687 5436 763 5484 111³.
836 5429 952 5499 thnac]
973 5434 1065 5498 quil'.
1140 5437 1171 5482 14
1190 5428 1340 5498 regionem]
1362 5432 1521 5497 religionem
1543 5433 1568 5480 Γ.
1643 5435 1673 5483 li
1695 5449 1760 5497 opos
1780 5432 1811 5482 1².

208 5543 237 5582 as
362 5525 508 5576 XXVIIII.
538 5529 571 5575 26
591 5525 723 5575 ecclesias
744 5525 770 5573 l'.
832 5525 864 5574 at
886 5524 1030 5573 videantur
1050 5523 1076 5572 V.
1135 5525 1167 5572 32
1187 5539 1305 5586 persona
1326 5523 1350 5570 Γ.
1372 5522 1401 5571 Ρ.
1457 5524 1489 5571 37
1510 5539 1591 5586 «pram
1611 5520 1762 5571 luctuosam
1781 5522 1900 5587 ‹Inscrip-

254 5620 355 5667 tionem
375 5617 402 5665 Γ.
422 5615 453 5666 P.

366 5799 395 5866 1)
422 5795 527 5854 Concil.
553 5795 777 5853 Chalcedonensis
800 5814 823 5850 c.
840 5797 875 5862 3‚·
901 5794 1000 5849 Mersa
1021 5791 1084 5860 VH,
1102 5795 1160 5850 373
1171 5813 1214 5868 sq.
1308 5793 1337 5862 2)
1363 5792 1436 5848 Ibid.
1462 5797 1521 5850 cd
1546 5794 1632 5860 nrcd.,·
1663 5795 1680 5849 l.
1706 5795 1724 5849 l.
1748 5791 1899 5861 V1L37s.

259 5905 289 5974 3)
307 5905 424 5962 Ibidem.
495 5901 898 5979 ltbfauprcpclttca.
968 5901 998 5968 ὃ)
1017 5897 1173 5976 Gregorius
1192 5899 1244 5968 II,
1261 5899 1372 5976 Remota
1382 5898 1541 5974 pastoralia
1557 5899 1592 5955 ΙΙ
1604 5919 1627 5956 c.
1643 5902 1678 5968 7,·
1704 5897 1776 5975 opp
1794 5899 1835 5968 II,
1847 5902 1898 5958 25.
