4884 6717
1286 507 1417 571 518
2227 512 2333 568 44.
2405 512 2842 570 CONCILIUM
2887 512 3341 569 PARISIENSE
3387 514 3461 568 A.
3505 511 3655 568 825.

1286 728 1473 765 camur
1514 717 1590 778 te,
1634 710 1889 780 Domine,
1932 710 1987 764 in
2033 711 2178 765 omni
2222 710 2596 765 misericordia
2640 716 2756 775 tua,
2809 717 2869 764 ut
2912 711 3196 765 auferatur
3235 710 3385 763 furor
3427 716 3551 763 tuus
3597 716 3653 763 et
3696 710 3776 763 ira
3822 715 3916 762 tua
3962 726 3996 761 a
4041 708 4261 762 civitate
4305 707 4409 762 ista
4452 715 4504 763 et
4545 726 4576 761 a

1286 818 1447 871 domo
1491 823 1679 870 sancta
1725 823 1839 883 tua,
1883 818 2143 889 quoniam
2187 817 2538 888 peccavimus
2584 818 2652 871 et
2698 817 2934 871 cetera.

1497 913 1577 977 In
1621 913 1898 1000 epistola
1943 912 2119 979 beati
2154 913 2470 979 Germani
2500 913 2915 1000 patriarchae
2950 911 3649 1000 Constantinopolitani
3690 912 3775 976 ad
3806 912 4164 976 Iohannem
4211 912 4574 999 episcopum

1287 1019 1718 1106 Synadorum,
1788 1033 2134 1107 postquam
2205 1019 2454 1084 litteras
2514 1019 2691 1084 beati
2756 1018 3059 1106 Gregorii
3118 1026 3373 1106 papael
3443 1021 3750 1106 suscepit,
3822 1020 3991 1083 inter
4060 1029 4279 1083 cetera
4345 1020 4574 1105 inquit:

1285 1132 1634 1206 Epistolam²
1675 1143 1891 1190 vestrae
1939 1137 2241 1191 sanctitatis
2285 1137 2520 1208 suscepi,
2565 1138 2619 1191 in
2665 1154 2776 1207 qua
2820 1136 3162 1191 referebatur
3205 1137 3274 1190 de
3322 1139 3582 1207 episcopo
3629 1135 3952 1190 Nacholiac.
4021 1134 4406 1206 significamus
4446 1136 4577 1189 enim
4607 1149 4630 1187 ⁵

1282 1260 1427 1296 nunc
1471 1243 1645 1309 vobis,
1703 1243 1842 1297 sicut
1905 1251 1961 1297 et
2019 1244 2230 1313 pridem
2291 1262 2460 1314 quam
2514 1244 2911 1313 susciperemus
2955 1243 3167 1298 litteras
3211 1251 3426 1297 vestrae
3447 1243 3793 1311 sanctitatis,
3852 1243 4217 1313 conimigente
4261 1242 4352 1295 hic
4399 1243 4578 1295 eodem

1286 1350 1409 1404 Deo
1470 1349 1696 1403 amabili
1740 1350 2000 1421 episcopo
2061 1350 2115 1404 in
2175 1350 2373 1420 verbis,
2427 1351 2675 1404 venimus
2730 1368 2852 1403 cum
2876 1333 3028 1420 ’ipso
3084 1350 3423 1404 sciscitantes
3479 1368 3695 1404 sensum
3753 1350 3889 1416 eius,
3947 1350 4092 1403 unde
4146 1349 4304 1402 nobis
4359 1350 4579 1402 relatum

1284 1455 1465 1510 fuerat
1496 1457 1565 1508 cle
1595 1456 1713 1509 illo.
1782 1456 1907 1526 Ipse
1947 1474 2077 1510 vero
2109 1456 2268 1510 nobis
2300 1458 2441 1511 lnmc
2475 1458 2625 1510 dedit
2657 1474 2975 1527 responsum
3014 1485 3088 1495 —
3126 1463 3456 1527 oportunmn
3486 1457 3630 1511 enim
3661 1464 3747 1511 est
3776 1456 4094 1527 singillatim
4126 1456 4307 1509 onmia
4339 1456 4579 1509 intimare

955 1576 1101 1618 Exod.
1121 1579 1245 1628 κομι.
1284 1569 1502 1617 vestrae
1533 1563 1810 1616 sanctitati
1849 1592 1922 1601 --
1960 1564 2222 1633 quoniam
2252 1564 2482 1618 audiens
2519 1564 2704 1617 divina
2749 1564 3016 1634 scriptura
3059 1564 3304 1618 dicente:
3351 1561 3484 1618 Nora
3517 1562 3715 1632 facies
3761 1561 3856 1617 tibi
3897 1579 4113 1617 omnem
4157 1560 4577 1628 similimdinem,

1285 1676 1347 1724 ut
1389 1669 1596 1725 adores
1642 1688 1728 1738 ea,
1778 1677 1996 1744 quanta
2043 1668 2102 1724 in
2150 1670 2304 1726 caelo
2348 1688 2569 1725 sursum
2618 1677 2671 1725 et
2713 1676 2931 1744 quanta
2976 1668 3035 1725 in
3082 1677 3243 1725 terra
3288 1669 3565 1725 deorsum.
3655 1668 3966 1724 Secundum
4006 1669 4112 1722 hoc
4156 1669 4288 1737 dixi,
4332 1669 4579 1738 quoniam
4610 1683 4650 1721 ιο

1285 1794 1394 1829 non
1437 1776 1670 1830 debetur
1726 1777 2053 1830 manufactis
2110 1777 2380 1830 adoratio,
2473 1777 2615 1830 Nam
2671 1783 2887 1831 sanctos
2932 1775 3130 1830 Christi
3173 1783 3462 1847 martyres,
3516 1775 3613 1845 qui
3666 1793 3831 1829 verae
3891 1783 4013 1829 sunt
4068 1775 4402 1845 margaritae
4444 1775 4581 1841 fidei,

1289 1883 1431 1936 omni
1474 1882 1680 1936 honore
1726 1884 1922 1954 dignos
1964 1890 2218 1953 putamus
2264 1891 2320 1938 et
2363 1884 2779 1937 intercessiones
2823 1901 3008 1937 eorum
3055 1884 3386 1937 invocamus.
3451 1883 3541 1936 Ad
3585 1883 3722 1937 haec
3766 1883 3990 1953 quidem
4033 1900 4131 1935 nos
4161 1882 4243 1936 illi
4272 1899 4579 1951 responsum

1289 1990 1636 2055 reddidimus,
1696 1988 1954 2061 quoniam
2010 1988 2439 2044 Christianorum
2494 1989 2633 2044 fides
2689 1990 3096 2045 venerationem
3157 1998 3213 2044 et
3270 1989 3645 2043 adorationem
3710 1990 3782 2043 ad
3841 2007 4006 2042 unum
4066 1995 4122 2043 et
4180 1990 4358 2041 solum
4411 1988 4579 2042 Deum

942 2111 1162 2161 maha,
1183 2110 1248 2151 ιο.
1289 2097 1474 2163 refert,
1517 2096 1654 2150 sicut
1686 2096 1946 2165 scriptum
1978 2104 2091 2150 est:
2137 2094 2442 2152 Dominum
2476 2095 2657 2151 Deum
2691 2103 2839 2152 tuam
2873 2095 3143 2151 adorabis
3174 2103 3226 2150 et
3268 2094 3352 2151 illi
3391 2094 3499 2152 soli
3539 2093 3764 2151 servies.
3835 2094 4175 2149 Glorificatio
4220 2094 4367 2148 enim
4410 2103 4582 2147 nostra

1289 2210 1343 2256 et
1389 2203 1663 2255 servitium
1707 2203 1809 2272 ipsi
1852 2203 1953 2255 soli
1997 2202 2243 2256 offertur.
4611 2212 4652 2251 ιδ

1499 2299 1587 2362 Et
1632 2310 1779 2384 post
1825 2322 2068 2385 pauca:
2120 2304 2229 2362 111³
2272 2308 2475 2363 sanctis
2518 2327 2667 2375 vere,
2712 2310 2806 2380 qui
2853 2310 2905 2362 in
2949 2310 3121 2363 caelis
3166 2316 3308 2376 sunt,
3353 2317 3410 2363 et
3453 2308 3817 2363 invisibilibus
3850 2315 3907 2362 et
3936 2309 4271 2378 incorporeis
4301 2308 4583 2361 virtutibus

1286 2425 1476 2469 sancta
1522 2416 1777 2469 laudatur
1820 2423 1876 2469 et
1917 2414 2256 2486 glorificatur
2298 2415 2512 2469 trinitas
2555 2416 2608 2469 in
2654 2416 2917 2487 singulari
2961 2416 3330 2470 dominatione
3377 2423 3432 2470 et
3474 2416 3701 2484 deitate,
3744 2416 3881 2469 sicut
3927 2422 3982 2469 et
4013 2434 4150 2469 imus
4180 2416 4337 2469 Dens
4369 2433 4403 2468 a
4435 2415 4584 2468 nobis

1029 2538 1248 2588 Ps.65,·1.
1286 2522 1574 2576 confitetur
1617 2529 1673 2576 et
1717 2540 1827 2576 non
1872 2529 1954 2575 est
1999 2529 2219 2592 praeter
2260 2522 2434 2587 illuni,
2480 2521 2578 2597 qui
2623 2521 2937 2577 dominetur
2980 2521 3041 2577 in
3086 2521 3288 2578 virtute
3331 2541 3438 2578 sua
3482 2521 3542 2577 in
3590 2529 3897 2577 aeternum.

1500 2619 1586 2682 Et
1631 2631 1778 2704 post
1826 2641 2069 2704 pauca:
2120 2624 2365 2699 Neque⁴
2397 2629 2540 2682 enim
2585 2629 2802 2682 divinae
2849 2630 3234 2682 dominationis
3279 2629 3689 2683 venerationem
3721 2629 3776 2681 in
3808 2628 4153 2683 confamulos
4184 2629 4582 2692 transferimus3

1285 2753 1467 2806 neque
1525 2736 1668 2789 enim
1728 2736 2087 2806 imperatores
2145 2741 2241 2789 aut
2294 2735 2570 2806 principes
2627 2736 2682 2788 in
2735 2744 2878 2789 terra
2935 2737 3229 2789 adorantes
3287 2735 3690 2790 similitudinem
3749 2742 3810 2789 ut
3863 2736 3934 2789 ad
3979 2737 4159 2788 Dcmn
4213 2735 4584 2789 adorationem
4613 2743 4659 2784 ιο

1285 2842 1471 2896 facere
1518 2842 1793 2909 videmur3
1853 2860 2035 2912 neque
2081 2842 2376 2913 imaginum
2422 2843 2711 2908 facturam,
2765 2859 2909 2911 quac
2968 2860 3070 2911 per
3121 2860 3342 2896 caeram
3397 2851 3455 2897 et
3497 2844 3711 2896 colores
3755 2843 4127 2913 designantur,
4168 2842 4224 2896 in
4265 2850 4585 2895 transmuta-

1285 2949 1487 3003 tionem
1533 2949 1752 3002 divinae
1797 2950 2166 3003 venerationis
2224 2948 2588 3019 suscepimus,
2655 2967 2837 3019 neque
2894 2950 3038 3003 enini
3095 2949 3422 3003 invisibilem
3479 2949 3742 3003 deitatem
3798 2949 4034 3019 imagine
4092 2957 4188 3003 aut
4240 2948 4584 3002 similitudine

1285 3063 1379 3110 aut
1423 3055 1615 3110 habitu
1658 3063 1753 3109 aut
1797 3057 1973 3109 forma
2018 3056 2208 3126 aliqua
2253 3056 2604 3126 designamus
2656 3084 2728 3092 —
2779 3056 2944 3108 etiam
2990 3073 3173 3125 neque
3234 3056 3470 3126 ipsorum
3513 3057 3855 3126 angelorum,
3910 3055 4110 3125 quibus
4168 3055 4408 3109 existunt
4453 3055 4586 3109 ordi·

1285 3162 1460 3229 nibus,
1506 3170 1601 3216 aut
1645 3163 1829 3217 sentiri
1875 3163 1966 3216 vel
2014 3162 2330 3233 investigari
2374 3162 2489 3216 ullo
2535 3163 2698 3215 modo
2741 3170 2967 3233 possunt
3004 3191 3103 3230 —,
3135 3164 3231 3216 sed
3264 3163 3524 3233 quoniam
3554 3162 3867 3232 unigenitus
3902 3161 4064 3229 filius,
4108 3162 4201 3231 qui
4247 3168 4332 3215 est
4375 3163 4431 3215 in
4475 3162 4587 3214 sinu

1287 3270 1475 3339 patris,
1520 3287 1783 3323 revocans
1826 3269 2104 3339 propriam
2149 3277 2455 3322 creaturam
2500 3287 2535 3322 a
2580 3277 2752 3322 morte
2796 3268 2978 3322 iudicii
3023 3269 3206 3323 bonae
3251 3269 3549 3322 voluntatis
3602 3268 3779 3338 patris
3836 3275 3892 3321 et
3937 3267 4168 3337 Spiritus
4212 3269 4388 3322 sancti
4431 3269 4585 3321 homo
4617 3278 4660 3316 n

949 3382 1248 3475 affige-2,
1287 3375 1403 3429 fieri
1448 3376 1704 3447 dignatus
1751 3383 1850 3444 est,
1894 3376 2032 3429 sicut
2079 3375 2254 3445 mquit
2297 3377 2599 3446 apostolus,
2653 3394 2754 3445 per
2809 3375 2988 3429 omnia
3054 3376 3240 3429 similis
3298 3376 3454 3429 nobis
3498 3376 3677 3429 factus
3721 3375 3932 3444 absque
3994 3382 4243 3444 peccato,
4298 3375 4586 3428 humanum

1290 3483 1405 3537 eius
1449 3484 1656 3536 vultum
1702 3490 1758 3537 et
1800 3483 2097 3536 secimdum
2141 3499 2362 3536 caruem
2405 3483 2522 3536 eius
2565 3483 2860 3536 humanam
2903 3482 3308 3536 similitudinem
3354 3482 3589 3554 imagine
3635 3482 3985 3552 designantes
4030 3489 4085 3535 et
4126 3500 4238 3536 non
4291 3481 4588 3551 incompre-

1288 3589 1613 3643 hensibilem
1657 3598 1751 3643 aut
1794 3589 2122 3643 invisibilem
2165 3590 2283 3642 eius
2326 3590 2590 3643 deitatem
2638 3590 2703 3642 et
2750 3592 2986 3642 cetera.

1504 3691 1721 3749 Si1uili⁵
1764 3696 1907 3749 enim
1966 3697 2129 3749 modo
2184 3696 2479 3749 secundum
2539 3713 2759 3748 carnem
2821 3695 2936 3748 eius
2982 3695 3440 3749 incontaminatae
3486 3695 3672 3748 matris
3717 3702 3939 3747 sanctae
3988 3695 4092 3747 Dei
4150 3694 4433 3765 genitricis
4476 3694 4588 3763 ipso

1289 3805 1449 3857 modo
1495 3803 1901 3856 similitudinem
1944 3803 2397 3866 demonstrantes,
2460 3801 2738 3871 quoniam,
2785 3802 3025 3854 mulieris
3083 3809 3280 3855 natura
3324 3802 3591 3856 existente
3638 3808 3692 3854 et
3735 3819 3846 3855 non
3888 3801 4071 3855 aliena
4113 3810 4331 3854 nostrae
4376 3818 4588 3855 massae
4620 3809 4664 3849 ³0

1289 3909 1458 3977 facta,
1512 3910 1693 3962 Deum
1757 3908 2085 3963 invisibilem
2145 3916 2200 3962 et
2243 3908 2426 3962 onmia
2487 3926 2654 3962 manu
2708 3908 3078 3963 continentem
3134 3909 3186 3961 in
3249 3926 3345 3962 suo
3406 3909 3659 3977 concepit
3700 3915 3857 3961 utero
3903 3915 3957 3962 et
4000 3907 4190 3978 genuit
4234 3907 4588 3962 incarnatum.

1289 4016 1505 4069 Etenim
1549 4023 1608 4069 nt
1652 4015 1870 4085 proprie
1916 4023 1973 4069 et
2017 4033 2146 4069 vere
2191 4021 2418 4067 matrem
2467 4015 2574 4068 Dei
2619 4014 2732 4067 veri
2779 4032 3104 4069 veneramur
3160 4032 3282 4068 eam
3340 4022 3398 4068 et
3456 4013 3886 4086 magnificamus.
3979 4013 4209 4068 Sanctos
4264 4016 4409 4068 enim
4455 4033 4589 4068 mar-

1290 4130 1440 4193 tyres
1485 4122 1684 4175 Christi
1730 4123 2123 4192 apostolosque
2170 4129 2226 4175 et
2269 4121 2569 4191 prophetas
2613 4122 2872 4174 miramur
2915 4128 2971 4176 et
3013 4120 3391 4175 beatificamus
3447 4129 3503 4175 ct
3555 4123 3626 4175 ad
3673 4122 3987 4175 memoriam
4030 4121 4363 4175 fortitudinis
4409 4116 4590 4175 'eormn

1292 4229 1664 4282 similitudines
1720 4229 2015 4299 imaginum
2071 4229 2310 4298 ipsorum
2377 4228 2757 4297 describimus,
2814 4245 2923 4281 non
2964 4234 3025 4281 ut
3067 4228 3283 4282 divinae
3329 4235 3560 4283 naturae
3603 4228 3779 4281 socios
3833 4246 3928 4282 cos
3986 4229 4353 4295 aestimemus,
4412 4246 4590 4299 neque

1292 4353 1438 4406 quae
1497 4335 1730 4389 debetur
1786 4335 1977 4389 deitati
2032 4336 2246 4405 gloriae
2307 4335 2529 4404 quidem
2590 4343 2644 4388 et
2698 4334 2978 4404 potestati,
3043 4335 3302 4388 honorem
3361 4343 3416 4388 ct
3475 4335 3853 4389 adorationem
3898 4335 4007 4388 illis
4050 4335 4433 4405 impendimus,
4499 4336 4589 4389 sed
4623 4342 4666 4381 ³⁵

1291 4460 1532 4496 amorem
1575 4450 1838 4507 nostrum,
1882 4459 2047 4512 quem
2092 4442 2145 4494 in
2192 4442 2319 4511 ipsis
2364 4442 2651 4506 habemus,
2695 4459 2795 4510 per
2838 4441 2975 4494 haec
3020 4440 3431 4495 manifestamus
3476 4446 3532 4494 et
3575 4459 3661 4509 ea,
3706 4460 3851 4512 qnae
3896 4460 3997 4511 per
4039 4442 4281 4496 auditum
4325 4444 4592 4496 veraciter

1289 4549 1637 4617 credidimus,
1679 4549 2044 4620 designamus.
2135 4548 2279 4602 Nam
2335 4555 2392 4601 et
2453 4548 2551 4617 ipsi
2608 4548 2781 4601 sancti
2825 4548 2934 4601 Dei
2988 4548 3041 4601 in
3085 4566 3248 4602 unum
3303 4555 3359 4601 ct
3416 4549 3590 4602 solum
3637 4549 3816 4602 Deum
3863 4549 4177 4603 servitutem
4222 4556 4279 4601 et
4319 4548 4590 4618 glorifica-

1294 4656 1500 4709 tionem
1544 4662 1599 4708 et
1642 4656 2021 4709 adorationem
2064 4655 2419 4709 observantes
2475 4664 2532 4708 et
2586 4656 2657 4708 ad
2716 4654 2819 4707 hoc
2873 4672 3062 4707 omnes
3121 4661 3488 4708 convocantes
3530 4662 3700 4724 atquc
3745 4656 4009 4708 docentes
4051 4672 4238 4708 eornm
4282 4654 4591 4709 effudermit

1289 4763 1608 4833 sanguinem
1652 4770 1708 4817 et
1754 4764 1807 4817 in
1854 4764 2085 4816 veritate
2130 4762 2488 4816 confessionis
2530 4779 2789 4815 coronam
2832 4761 3019 4830 adepti
3064 4769 3203 4815 sunt.
3285 4762 3396 4814 Iste
3441 4767 3524 4815 est
3568 4762 3759 4814 modus
3803 4761 3860 4814 in
3903 4762 4198 4832 imaginum
4240 4762 4495 4830 picturis3
4539 4768 4592 4813 et

1289 4887 1400 4923 non
1444 4870 1580 4923 sicut
1626 4869 1882 4923 invisibili
1927 4870 2119 4923 deitati
2164 4870 2217 4923 in
2262 4869 2457 4938 spiritu
2502 4876 2557 4922 et
2601 4869 2832 4922 veritate
2878 4847 3254 4922 adorationem
3300 4868 3625 4921 inmutamus
3666 4868 3722 4922 in
3751 4866 4079 4922 manufactis
4109 4866 4456 4938 imaginibus,
4498 4867 4590 4920 sed
4620 4876 4666 4912 ⁴⁰

1288 4977 1574 5029 caritatem
1632 4984 1892 5046 nostram,
1951 4994 2117 5047 quam
2171 4976 2310 5029 iuste
2356 4975 2621 5029 habemus
2664 4976 2735 5028 ad
2790 4993 2951 5028 veros
3009 4993 3194 5028 servos
3238 4976 3346 5029 Dei
3395 4975 3583 5045 nostri,
3637 4974 3736 5028 tali
3782 4976 3943 5028 modo
3998 4975 4383 5040 ostendentem
4443 4983 4497 5027 et
4538 4973 4590 5025 in

1290 5101 1476 5137 eorum
1522 5084 1729 5137 honore
1770 5082 2107 5154 glorificatur
2149 5083 2322 5150 Deus,
2365 5082 2462 5152 qui
2506 5082 2834 5152 glorificavit
2879 5100 2974 5135 eos
3020 5083 3085 5136 et
3132 5083 3369 5135 cetera.

1504 5179 1581 5243 In
1629 5181 1883 5244 actione
1935 5181 2211 5264 septima
2257 5178 2338 5242 de
2387 5179 2863 5264 significatione
2921 5177 3356 5243 adorationis:
3419 5184 3729 5242 Adoratio⁶
3786 5188 3969 5241 multis
4024 5187 4200 5241 modis
4254 5188 4591 5259 intelligitur.

1291 5297 1388 5350 Est
1435 5297 1577 5351 enim
1622 5297 1870 5350 adoratio
1913 5297 2208 5351 secundum
2249 5296 2515 5350 honorem
2561 5303 2616 5351 et
2660 5314 2901 5350 amorem
2948 5303 3004 5349 et
3047 5296 3318 5363 timorem,
3383 5296 3540 5349 sicuti
3605 5296 3903 5349 adorantur
3958 5293 4236 5364 principes
4279 5300 4337 5347 et
4378 5294 4592 5348 illonun

1513 5533 1570 5616 1)
1620 5544 1711 5601 Sc.
1749 5543 2021 5621 Greyorii
2049 5544 2127 5600 II.
2163 5544 2319 5620 epist.
2354 5539 2472 5617 (J.-
2506 5543 2582 5599 E.
2615 5564 2673 5600 n.
2707 5538 2915 5618 2181),
2963 5544 3112 5599 unde
3140 5562 3322 5617 supra
3357 5563 3423 5617 p.
3459 5545 3584 5600 508
3616 5543 3651 5597 l.
3685 5544 3771 5600 27
3792 5562 3913 5616 sqq.
3948 5550 4219 5616 excerpta
4249 5541 4591 5618 leqebantur.
4623 5547 4669 5587 ὣ

1296 5642 1357 5726 2)
1409 5647 1690 5707 Germani
1724 5651 2104 5725 patriarchae
2149 5650 2382 5725 epistola
2428 5651 2514 5707 ad
2556 5650 2866 5706 Iohannem
2916 5650 3299 5722 Synadensem
3350 5648 3665 5724 episcopam
3721 5647 3868 5704 inter
3912 5656 4043 5704 acta
4091 5646 4314 5704 concilii
4355 5644 4599 5704 Meami

1292 5765 1402 5817 act.
1452 5756 1563 5812 IV.
1613 5750 1840 5830 (blansi
1886 5756 2056 5827 XIII,
2096 5752 2233 5833 100)
2283 5757 2583 5815 invenitur.
2739 5749 2799 5834 3)
2846 5755 3083 5812 Ibidem.
3238 5747 3300 5829 4)
3347 5754 3583 5812 Ibidem.
3732 5745 3793 5832 5)
3843 5752 4078 5811 Ibidem.
4220 5746 4282 5831 6)
4336 5754 4595 5829 Epistola

1294 5862 1514 5922 concilii
1559 5862 1803 5920 Nicaem'
1845 5864 1929 5922 ad
1975 5863 2402 5921 Constantinum
2453 5871 2504 5920 et
2550 5862 2806 5931 Irenem,·
2870 5862 3069 5919 Mans-i
3114 5862 3288 5933 XIII,
3337 5865 3479 5922 405.
