4884 6717
659 563 710 619 61.
746 561 965 619 CONCILIUM
988 562 1311 619 INGELHEIMENSE
1334 565 1372 619 Α.
1393 562 1467 620 840.
1825 558 1886 621 801

234 751 320 815 ditus
351 752 407 837 qui
437 751 471 814 in
501 749 666 837 prosperis
697 759 730 813 ct
759 748 907 813 advorsis
937 760 1085 835 repertus
1116 758 1167 813 est
1195 772 1281 814 reus.
1328 749 1445 814 Merito
1477 749 1638 837 siquidem
1669 750 1832 815 iudicatur
1854 762 1890 816 ut

233 859 352 944 impius
384 858 439 944 qui
462 867 578 921 neutro
602 857 635 919 in
660 866 805 942 ternpore
830 854 892 918 sibi
915 857 1105 942 procuravit
1127 855 1199 920 fieri
1222 857 1307 942 pius.
1357 857 1423 935 Qui
1443 879 1521 942 ergo
1546 857 1657 944 diligit
1678 860 1888 945 iniquitatem,
1906 879 2016 931 aaron.

233 965 316 1029 sicut
345 965 502 1050 scriptum
533 975 592 1044 est,
624 962 692 1027 odit
721 966 861 1028 animam
891 988 993 1043 suom,
1024 964 1091 1027 acsi
1122 975 1235 1049 aperte
1267 963 1371 1027 dicat:
1403 963 1481 1044 ‘Qui
1504 985 1568 1027 non
1592 962 1699 1049 diligit
1721 965 1887 1046 iustitiam,

233 1070 301 1135 odit
325 1072 465 1134 animam
490 1068 603 1150 suam’,
635 1070 789 1154 quoniam
819 1070 925 1134 victus
955 1070 988 1133 in
1021 1068 1246 1155 iniquitatibus
1271 1069 1377 1154 diligit
1400 1069 1616 1156 perditionem
1647 1092 1749 1153 suam,
1781 1070 1889 1136 idest

201 1176 322 1241 saliud
352 1176 476 1263 aliquid
506 1175 646 1242 amando
677 1198 776 1261 super
807 1187 987 1240 creatorem
1017 1177 1104 1239 vitae
1135 1198 1213 1240 suae
1238 1176 1290 1240 vel
1321 1177 1506 1263 proximum
1536 1199 1629 1240 suum
1655 1200 1720 1241 non
1745 1178 1830 1242 sicut
1852 1199 1887 1242 se
1907 1199 2025 1241 unua.

233 1284 349 1370 ipsum,
374 1305 413 1348 eo
438 1282 525 1369 quod
548 1283 706 1369 scriptum
730 1293 796 1346 est:
832 1282 899 1360 Qui
918 1308 979 1346 aon
1004 1283 1123 1369 dittqa,
1147 1299 1250 1348 monet
1272 1286 1307 1348 in
1329 1298 1436 1363 morte,
1461 1282 1548 1364 dum,
1572 1284 1656 1348 sicut
1678 1306 1797 1370 corpus
1820 1254 2053 1357 mo·1.¹fo'f.⁹s',u.

232 1391 313 1455 ritur
342 1391 413 1454 sine
444 1390 562 1470 anima,
593 1390 640 1453 ita
669 1399 703 1453 et
732 1389 836 1475 peiori
866 1399 969 1452 morte
1000 1388 1172 1452 damnatur
1202 1390 1311 1453 anima
1340 1388 1469 1476 perdita
1498 1389 1548 1453 sui
1572 1389 1748 1455 conditoris
1771 1392 1886 1476 gratia.

232 1496 336 1582 Igitur
359 1498 386 1560 si
414 1497 561 1583 aequitas
592 1506 642 1560 est
672 1495 807 1581 diligere
838 1495 1005 1575 iustitiam,
1038 1494 1072 1558 id
1102 1505 1152 1558 est
1180 1506 1247 1559 toto
1281 1494 1378 1559 corde
1403 1517 1534 1559 servare
1560 1518 1632 1559 cum
1658 1494 1788 1561 domino
1812 1496 1886 1561 Deo

232 1615 329 1689 atque
353 1604 502 1690 proximo
526 1600 672 1667 debitum
696 1612 915 1687 statutumque
940 1601 1123 1665 dilectionis
1148 1612 1289 1687 pactum,
1313 1614 1350 1665 ut
1372 1602 1480 1665 Deum
1504 1624 1602 1688 supra
1626 1624 1671 1685 se,
1701 1605 1886 1689 proximum

189 1734 214 1773 ro
232 1732 309 1774 vero
333 1710 556 1795 unusquisque
588 1708 703 1794 diligat
732 1709 817 1772 sicut
847 1730 892 1788 sc,
924 1707 1069 1794 alioquin
1100 1709 1128 1771 si
1160 1709 1314 1794 iniquitas
1345 1731 1416 1772 esse
1445 1709 1650 1772 convincitur
1673 1710 1828 1796 quicquid
1851 1712 1886 1774 in

231 1829 369 1902 utroque
392 1814 579 1901 negligitur,
610 1815 760 1878 inimicus
790 1815 963 1878 manifesto
987 1814 1061 1878 Deo
1091 1813 1297 1901 reputabitur
1327 1817 1382 1901 qui
1406 1837 1503 1879 verus
1533 1816 1658 1880 amicus
1687 1826 1754 1881 toto
1778 1816 1886 1881 cordis

231 1944 341 1987 amore
364 1945 430 1986 non
454 1943 525 1985 esse
549 1920 813 2007 deprehenditur,
837 1920 966 1985 dicente
991 1922 1150 1986 Domino:
1178 1923 1245 2000 Qut
1264 1947 1326 1986 non
1350 1937 1394 1987 est
1415 1947 1544 2003 mecum,
1568 1924 1736 1987 aduersum
1760 1949 1807 1988 me
1832 1939 1885 2006 eat,
1905 1944 2043 1996 manaa.

231 2031 317 2116 quia,
349 2051 546 2116 quamquam
578 2051 644 2093 non
673 2026 830 2091 imitando
862 2029 993 2113 quidem
1024 2027 1187 2114 operibus,
1220 2028 1277 2093 sed
1306 2028 1514 2092 assentiendo
1544 2027 1657 2093 mundi
1687 2028 1885 2095 amatoribus

231 2137 350 2224 reperti
374 2147 458 2217 sunt,
482 2157 689 2221 nequaquam
713 2145 822 2198 tamon
845 2136 942 2198 amici
966 2132 1204 2221 reputabantur
1227 2136 1283 2221 qui
1307 2136 1341 2198 in
1364 2133 1428 2199 alio
1452 2133 1561 2220 aliquo
1579 2158 1675 2221 quam
1692 2136 1727 2199 in
1742 2135 1884 2201 Domino
1904 2158 1931 2201 ot
1940 2159 1959 2198 1.
1968 2157 2019 2199 cor.

187 2267 212 2307 rs
230 2241 418 2328 gloriantur.
1903 2212 2063 2316 edifica.

336 2349 398 2414 His
428 2348 589 2434 siquidem
620 2347 757 2434 aliisque
788 2347 907 2411 divinis
939 2347 1194 2411 institutionibus
1225 2348 1383 2433 neglectis
1415 2347 1628 2435 multiplicata
1658 2360 1732 2413 sunt
1759 2349 1885 2415 scelera

230 2467 349 2536 nostra,
380 2452 645 2541 praevalentibus
674 2453 751 2518 hinc
783 2453 859 2517 inde
892 2453 1096 2538 originalium
1128 2455 1280 2518 vitiorum
1308 2454 1456 2536 stimulis,
1489 2454 1607 2541 quibus
1630 2468 1771 2520 vexatur
1794 2456 1883 2521 inde-

230 2564 373 2626 sinenter
403 2559 588 2625 mortalium
619 2561 827 2640 couscientia,
860 2583 934 2624 curn
967 2560 1128 2624 humanae
1159 2560 1343 2645 fragilitatis
1374 2562 1518 2626 animum
1542 2573 1675 2647 superat
1701 2563 1759 2645 ira,
1791 2564 1884 2629 ardet

230 2668 362 2749 invidia,
394 2666 520 2732 extollit
549 2665 713 2753 superbia,
744 2678 845 2730 vexat
876 2665 1048 2746 discordia,
1079 2668 1249 2753 impugnat
1272 2667 1393 2748 odium,
1424 2667 1511 2754 quod
1536 2667 1691 2733 divinitus
1715 2681 1884 2756 reputatur

185 2801 211 2840 so
229 2789 263 2840 ut
279 2774 500 2855 homicidium,
525 2782 638 2837 sancto
655 2784 828 2837 attestante
845 2772 1008 2860 apostolo:
1036 2773 1102 2851 Qut
1122 2775 1191 2838 odit
1205 2777 1349 2860 fratrem
1371 2800 1461 2838 suum
1486 2776 1648 2840 donricido
1662 2791 1714 2841 est.
1756 2774 1883 2857 Quibus
1902 2797 2046 2850 r.10s.a‚1s.

229 2880 372 2947 reatibus
396 2871 503 2968 lapsos
526 2901 769 2967 praeoccupare
793 2879 911 2944 faciem
928 2879 1061 2943 Domini
1078 2880 1110 2943 in
1134 2880 1339 2944 confessione
1362 2903 1421 2944 nos
1446 2903 1572 2945 summa
1594 2884 1773 2946 necessitas
1797 2905 1883 2947 corn·
1901 2903 2045 2955 araone.

229 2988 329 3076 pellit,
354 2989 431 3075 quia
446 2987 557 3051 divino
574 2987 758 3053 testimonio
775 2987 1009 3066 convincimur,
1035 2986 1124 3072 quod
1140 3009 1235 3050 nemo
1252 2984 1357 3051 bonus
1381 2988 1444 3050 nisi
1463 2987 1550 3052 solus
1566 2987 1669 3070 Deus,
1695 2988 1882 3077 Spirituquc

229 3105 341 3159 sancto
365 3118 424 3182 per
439 3093 631 3181 prophetam
647 3103 802 3157 testante:
831 3092 942 3158 Ornm‘c
965 3094 1054 3157 domo
1078 3094 1225 3173 orandun,
1249 3094 1438 3157 etiterum:
1464 3095 1551 3159 Vana
1576 3097 1675 3160 locuti
1694 3111 1767 3161 suut
1789 3122 1882 3162 uuus·
1902 3118 2032 3169 uttan.

229 3206 361 3288 queisque
383 3202 429 3266 cd
444 3204 630 3288 proximum
652 3225 752 3265 suum
788 3199 885 3264 Unde
910 3210 943 3263 et
966 3201 1022 3285 qui
1045 3199 1151 3284 diligit
1170 3200 1348 3264 vanitatem
1372 3202 1500 3286 quaerit
1522 3201 1633 3288 utique
1657 3201 1881 3268 mendacium:
1901 3170 2023 3274 {illisis

184 3333 211 3373 aa
228 3330 436 3395 nequaquam
460 3330 538 3392 ergo
561 3307 731 3371 minimum
755 3306 861 3370 scelus
884 3317 991 3392 potest
1021 3329 1093 3370 esse
1121 3305 1338 3386 mendacium,
1371 3330 1434 3393 quo
1465 3310 1671 3394 postponitur
1694 3309 1796 3390 Deus,
1828 3309 1882 3374 de·

229 3417 349 3502 cipitur
371 3415 549 3501 proximus,
573 3414 657 3499 perit
681 3414 806 3500 etipse
831 3411 971 3492 dolosus,
995 3413 1100 3477 factus
1124 3411 1255 3477 sibimet
1277 3414 1339 3500 ipsi
1365 3436 1440 3476 reus
1460 3425 1492 3477 et
1507 3415 1636 3500 impius,
1661 3414 1738 3481 dum
1755 3416 1882 3502 agendo

229 3533 261 3586 et
284 3521 491 3586 assentiendo
515 3519 714 3585 amatoribus
738 3519 850 3584 mundi
875 3519 1084 3583 damnabitur
1106 3532 1142 3583 ut
1165 3519 1238 3583 Deo
1263 3521 1445 3584 contrarius
1469 3520 1521 3584 vel
1545 3522 1705 3587 inimicus.

336 3627 559 3694 Consideratis
583 3627 724 3714 denique
749 3628 799 3691 his
822 3626 1129 3692 formidolosissimis
1154 3625 1388 3690 offensionibus
1412 3627 1542 3708 divinis,
1567 3650 1587 3691 a
1605 3627 1722 3714 quibus
1739 3640 1771 3693 et
1787 3652 1881 3695 nemo

229 3737 392 3822 excipitur
414 3735 587 3799 mortiferis
611 3735 776 3821 periculis,
801 3735 863 3797 nisi
880 3733 966 3796 solus
983 3732 1036 3796 ille
1053 3744 1086 3796 et
1101 3756 1184 3796 unus
1200 3732 1325 3819 absque
1342 3746 1479 3820 peccato
1494 3745 1601 3816 natus,
1626 3758 1720 3798 sacra
1743 3746 1881 3801 testante

185 3844 406 3929 inscriptura:
434 3841 547 3907 Omnes
571 3843 817 3920 declinaverunt,
840 3841 939 3905 simul
962 3841 1088 3904 inutiles
1104 3842 1306 3927 foetiscat,
1330 3867 1390 3905 non
1407 3857 1451 3905 cat
1465 3845 1525 3928 qui
1538 3844 1651 3930 sociat
1673 3844 1795 3923 bouum,
1819 3868 1880 3908 aon
1899 3870 2033 3922 nomam.

229 3966 391 4036 estusque
414 3950 594 4014 adunam:
624 3949 759 4028 cunctis,
791 3945 1051 4032 quibuscumque
1084 3945 1213 4010 debitor
1241 3970 1323 4028 sum,
1354 3947 1555 4034 sapientibus
1586 3960 1618 4012 et
1641 3947 1880 4034 insipientibus,

230 4056 350 4120 suadeo
374 4054 568 4136 evidentius,
593 4065 627 4119 ut
650 4054 921 4132 animadvertant,
946 4053 1099 4139 quatinus
1123 4054 1210 4117 omni
1235 4065 1380 4140 ternpore
1405 4093 1447 4102 -
1472 4065 1593 4141 quanto
1609 4057 1714 4140 magis
1731 4057 1765 4119 in
1781 4054 1882 4120 afflic-

229 4161 370 4227 tionibus
395 4173 427 4225 et
450 4162 608 4246 angustiis
625 4198 667 4208 -
684 4159 869 4225 confitendo
894 4172 1030 4245 peccata
1053 4181 1113 4222 sua
1136 4161 1360 4246 unusquisque
1377 4159 1564 4225 humiliatus
1580 4184 1644 4225 non
1661 4163 1767 4226 minas
1784 4185 1882 4248 quam

230 4292 290 4355 ego
307 4268 453 4333 divinam
470 4267 532 4332 sibi
549 4291 613 4332 non
633 4265 850 4353 parvipendat
868 4266 1110 4351 fraternamque
1130 4289 1188 4351 pro
1207 4265 1334 4331 viribus
1357 4266 1488 4354 placare
1513 4267 1779 4349 misericordiam,
1805 4268 1882 4333 dum

185 4405 212 4445 rs
229 4375 332 4441 tribus
356 4398 418 4461 ego
441 4374 578 4460 flagellis
603 4373 722 4438 divinis
746 4373 896 4454 monitus,
928 4371 961 4435 id
986 4382 1035 4435 est
1058 4373 1108 4435 ira
1130 4374 1288 4459 principis
1312 4372 1474 4460 rebusque
1499 4373 1649 4439 omnibus
1676 4373 1804 4457 ablatis,
1834 4376 1881 4439 in-

230 4505 328 4569 supcr
358 4493 391 4547 et
420 4481 625 4567 aegritudine
656 4479 811 4565 corporiS,
842 4501 907 4542 non
938 4500 1140 4542 murmurare
1171 4489 1228 4543 aut
1258 4480 1396 4566 litigare,
1428 4480 1486 4544 scd
1517 4479 1630 4545 humili
1661 4481 1881 4546 satisfactione

229 4589 354 4654 furores
378 4589 643 4676 persequentium
667 4587 816 4670 mitigare
841 4595 1026 4649 sanctorum
1049 4595 1178 4671 patrum
1209 4586 1360 4673 exemplo
1392 4586 1492 4651 didici
1523 4599 1701 4674 sanctoque
1725 4610 1799 4653 cum
1822 4586 1881 4652 Iob

229 4695 349 4760 divinis
373 4697 406 4760 in
429 4691 708 4780 indignationibus
731 4691 918 4757 accusando
942 4693 1169 4777 memetipsum
1186 4704 1355 4780 correptus
1379 4693 1488 4758 dicere
1505 4717 1570 4758 non
1587 4693 1713 4758 distuli:
1737 4695 1882 4776 Perconi,
1901 4719 2012 4771 ronta.

229 4804 310 4890 quid
331 4806 462 4891 seciam
493 4805 561 4883 tibi,
598 4826 615 4866 o
645 4816 746 4866 custm
776 4801 960 4864 hominum?
1005 4797 1153 4884 Itemque
1185 4798 1308 4864 idcirco
1340 4800 1409 4885 ipse
1441 4823 1491 4864 me
1524 4800 1727 4886 reprehendo
1757 4813 1790 4865 et
1820 4823 1881 4886 ago

184 4937 211 4976 to
228 4910 470 4996 poenitentiam.
507 4908 734 4972 Paenitentia¹
759 4904 1091 4993 quippebumilisque
1108 4905 1368 4970 satisfactiones
1392 4905 1643 4988 damnationem,
1668 4906 1726 4971 sed
1750 4929 1881 4993 repara·

229 5017 350 5080 tionem
373 5038 502 5102 semper
524 5014 643 5079 meruit
665 5012 707 5077 ab
738 5013 840 5094 initio,
872 5021 1071 5076 monstrante
1095 5011 1248 5094 Domino,
1280 5035 1354 5076 cum
1384 5012 1596 5099 publicanum
1623 5013 1826 5078 humiliatum
1849 5025 1883 5079 et

229 5132 437 5186 accusantem
460 5144 494 5186 se
518 5144 584 5186 non
608 5119 847 5201 condemnavit,
872 5118 930 5183 sed
952 5119 1060 5205 potius
1083 5117 1282 5201 iustificavit,
1306 5119 1348 5183 de
1373 5141 1436 5205 quo
1460 5141 1525 5183 non
1548 5118 1649 5184 dixit:
1682 5123 1803 5201 Omnia,
1826 5124 1885 5208 qui
1900 5144 2039 5196 auersas.

228 5254 260 5294 oe
283 5231 432 5294 humiliot
455 5225 735 5308 condemnabitur,
760 5225 818 5290 sed
842 5228 1042 5304 exaltabitur,
1065 5226 1272 5290 meretricem
1297 5226 1431 5311 insuper
1445 5224 1606 5311 legalibus
1622 5227 1776 5291 institutis
1792 5226 1881 5291 dam·

228 5334 370 5399 nondam
386 5335 516 5398 nonnisi
535 5336 605 5399 sine
628 5343 765 5421 peccato
789 5354 986 5419 quemquam
1009 5329 1155 5418 lapidare
1179 5333 1327 5418 permisit
1350 5343 1383 5396 et
1405 5332 1524 5396 iustum
1548 5334 1677 5397 nonnisi
1700 5333 1735 5397 in
1758 5332 1881 5397 miseri·
1900 5357 2047 5410 aroana

184 5469 211 5509 a
229 5441 342 5507 cordia
365 5442 529 5528 corripere
553 5441 661 5505 Deum
685 5441 802 5504 asserit
826 5438 954 5503 dicens:
990 5438 1152 5525 Corripiet
1178 5463 1225 5503 me
1248 5442 1349 5503 imaro
1372 5441 1406 5503 iu
1429 5440 1661 5506 mboicordio.
1710 5439 1882 5521 Quomodo
1899 5463 2024 5516 aarum

338 5698 367 5746 ll
383 5695 520 5746 manifesti
533 5693 563 5745 S.
620 5697 652 5746 13
665 5695 776 5760 quidam
791 5691 819 5743 S.
875 5690 1019 5742 mundoS.
1076 5692 1107 5742 21
1124 5689 1207 5756 lapsis
1221 5689 1251 5742 S.
1300 5686 1612 5758 22Deus]rupple:est.
1662 5687 1838 5758 atn0n1nee
1853 5691 1881 5744 S.

339 5903 368 5990 1)
393 5911 442 5985 Os.
466 5931 557 5988 supra
575 5929 608 5986 p.
627 5913 689 5970 792
711 5911 729 5966 1.
747 5910 785 5968 14
797 5928 858 5984 sqq.
884 5916 910 5965 et
926 5928 959 5984 p.
975 5910 1036 5967 804
1060 5909 1078 5964 l.
1096 5911 1186 5984 9rqq.

281 6029 327 6073 nn.
341 6028 443 6069 consur·
457 6028 489 6069 ta
