4884 6717
547 479 612 543 588
1005 484 1056 541 47.
1093 481 1313 540 CONClLlUll
1336 482 1593 540 MANTUANUM
1616 483 1653 537 A.
1675 480 1750 539 sti.

546 694 606 759 pro
637 672 826 736 defensione
857 693 934 736 snae
965 670 1145 736 aecclesiae
1175 681 1310 758 paratus
1340 669 1479 734 adesset.
1525 668 1566 732 In
1596 691 1662 755 qua
1691 669 1761 733 eius
1788 668 2003 757 prestolantes
2026 669 2203 735 adventurn

548 777 664 843 diebus
688 779 719 842 V
742 779 944 844 resederunt.
992 777 1059 843 Sed
1090 788 1222 865 propter
1255 775 1470 864 quorumdam
1502 776 1730 862 episcoporum
1764 775 1808 840 ad
1838 776 1965 842 hostem
1998 778 2203 864 pergentium

548 883 827 971 impedimentum,
851 887 916 949 iam
941 896 1057 970 coepto
1081 885 1224 971 ipsorum
1249 884 1375 964 itinere,
1399 881 1472 970 plus
1489 893 1666 969 expectare
1683 884 1912 969 nequiverunt.
1947 883 2073 947 Tamen
2097 882 2203 948 adhuc

548 991 595 1054 eis
619 990 780 1056 stantibus
805 1004 837 1056 et
860 991 951 1057 abire
975 989 1160 1056 volentibus
1184 991 1232 1054 sic
1256 989 1389 1054 tandein
1418 990 1509 1053 venit
1533 987 1729 1076 Tyberius1,
1761 989 1918 1054 diaconus
1949 1000 1981 1053 et
2007 1011 2204 1054 oeconomus

533 1097 727 1192 aecclesiae
753 1097 944 1180 Gradensis,
968 1121 988 1162 a
1004 1098 1147 1162 Venerio
1171 1097 1318 1161 eiusdem
1342 1097 1439 1160 castri
1464 1097 1619 1182 episcopo
1643 1097 1771 1178 missus,
1795 1095 1982 1178 obsecrare,
2006 1108 2042 1161 ut
2065 1098 2237 1164 auctori-s

548 1215 641 1286 tatae,
667 1227 748 1292 quas
772 1228 830 1291 pro
855 1229 914 1269 sua
937 1204 1098 1269 aecclesia
1121 1203 1271 1285 duxerat,
1295 1205 1329 1267 in
1352 1204 1518 1289 presentia
1542 1202 1659 1289 synodi
1682 1202 1877 1289 legerentur.

654 1311 798 1376 Relectis
821 1313 932 1398 itaque
957 1310 1106 1376 omnibus
1130 1310 1334 1397 repperimus
1358 1308 1560 1395 exemplaria
1583 1332 1601 1374 e
1624 1309 1744 1374 nullius
1766 1332 1867 1375 manu
1889 1332 1961 1374 esse
1977 1309 2148 1391 roborata,
2172 1321 2205 1374 et

549 1402 698 1503 quamvis
724 1420 768 1482 ita
792 1420 865 1500 sint,
890 1421 917 1483 si
942 1429 1051 1482 essent
1073 1418 1211 1498 firmata,
1235 1418 1340 1502 magis
1356 1416 1561 1502 Aquileiensi
1585 1413 1745 1480 ecclesiae
1770 1438 1867 1503 quam
1892 1438 1970 1481 suae
1994 1418 2203 1503 pertinerent.

549 1523 698 1610 Cumque
723 1548 743 1589 a
766 1525 891 1612 synodo
916 1526 1146 1605 sciscitaretur,
1177 1534 1286 1588 utrum
1315 1523 1430 1588 horum
1462 1522 1687 1609 exemplorum
1716 1523 1872 1587 autentici
1902 1523 1936 1587 in
1966 1522 2101 1588 archivo
2124 1546 2204 1588 suae

550 1629 708 1695 ecclesiae
732 1644 921 1697 tenerentur
944 1654 1057 1713 necne,
1088 1629 1258 1717 respondit
1286 1627 1366 1693 nihil
1390 1628 1529 1715 amplius
1553 1651 1588 1693 se
1612 1627 1734 1693 habere
1758 1628 1821 1693 nisi
1844 1627 2006 1716 synodum
2029 1627 2071 1693 ab
2095 1628 2203 1710 Helia,
2225 1658 2251 1698 ro

550 1738 753 1824 Aquileiensi
777 1738 972 1824 patriarcha,
1003 1739 1036 1800 in
1068 1749 1174 1801 castro
1200 1734 1374 1818 Gradensi,
1405 1734 1493 1823 quod
1523 1734 1616 1822 plebs
1640 1737 1710 1800 eius
1735 1747 1814 1817 erat,
1845 1747 1951 1799 samm
1975 1735 2204 1818 fuissentin

549 1844 676 1908 initium
708 1858 773 1908 est:
806 1851 898 1908 Cum²
928 1855 956 1908 in
987 1863 1078 1908 castro
1102 1852 1244 1908 Gradensi
1274 1871 1307 1908 ac
1336 1852 1423 1925 plebe
1455 1870 1505 1906 sua
1535 1851 1644 1918 Helias,
1676 1852 1836 1923 patriarcha
1866 1861 1983 1909 sanetae
2011 1852 2204 1924 Aquileiensis

550 1961 719 2027 aecclesiae,
743 1979 805 2015 cnm
828 1961 976 2024 Martiano,
1000 1960 1156 2026 Leoniano,
1181 1959 1277 2026 Petro,
1293 1958 1453 2025 Vindemia,
1478 1958 1592 2030 Vignlo,
1615 1958 1741 2014 iohanne
1766 1969 1797 2014 et
1819 1959 1934 2031 reliquis
1957 1960 2205 2016 consacerdotibus

550 2067 608 2122 suis
631 2068 807 2122 consedisset
831 2071 863 2121 et
887 2057 1027 2144 reliqun3
1053 2058 1131 2120 item
1155 2054 1410 2142 subscriptiones
1434 2056 1661 2142 episcoporum
1684 2056 1780 2121 huius
1803 2055 1920 2143 synodi
1943 2058 1977 2120 in
2001 2055 2097 2143 plebe
2123 2055 2204 2120 Gra·

551 2164 644 2227 (lensi
674 2176 785 2228 actae:
820 2175 872 2228 His
902 2175 992 2247 gestis
1023 2174 1097 2244 apud
1128 2191 1180 2227 nos
1209 2172 1314 2228 habitis
1344 2173 1573 2243 subscripserunt
1602 2172 1757 2227 Martianus
1782 2167 2012 2244 Opitmgcnsis³,
2042 2172 2205 2227 Leonianus
2225 2189 2251 2228 rs

550 2277 786 2352 Tyborniensis⁴,
821 2281 923 2336 Petrus
953 2275 1117 2346 Altinatis⁵,
1149 2280 1250 2334 Helias
1282 2285 1395 2334 sanctim
1426 2278 1619 2350 Aquileiensis
1649 2278 1806 2333 aecclesiae
1838 2277 2010 2349 patriarcha,
2040 2278 2206 2334 Vindemins

552 2381 732 2454 Cessensisss,
761 2387 881 2458 Vigulns
903 2380 1114 2455 Patariensis7,
1142 2386 1285 2440 Iohannes
1315 2381 1543 2452 Calcianensis⁸,
1579 2382 1754 2440 Clarissimus
1783 2381 2031 2453 Concordiensis⁹‚
2066 2385 2206 2440 Patricius

551 2494 728 2549 Emolnensis
739 2488 775 2560 ¹⁰,
800 2493 961 2548 Hadrianus
977 2494 1106 2550 Palensis
1117 2489 1154 2560 ¹¹,
1174 2492 1334 2547 Maxentius
1350 2487 1527 2558 Iuliens1s12,
1552 2490 1674 2546 Severus
1690 2492 1876 2563 Tergestinus
1886 2486 1923 2559 ¹³,
1939 2491 2081 2549 Iohannes
2097 2493 2204 2548 Paren-

551 2596 673 2668 transs,
705 2601 800 2656 Aaron
828 2601 993 2655 Aveniensis
1004 2596 1039 2667 ¹⁵,
1072 2600 1246 2656 ilateminns
1271 2593 1498 2664 Sabionensisffl,
1530 2598 1683 2652 Flaminius
1706 2593 1938 2666 Tudertinusfl,
1962 2600 2081 2672 vigilius
2105 2599 2204 2654 Scara-

550 2708 687 2762 vasiensis
697 2702 734 2775 1⁸,
771 2708 939 2762 Laurentius
968 2702 1160 2774 Feltrinnsffl,
1196 2707 1353 2762 linitionis
1376 2705 1525 2760 Pereuntia
1535 2698 1578 2772 ²⁰3
1614 2695 1691 2759 item
1722 2707 1892 2781 exerptum
1924 2718 1966 2760 ex
1996 2697 2251 2782 suggestionem

549 2805 781 2869 Histriensium
813 2816 845 2868 ct
860 2804 1072 2869 Venetiamm
1096 2803 1138 2868 ad
1162 2826 1282 2890 papam
1307 2802 1538 2888 Gregorium²¹
1562 2803 1706 2882 missum,
1737 2824 1834 2888 quam
1865 2802 2011 2888 prefatus
2042 2801 2204 2890 Tyberius

550 2911 675 2998 synodo
700 2910 825 2992 obtulit,
850 2911 942 2976 cuius
966 2911 1093 2974 initium
1118 2923 1183 2974 est:
1208 2918 1395 2991 Suggersndo
1419 2927 1464 2973 ter
1488 2918 1651 2973 beatissimo
1674 2926 1761 2988 atque
1786 2917 1941 2989 apostolico
1964 2919 2109 2990 totiusque
2128 2920 2204 2975 orbis

550 3037 688 3083 terrarum
718 3028 816 3098 capiti,
849 3028 950 3082 domno
981 3027 1140 3098 Gregorio,
1159 3026 1312 3082 universali
1343 3044 1447 3097 pupae,
1481 3025 1577 3080 cuncti
1601 3025 1726 3097 episcopi
1749 3025 1950 3081 Histriensium
1974 3032 2004 3080 et
2017 3026 2204 3082 Venetiamm

550 3136 708 3205 provintiae
732 3153 784 3190 seu
807 3143 911 3190 cuncta
933 3132 1106 3205 generalitas
1130 3132 1229 3204 populi
1252 3132 1408 3188 Gradcnsic
1430 3132 1527 3202 oppidi
1552 3140 1582 3186 et
1604 3132 1710 3203 plebis,
1733 3132 1822 3186 ultimi
1844 3133 1949 3187 servuli
1973 3133 2070 3189 vestri.

656 3231 710 3295 Ad
733 3231 839 3296 locum
864 3242 981 3296 cuncta
1004 3229 1158 3317 liquidius
1181 3231 1216 3293 in
1240 3230 1377 3294 veritate
1401 3250 1577 3314 suggerere
1600 3251 1666 3292 non
1690 3230 1866 3294 omisimus.
1913 3230 2075 3316 Tempore
2107 3231 2205 3317 igitur
2222 3256 2250 3297 ss

550 3337 702 3424 Aquileia
726 3339 858 3402 civitate
883 3349 988 3401 stante
1012 3339 1046 3401 in
1069 3336 1237 3423 Hyaperia
1266 3335 1342 3400 illuc
1366 3349 1497 3400 sanctus
1520 3335 1652 3400 Marcus
1676 3336 1878 3422 evangelista
1901 3337 1944 3402 ad
1966 3336 2204 3424 predicandum

550 3443 591 3508 ab
615 3442 696 3508 urbe
711 3443 826 3526 Roma,
851 3444 975 3509 scilicet
991 3466 1010 3507 a
1025 3441 1215 3508 beatissimo
1231 3445 1329 3508 Petro
1353 3443 1500 3529 principe
1525 3441 1753 3528 apostolorum,
1778 3441 1921 3508 directus
1946 3455 2004 3526 est,
2028 3467 2088 3530 per
2111 3445 2202 3509 cuins

550 3573 628 3614 vero
652 3549 908 3637 predicationem
932 3551 1177 3615 veracissimam
1201 3549 1383 3615 orthodoxa
1406 3549 1487 3614 fides
1512 3547 1634 3613 Christi
1661 3549 1782 3635 populo
1813 3552 2026 3620 commoranti
2056 3549 2137 3615 inibi
2160 3550 2203 3615 ab

656 3798 839 3869 lenullius]
859 3802 1004 3855 etnnllius
1024 3804 1051 3853 V.
1134 3805 1196 3854 9in
1215 3802 1328 3853 decai'.
1411 3804 1444 3854 10
1463 3798 1631 3866 tenerentur]
1652 3820 1668 3852 a
1690 3800 1885 3864 (=aut)add.
1904 3804 1932 3853 V.
2014 3806 2047 3855 26
2067 3805 2203 3870 Hyaperis

548 3912 561 3945 e
580 3895 717 3961 Hesperia
735 3911 798 3944 corr.
819 3894 845 3944 Γ.
2222 3906 2251 3947 tt

661 4130 689 4186 ll
714 4129 739 4183 A
762 4127 880 4184 Veneria
904 4127 1039 4183 diaconus
1059 4135 1084 4183 ct
1103 4126 1279 4183 vicedomnus
1297 4127 1476 4201 appellatum
1496 4128 1541 4198 cs.
1564 4124 1637 4185 ΜΘ.
1660 4126 1738 4201 Epp.
1761 4127 1880 4196 12:315.
1952 4126 1982 4196 2)
2007 4129 2079 4186 Acta
2101 4129 2202 4204 spuria

549 4236 651 4309 spirandi
673 4255 751 4291 arina
774 4238 845 4292 579.
870 4233 1033 4308 adscriptae
1055 4228 1109 4307 (cs.
1135 4233 1176 4290 ll'.
1195 4232 1305 4306 ilIcyer,
1330 4234 1348 4288 l.
1365 4234 1383 4288 l.
1403 4253 1438 4308 p.
1454 4237 1493 4292 21
1505 4229 1580 4309 sqq.)
1604 4236 1734 4310 lapuntur
1756 4232 1787 4289 in
1810 4235 1945 4291 Andreae
1967 4235 2100 4292 Danduli
2122 4236 2202 4292 cliro·

550 4343 613 4399 nico
635 4341 680 4398 VI
698 4345 756 4400 c.1
788 4335 956 4414 (Aduatuci,
989 4339 1043 4396 SS.
1073 4359 1130 4396 rer.
1163 4339 1229 4395 Ital.
1255 4339 1324 4410 ΧΠ,
1347 4342 1397 4398 98.
1446 4340 1546 4396 Mansi
1568 4340 1621 4409 IX,
1647 4335 1730 4414 923).
1779 4339 1883 4397 Omnia
1908 4342 1979 4413 fere
2010 4342 2202 4417 epiamparum

550 4449 665 4506 caesarina
681 4448 861 4504 inueniuntur
876 4447 957 4520 apud
970 4445 1101 4516 Paulum,
1119 4446 1193 4502 Hist.
1212 4445 1340 4522 Lanpob.
1359 4445 1412 4501 111
1423 4465 1445 4501 c.
1458 4449 1501 4505 26
1517 4439 1533 4518 A
1542 4487 1548 4500 .
1566 4447 1584 4502 l.
1596 4466 1630 4521 p.
1645 4443 1716 4521 107)
1734 4455 1759 4503 et
1774 4446 1804 4503 in
1821 4447 1953 4503 chronico
1962 4447 2200 4523 patriarcharum

551 4554 743 4614 Gradatsium
768 4557 826 4614 al
851 4548 928 4626 (ibid.
948 4572 981 4627 p.
999 4549 1081 4627 393),
1113 4553 1187 4609 unde
1213 4552 1243 4609 in
1266 4551 1404 4609 lobannis
1427 4551 1578 4609 chronicon
1603 4549 1755 4612 Gradatae
1778 4545 1866 4626 (MG.
1892 4552 1947 4610 88.
1970 4553 2033 4624 VH,
2052 4549 2083 4629 7)
2107 4563 2201 4612 traaas·
2219 4570 2248 4613 u

549 4664 650 4719 iauut.
721 4659 751 4730 3)
770 4659 890 4718 Οᾶενεο.
960 4657 990 4728 4)
1014 4658 1115 4715 Tibern
1131 4659 1160 4715 in
1178 4657 1339 4717 Carintdia.
1403 4657 1434 4728 5)
1451 4658 1555 4717 Altina.
1618 4660 1648 4728 6)
1670 4657 1750 4717 Cissa
1767 4659 1795 4716 in
1811 4658 1909 4717 latria.
1981 4660 2202 4730 ¹1)Padua.-

550 4769 584 4825 In
608 4769 706 4825 cleron.
728 4775 807 4843 patr.
833 4765 928 4824 (irad.
953 4785 1052 4822 aetiten
1077 4765 1200 4840 episcopi
1222 4764 1347 4822 ocairrit
1367 4764 1528 4841 Berpullaa,
1553 4767 1634 4841 apud
1654 4765 1821 4823 Daedalum
1844 4766 1987 4843 Virgilius.
2072 4768 2103 4837 8)
2130 4767 2202 4842 Ciny

549 4874 578 4930 in
604 4873 763 4933 Carintdia.
833 4873 864 4942 9)
891 4871 1061 4931 Concordia.
1134 4871 1184 4941 10)
1209 4871 1335 4928 Emonia
1358 4871 1386 4927 in
1410 4870 1498 4928 latria
1521 4881 1571 4928 aut
1595 4872 1731 4946 Lapbacd
1754 4872 1783 4930 in
1809 4870 1969 4930 Carintlria.
2042 4873 2092 4944 11)
2116 4874 2200 4931 Pola.

553 4981 604 5050 12)
629 4979 730 5057 Zuplio
753 4980 781 5036 in
805 4978 902 5036 latria.
1012 4979 1063 5046 13)
1096 4977 1233 5055 Tergeste.
1343 4977 1394 5045 14)
1417 4976 1561 5034 Parenso.
1671 4978 1722 5034 15)
1746 4979 1879 5036 Aurunco
1896 4999 1992 5055 prope
2017 4978 2129 5039 Gadara
2152 4988 2204 5037 aut

549 5086 695 5144 Inniclren.
800 5086 851 5154 16)
877 5085 965 5142 Seden
990 5079 1104 5160 (postea
1127 5078 1267 5159 Bricca).
1291 5114 1334 5124 —
1357 5083 1445 5159 Apud
1467 5084 1588 5141 Paulum
1612 5085 1756 5161 episcopus
1778 5085 1942 5143 rrarninatur
1965 5087 2147 5165 lupentinus,
2171 5087 2200 5143 in
2218 5106 2247 5144 so

548 5194 646 5250 ebron.
672 5201 753 5267 patr.
779 5191 873 5250 Grad.
898 5190 1050 5269 Inpensius,
1081 5191 1163 5267 apud
1184 5190 1350 5247 Dandulum
1381 5190 1539 5248 invenitur:
1563 5194 1719 5247 Marcianus
1741 5193 1887 5264 presbyter
1911 5195 2001 5250 locum
2024 5196 2137 5249 faciens.
2161 5237 2168 5249 .
2193 5236 2200 5248 .

548 5301 657 5372 inguini
680 5300 801 5370 episcopi
825 5309 937 5353 carretae
961 5299 1096 5353 ecclesiae
1120 5299 1257 5352 secundae
1282 5298 1427 5352 lihaetiae.
1519 5297 1571 5367 17)
1602 5298 1628 5352 Τ
1626 5298 1708 5354 rient.
1725 5329 1768 5338 —
1783 5300 1872 5374 Apud
1892 5299 2023 5370 Paulam,
2048 5300 2077 5356 in
2102 5301 2199 5357 sirmi.

543 5415 624 5482 patr.
657 5405 848 5463 Gradensium
880 5414 905 5461 ct
934 5406 1015 5479 apud
1043 5404 1208 5461 Dandulum
1239 5403 1384 5478 episcopus
1410 5404 1545 5479 Aprrellus
1575 5403 1746 5461 neritinatur.
1864 5406 1913 5476 18)
1945 5406 2138 5464 Scarabantia
2160 5408 2203 5463 ad

549 5512 660 5570 Istnnri.
734 5507 784 5589 19)
809 5512 914 5569 Feltrc.
938 5542 980 5550 -
1006 5512 1093 5587 Apud
1112 5509 1235 5566 Paulum
1258 5510 1334 5566 etin
1359 5510 1456 5567 cleron.
1476 5519 1558 5585 patr.
1577 5508 1670 5568 Grad.
1697 5511 1842 5587 episcopua
1866 5512 2000 5572 Fonteius
2022 5513 2200 5583 nominatim

547 5620 629 5695 apud
650 5619 815 5675 Dandulum
845 5619 984 5676 accurrit:
1016 5619 1179 5674 Laurentius
1208 5618 1354 5689 presbyter
1384 5619 1475 5672 locum
1504 5619 1608 5672 faciens
1631 5619 1740 5673 Fonteii
1769 5620 1892 5690 episcopi
1923 5627 2035 5676 sanctae
2063 5621 2198 5675 aedesius
2217 5636 2245 5677 ss

547 5727 696 5782 Feltrinae.
781 5725 833 5795 211)
859 5725 974 5781 Pedana
998 5725 1026 5780 in
1052 5723 1148 5780 Istria.
1242 5723 1295 5792 21)
1321 5721 1492 5799 Grcporium
1516 5723 1555 5780 II.
1581 5723 1809 5798 (715—731),·
1840 5725 1883 5796 cf.
1906 5725 2019 5796 Badais,
2043 5727 2091 5784 Dc
2112 5726 2198 5783 sctis·

547 5841 621 5888 nratc
639 5853 670 5907 p.
690 5836 758 5891 173.
