4884 6717
507 480 720 537 APPENDIX.
768 480 798 538 6.
830 479 1048 540 CONCILIUM
1071 482 1335 539 NARBONENSE
1359 482 1534 540 SPURIUM
1557 483 1594 538 Α.
1612 482 1687 539 188.
1860 476 1923 540 829

270 679 297 735 3.
314 685 341 733 et
354 679 383 736 4.
409 676 466 747 ΙΙΙ,
483 679 553 736 174.
582 678 625 734 Le
642 677 740 735 Coiate
761 677 810 748 VI,
827 681 898 738 464.
927 678 1065 735 Hardaia
1082 677 1136 749 IV,
1153 681 1226 738 823.
1254 678 1387 736 Deuicet
1407 678 1540 749 Vaissete,
1560 680 1614 734 tt.
1633 677 1924 754 ed.1.1,app.26;

270 784 312 840 cd.
328 787 359 843 2.
383 783 424 853 II,
448 804 517 860 app.
534 787 585 843 54.
622 781 722 842 Gallia
747 782 913 842 Christiana
934 784 983 854 VI,
1008 783 1088 842 inatr.
1106 788 1136 843 2.
1174 784 1274 841 Mami
1296 784 1384 855 XIII,
1405 787 1476 844 821.
1499 815 1529 824 -
1566 786 1656 862 Rea:
1680 784 1783 841 ‘Neues
1804 785 1924 842 Archio’

269 888 384 960 XXIV,
401 894 472 950 493.

378 1082 484 1158 Anno
514 1095 747 1159 incarnationis
778 1094 962 1159 dominicae
993 1093 1323 1174 DCOLxxxvtlt,
1360 1096 1538 1161 indictione
1570 1097 1659 1174 xll,
1691 1095 1922 1182 gloriosissimo

237 1224 399 1289 equoque
430 1202 548 1267 domno
578 1203 773 1288 imperatore
797 1202 920 1266 Karolo
945 1215 1101 1288 regnante
1125 1224 1210 1265 anno
1235 1202 1376 1285 xxm,
1400 1203 1441 1267 V.
1459 1203 1628 1268 Kalendas
1652 1203 1736 1286 lulii,
1762 1203 1839 1268 dum
1863 1227 1922 1290 pro

268 1308 377 1373 multis
409 1319 441 1373 et
464 1310 566 1373 variis
596 1308 827 1373 ecclesiasticis
859 1310 1009 1394 negotiis,
1039 1309 1231 1395 praesertim
1260 1332 1319 1395 pro
1342 1310 1370 1373 F
1373 1309 1473 1392 elicis,
1498 1309 1721 1396 Urgellitanae
1746 1310 1833 1375 sedis
1857 1312 1924 1396 epi·

269 1417 377 1502 scopi,
414 1416 569 1503 pestifero
605 1415 774 1501 dogmate,
809 1426 961 1480 monente
995 1439 1056 1504 per
1089 1437 1168 1480 suae
1204 1418 1405 1481 auctoritatis
1434 1415 1558 1482 litteras
1593 1416 1712 1482 domno
1747 1416 1924 1505 apostolico

268 1522 436 1587 Adriano¹
460 1545 499 1587 ac
523 1522 641 1588 domno
665 1524 861 1609 imperatore
886 1545 945 1609 per
967 1525 1101 1587 missum
1125 1545 1217 1587 suurn
1242 1524 1372 1587 nomine
1392 1523 1634 1605 Desiderium²,
1659 1524 1924 1588 convenissemus

268 1627 382 1694 urbem
405 1627 595 1694 Narbonem
626 1631 712 1693 intra
742 1626 912 1694 basilicam
945 1631 1048 1694 sancti
1073 1629 1154 1693 Iusti
1184 1641 1217 1693 et
1240 1630 1395 1712 Pastoris,
1426 1652 1488 1716 ego
1516 1629 1642 1694 scilicet
1664 1629 1817 1711 Danihel,
1847 1629 1925 1696 licet

225 1763 251 1800 ro
268 1734 421 1823 indignus
453 1747 550 1823 atque
583 1747 747 1823 peccator,
780 1738 885 1823 gratia
914 1747 1023 1801 tamen
1047 1736 1113 1800 Dei
1143 1748 1276 1801 sanetae
1307 1736 1576 1823 metropolitanae
1607 1738 1805 1823 praemissae
1833 1735 1924 1803 urbis

269 1844 452 1930 episcopus,
476 1865 603 1907 necnon
628 1853 660 1907 et
675 1843 849 1925 Elisantus,
873 1843 1072 1908 Arelatentis
1097 1845 1280 1931 episcopus,
1305 1866 1378 1908 curn
1396 1842 1607 1931 plurimorum
1627 1842 1764 1930 collegio
1787 1866 1924 1909 venera·

268 1948 381 2013 biliam
415 1952 643 2036 episcoporum
674 1973 738 2014 una
769 1972 843 2014 cum
873 1952 1066 2015 auctoritate
1097 1951 1206 2015 domni
1235 1950 1406 2036 apostolici
1434 1952 1597 2036 missoque
1620 1949 1788 2037 praedicto
1812 1949 1923 2016 domni

268 2058 472 2142 imperatoris
502 2056 629 2139 Karoli,
664 2058 750 2121 inter
779 2068 921 2139 caetera,
957 2080 1041 2143 quae
1076 2058 1187 2122 veraci
1223 2079 1372 2121 sermone
1402 2056 1500 2121 finem
1531 2068 1738 2144 acceperunt,
1769 2069 1841 2122 orta
1874 2071 1924 2122 est

269 2162 403 2249 querela
432 2186 542 2228 coram
574 2162 666 2227 nobis
702 2162 851 2228 omnibus
886 2163 927 2228 de
958 2163 1130 2251 parrochia
1159 2162 1382 2245 Narbonensi,
1414 2163 1519 2245 unde,
1549 2164 1772 2251 praecipiente
1804 2164 1923 2230 domno

225 2295 250 2334 ιο
269 2272 473 2357 imperatore,
499 2269 609 2335 subtili
633 2272 874 2335 examinatione
899 2283 931 2336 et
954 2271 1088 2358 speciali
1113 2269 1154 2336 ob
1178 2270 1323 2357 prolixas
1347 2268 1573 2335 altercationes
1597 2272 1777 2335 examinari
1800 2272 1923 2337 iussum

269 2389 348 2442 erat.
395 2378 448 2441 De
472 2401 537 2464 qua
560 2377 702 2441 Danihel
727 2378 900 2465 episcopus
929 2400 990 2465 per
1019 2388 1118 2442 testes
1148 2377 1294 2458 idoneos,
1318 2377 1444 2442 Iustum
1476 2378 1601 2442 scilicet
1623 2378 1869 2464 Agathensem³
1891 2391 1924 2443 et

267 2484 488 2570 Witeringum
512 2485 789 2549 Nemausensem⁴
813 2486 1001 2571 episcopum
1029 2496 1126 2572 atque
1150 2485 1303 2548 Amicum
1326 2483 1619 2569 Magalonensem⁵
1642 2487 1804 2567 comitem,
1836 2497 1922 2550 cete·

269 2614 386 2679 rosque
411 2590 619 2679 quamplures
643 2591 848 2655 diseutiendo
873 2591 1041 2656 elucidans
1065 2603 1166 2656 totum
1190 2591 1398 2656 Redensem⁵
1420 2614 1540 2677 pagam
1571 2614 1670 2678 super
1692 2584 1921 2657 Wiuedurium

268 2698 508 2763 Heleneusem⁷
524 2699 712 2784 episcopum
729 2699 903 2763 iustissime
921 2699 1121 2763 evindicavit
1137 2710 1170 2763 et
1185 2700 1365 2783 marginem
1382 2698 1573 2784 parrochiae
1586 2697 1819 2780 Narbonensis,
1837 2721 1922 2786 quae

222 2829 250 2868 ao
269 2827 311 2869 ex
328 2805 392 2869 alia
408 2817 499 2891 parte
515 2827 619 2891 usque
636 2804 679 2869 ad
697 2803 843 2887 fluvium,
869 2806 923 2891 qui
939 2816 1075 2870 vocatur
1092 2804 1231 2887 Orbusss,
1256 2805 1412 2892 quamdiu
1427 2805 1623 2872 vocabulum
1647 2829 1740 2870 suum
1764 2806 1851 2870 idem
1868 2829 1921 2871 co·

269 2913 398 2976 mitatus
422 2913 550 2994 retinet,
575 2912 723 2996 superius
741 2923 774 2975 et
789 2912 922 2976 inferius
939 2912 1099 2998 perducit,
1116 2910 1303 2998 plenissime
1321 2914 1444 2976 ratione
1459 2911 1638 2998 Vulfegarii
1656 2914 1801 3000 episcopi
1818 2913 1921 2978 Biter-

268 3020 394 3083 rensis⁹
417 3042 491 3083 cum
515 3017 693 3105 praedictis
724 3018 861 3083 testibus
891 3029 1053 3105 superata.
1099 3020 1277 3083 Praeterea
1306 3019 1392 3083 idem
1416 3019 1559 3083 Danihel
1590 3019 1855 3106 archiepiscopus
1879 3019 1920 3083 de

267 3127 451 3191 Ausonensi
463 3130 489 3169 ¹⁰
511 3127 684 3212 parrochia
706 3128 864 3190 rationem
888 3124 1048 3190 adhibens
1073 3124 1223 3206 ostendit,
1249 3125 1337 3213 quod
1359 3124 1447 3190 nullo
1473 3126 1568 3191 modo
1592 3127 1780 3213 episcopum
1796 3149 1918 3213 ponere

267 3232 334 3298 illie
358 3234 517 3320 potuisset
539 3233 581 3298 ob
605 3256 807 3320 paganorum
831 3233 1073 3297 infestationem
1096 3246 1129 3297 et
1152 3232 1428 3319 quemadmodum
1451 3233 1629 3297 auxiliante
1652 3234 1724 3297 Deo
1748 3256 1808 3319 per
1830 3245 1919 3297 ante·

222 3342 406 3405 recesseris
429 3341 480 3404 sui
503 3340 695 3405 iudustriam
721 3339 884 3427 quondam
908 3338 1031 3404 ibidem
1055 3339 1200 3404 haeresis
1225 3342 1370 3404 extincta
1395 3340 1493 3405 fuerit
1518 3353 1551 3404 ct
1574 3342 1651 3426 quia
1674 3340 1820 3404 eiusdem
1842 3343 1920 3427 pagi

267 3447 371 3534 plebs,
396 3448 480 3512 sicut
504 3448 637 3534 quidam
660 3450 804 3534 ipsorum
828 3448 1063 3534 inpraesentia
1086 3445 1275 3528 retulerunt,
1300 3446 1380 3511 nulli
1404 3447 1596 3533 parrochiae
1620 3445 1798 3511 adhaerere
1821 3446 1921 3511 vellet

267 3556 329 3618 nisi
353 3553 560 3619 Narbonensi
584 3554 626 3619 ob
650 3554 923 3641 principalitatem
947 3565 1056 3619 tantae
1080 3553 1167 3618 sedis
1191 3554 1398 3640 praecipuae.

375 3660 476 3725 Cuius
499 3661 737 3748 archiepiscopi
761 3662 919 3726 rationem
943 3659 1105 3725 salubrem
1130 3683 1201 3725 esse
1226 3658 1476 3748 comprobantes
1501 3685 1559 3747 pro
1582 3660 1759 3747 praedietis
1781 3684 1921 3726 commo·

268 3768 424 3833 ditatibus
448 3779 490 3850 et,
515 3792 555 3832 ne
581 3768 720 3833 confinio
744 3769 925 3854 Hispaniae
950 3769 1155 3833 occasionem
1179 3769 1329 3832 tristitiae
1353 3769 1585 3854 ingereremus,
1618 3769 1814 3833 unanimiter
1836 3769 1920 3833 iusto

223 3898 249 3936 so
267 3875 498 3963 perpendimus
522 3877 683 3955 examine,
708 3887 744 3940 ut
766 3874 844 3939 nulli
870 3875 939 3939 sedi
964 3874 1120 3962 deinceps
1144 3877 1269 3940 sociata
1291 3873 1451 3939 habeatur
1473 3876 1535 3939 nisi
1553 3874 1768 3955 Narbonensi,
1792 3889 1922 3941 servata

268 3993 490 4046 verumtamen
525 3983 731 4062 auctoritate,
767 3984 792 4046 si
828 4005 887 4068 per
925 4003 960 4045 se
995 3983 1182 4068 episcopum
1219 3980 1340 4045 habere
1375 3983 1569 4068 nequiverit.
1622 3982 1787 4066 Rogamus
1822 3984 1922 4068 igitur

268 4101 402 4153 cunctos
427 4087 662 4174 subsequentes
686 4112 745 4152 nos
776 4101 809 4152 et
831 4088 892 4152 hoc
923 4099 1052 4152 nostrae
1077 4090 1278 4152 auctoritatis
1314 4088 1446 4153 decreto
1478 4089 1715 4170 confirmamus,
1747 4091 1920 4168 sancimus,

267 4195 449 4260 stabilimus
473 4207 539 4259 tam
564 4195 604 4260 de
628 4194 771 4259 Redensi
801 4218 885 4282 pago
917 4219 1013 4282 quam
1046 4197 1144 4259 etiarn
1176 4195 1216 4259 de
1241 4196 1425 4259 Ausonensi
1457 4198 1526 4260 sive
1551 4196 1691 4260 confinio
1716 4195 1920 4261 Narbonensi

268 4315 300 4367 et
322 4302 512 4384 Biterrensi,
541 4302 628 4388 quod
659 4314 709 4367 est
740 4301 859 4384 Orbus,
889 4314 935 4384 ut,
967 4303 1052 4366 sieut
1078 4324 1187 4366 coram
1212 4301 1306 4366 nobis
1330 4302 1512 4366 discussum
1536 4313 1569 4367 et
1593 4302 1838 4389 comprobatum
1862 4315 1920 4384 est,

221 4431 247 4470 so
266 4411 313 4474 ita
336 4408 563 4474 inconvulsum
588 4421 621 4474 et
643 4410 944 4491 incontaminatum,
972 4407 1092 4473 nullius
1116 4409 1373 4473 contradictione
1398 4408 1536 4490 valente,
1568 4411 1601 4473 in
1632 4420 1824 4496 perpetuum
1848 4431 1921 4495 per·

373 4641 520 4709 odomno]
542 4648 645 4697 domin·
665 4646 698 4696 B.
721 4646 864 4710 Cmepias.
938 4640 1052 4708 Karolo]
1079 4645 1179 4697 Carolo
1201 4647 1228 4696 t'.
1310 4645 1521 4711 tti'rgelitanae
1543 4647 1570 4696 C.
1650 4641 1822 4708 lmonente]
1843 4663 1919 4710 gras·

266 4743 343 4786 sante
365 4737 391 4787 U.
459 4735 592 4786 9Daniel
614 4735 757 4800 emptas.
822 4737 851 4784 ll
873 4734 1006 4785 Elefantis
1027 4735 1053 4784 t'.
1121 4735 1264 4785 lacerati
1287 4735 1314 4784 C.
1381 4738 1412 4785 14
1432 4731 1513 4798 unde]
1536 4736 1598 4786 inde
1620 4737 1648 4786 C.
1711 4737 1742 4785 15
1762 4730 1920 4798 examinari]

265 4826 452 4876 terminarit.
532 4827 635 4874 iussum
655 4819 721 4887 erat]
741 4825 859 4874 iusserat
878 4823 910 4873 B.
933 4825 959 4878 (Σ
1035 4818 1352 4888 lslnsmm]1ustinum
1374 4826 1402 4874 C.
1481 4827 1513 4874 18
1535 4824 1704 4874 Reddensem
1726 4826 1753 4874 (J.
1828 4823 1920 4872 il'ine·

267 4909 385 4978 durium]
406 4914 617 4964 Vviuerdarium
638 4913 665 4964 U.
744 4915 775 4963 19
797 4907 989 4976 Helenenseru]
1010 4914 1182 4964 Ilosticnsem
1204 4915 1231 4962 G.
1305 4915 1452 4963 iustissime
1471 4913 1537 4962 deae
1558 4915 1584 4964 (ἱ
1658 4929 1729 4978 quae
1747 4913 1808 4963 add.
1827 4931 1839 4963 e
1857 4914 1920 4964 coni.

222 5019 248 5057 to
267 5006 302 5054 20
320 4998 440 5066 fluvium]
458 5004 557 5052 flumen
577 5002 610 5052 B.
702 5003 731 5052 21
753 5003 881 5066 perduxit
902 5005 928 5052 C.
949 5002 982 5052 B.
1074 5001 1232 5068 plenissima
1254 5004 1280 5051 (ἱ
1373 5004 1405 5052 21
1430 5001 1495 5052 illuc
1517 5002 1549 5052 B.
1640 5001 1789 5054 auxiliante
1807 5003 1873 5053 deest
1894 5003 1921 5053 0.

267 5095 301 5143 26
324 5087 457 5159 ipsorum]
478 5107 570 5142 eorum
592 5093 618 5141 C.
710 5090 794 5142 vellet
812 5091 878 5141 deest
899 5091 925 5141 C.
1017 5093 1202 5142 serationem
1219 5087 1337 5154 -esael
1365 5090 1502 5141 salubrem
1529 5109 1588 5142 ease
1609 5093 1742 5142 rationem
1764 5093 1792 5142 C·
1872 5108 1921 5158 pro

266 5180 332 5233 deest
352 5185 378 5232 (l.
453 5183 486 5232 28
506 5183 661 5248 ingeremus
682 5183 708 5231 U.
776 5183 810 5231 33
829 5180 967 5231 Reddeusi
989 5182 1016 5232 t'.
1089 5183 1123 5231 35
1143 5176 1344 5243 inconvulsum]
1367 5182 1556 5230 inconcussum
1579 5181 1605 5232 8.
1688 5182 1723 5230 im
1746 5183 1773 5232 C.

378 5399 407 5469 1)
433 5401 623 5458 772-795.
695 5397 725 5464 2)
749 5397 894 5455 Desiderii
916 5417 1015 5455 nornen
1038 5397 1112 5455 inter·
1135 5397 1250 5454 uomina
1274 5397 1419 5454 irtiamrum
1443 5418 1462 5454 a
1485 5398 1516 5454 V.
1543 5399 1658 5454 lirense
1680 5393 1920 5476 fflttdcs‘lunyen

269 5509 317 5566 des
331 5507 458 5565 Iastitats
466 5507 527 5578 fiir
541 5504 768 5562 dommedardo
785 5503 1121 5580 Gesehiclttsforschaap’
1147 5503 1201 5574 XI,
1217 5508 1291 5563 258.
1308 5507 1373 5562 232
1384 5499 1439 5580 sq.)
1464 5513 1595 5581 congesta
1612 5505 1733 5577 farsas
1755 5505 1919 5581 requiritur.

221 5636 249 5675 ss
270 5613 300 5684 3)
324 5615 413 5692 Apde.
490 5611 521 5682 4)
546 5610 652 5668 Ninica
730 5611 761 5682 5)
785 5610 878 5668 Hodie
895 5610 1082 5688 diesparisan
1110 5610 1152 5682 cs.
1176 5610 1272 5668 arbuta
1295 5619 1366 5668 tonte
1390 5609 1436 5666 VI.
1461 5609 1577 5669 Galliae
1601 5609 1782 5669 Christianae
1804 5612 1921 5669 inserta.

270 5721 300 5790 6)
331 5721 438 5778 Rodez.
542 5719 572 5789 1)
610 5719 705 5788 Elea,
734 5727 833 5793 postea
863 5716 1041 5793 Perpiynuu.
1145 5717 1175 5786 8)
1207 5717 1291 5774 Orbe.
1399 5717 1430 5788 9)
1454 5717 1579 5775 Beziers.
1685 5717 1736 5782 10)
1764 5718 1850 5788 Vict;
1881 5718 1922 5790 cf.

270 5825 370 5896 Genea,
395 5825 490 5884 Series
513 5824 704 5901 episcoporum
723 5845 757 5900 p.
774 5827 825 5884 89.
