4884 6717
505 509 570 572 532
978 517 1030 576 44.
1067 515 1286 574 CONCILIUM
1309 514 1538 571 PARISIENSE
1561 516 1598 569 A.
1620 513 1695 571 825.

506 703 602 767 tionis
626 714 736 767 tacere
760 727 825 767 non
850 705 1086 790 permittamus,
1117 703 1194 768 licet
1223 714 1359 790 propter
1381 702 1599 766 arctissimum
1630 700 1786 786 temporis
1811 701 1953 786 spatium
1976 710 2010 763 et
2032 709 2166 786 propter

505 809 747 873 innormitatem
778 810 957 874 earundem
987 811 1203 890 miseriarum,
1235 823 1271 874 ut
1300 807 1488 895 lugentibus
1519 830 1589 872 mos
1620 818 1678 889 est,
1715 807 1888 871 innumera
1917 805 1961 870 ad
1991 805 2166 870 dicendum

506 914 628 980 flebilia
652 918 862 995 occurrerint,
894 919 1008 1002 paucis
1038 915 1081 981 ad
1105 916 1346 981 inchoationem
1379 915 1475 980 huius
1506 914 1706 979 infelicitatis
1737 913 1845 978 redire
1875 913 1994 1000 placet,
2025 925 2061 978 ut
2091 936 2166 978 con·

505 1035 655 1087 tueamur
685 1022 851 1088 diabolum
883 1025 916 1087 in
947 1024 1042 1088 huius
1066 1025 1153 1088 vitae
1184 1045 1326 1088 excursu
1356 1024 1391 1086 iu
1414 1020 1503 1086 bivio
1528 1033 1677 1102 stantem,
1710 1020 1766 1086 ubi
1797 1023 2015 1108 imperatore
2040 1019 2167 1085 duobus

505 1153 605 1193 unum
637 1128 679 1193 ad
711 1129 905 1215 elegendum
935 1129 1211 1194 indeclinabiliter
1242 1132 1378 1215 cogitur,
1415 1141 1472 1193 aut
1506 1129 1607 1193 cultui
1637 1129 1762 1193 inlicito
1794 1128 1935 1193 favendo
1966 1127 2198 1213 imaginibuss

506 1246 620 1301 contra
643 1238 693 1300 ius
717 1237 976 1302 ecclesiasticum
1001 1239 1165 1301 cervicem
1184 1235 1317 1301 flectere
1334 1250 1390 1302 aut
1406 1247 1494 1301 certe
1514 1235 1700 1300 huiusmodi
1716 1234 1895 1300 cultoribus
1911 1234 2166 1300 contradicendo

505 1343 559 1407 vel
582 1366 648 1407 non
671 1343 812 1408 favendo
837 1345 983 1430 ingratus
1007 1345 1159 1409 existere.
1206 1344 1251 1408 Et
1274 1344 1331 1430 qui
1353 1342 1481 1408 facilius
1505 1352 1634 1429 poterat
1656 1342 1698 1406 ad
1722 1342 1935 1406 imitationem
1960 1343 2167 1428 antiquorum

506 1451 692 1537 principum
715 1450 768 1514 vel
792 1463 920 1538 patrum
945 1473 1077 1515 suorum
1095 1452 1133 1514 'ct
1162 1451 1243 1515 istos
1275 1448 1316 1515 ab
1348 1449 1472 1515 inlicito
1504 1448 1594 1514 cultu
1623 1471 1780 1513 revocare
1804 1461 1837 1513 et
1861 1471 1935 1512 cum
1959 1449 2077 1512 ceteris
2100 1471 2167 1513 om·

506 1555 602 1621 nibus
627 1579 749 1621 morem
773 1559 942 1643 antiquum
967 1558 1036 1621 sine
1061 1557 1240 1621 offensione
1257 1556 1322 1620 Dei
1345 1544 1619 1642 prosequentibus
1641 1578 1759 1642 pacem
1782 1554 1836 1619 vel
1859 1555 2029 1619 caritatem
2050 1555 2168 1619 leniter

506 1665 657 1744 retinere,
689 1665 852 1749 persuasit
875 1688 949 1728 eum
973 1664 1161 1750 praedictus
1192 1665 1284 1751 pacis
1308 1685 1439 1750 semper
1461 1674 1494 1728 et
1521 1664 1666 1728 caritatis
1690 1664 1841 1727 inimicus
1864 1661 1945 1727 illud
1968 1663 2030 1726 iter
2054 1663 2087 1725 iu
2110 1661 2167 1726 de·
2186 1683 2214 1722 ro

506 1769 669 1835 struendis
694 1770 892 1856 imaginibus
916 1772 1071 1858 arripere,
1102 1794 1162 1858 per
1192 1770 1281 1857 quod
1305 1792 1417 1834 omues
1440 1793 1500 1857 per
1524 1769 1755 1834 discretionem
1778 1792 1856 1848 sane
1880 1770 2045 1855 sapientes
2068 1781 2166 1855 atque

507 1888 676 1940 servantes
700 1876 922 1964 perturbando
947 1877 1163 1943 confunderet
1186 1891 1219 1942 et
1242 1877 1324 1958 illos,
1349 1877 1405 1963 qui
1429 1899 1528 1964 saepe
1553 1877 1641 1941 dicta
1657 1877 1853 1941 discretione
1870 1876 1923 1940 vel
1939 1878 2166 1963 temperantia,

508 2006 592 2069 quae
617 2007 682 2048 una
706 1984 746 2048 de
772 1984 995 2050 cardinalibus
1019 1984 1251 2049 ecclesiasticis
1274 1982 1449 2048 virtutibus
1473 2005 1545 2048 esse
1570 1985 1788 2069 cognoscitur,
1812 1994 1932 2070 spreta,
1961 1983 2060 2068 elegit
2083 1983 2167 2047 ultra

508 2112 605 2176 quam
630 2114 784 2177 umquam
808 2092 882 2156 Deo
907 2092 1030 2178 placuit
1053 2093 1105 2156 rel
1129 2091 1260 2179 placere
1285 2090 1413 2173 debeat,
1438 2092 1616 2177 imaginum
1641 2090 1741 2155 cultui
1765 2090 1942 2172 deservire,
1973 2100 2009 2154 ut
2032 2089 2165 2172 eisdem,

509 2199 564 2282 qui
589 2197 650 2261 hoc
675 2198 814 2263 electum
839 2198 1015 2280 habebant,
1046 2201 1205 2285 potuisset
1234 2197 1376 2285 placere,
1408 2221 1473 2263 non
1498 2198 1708 2262 considerans
1739 2197 1829 2277 illud,
1861 2195 1949 2284 quod
1978 2195 2167 2261 terribiliter
2185 2215 2211 2255 1⁶

380 2327 488 2380 rasas.
509 2303 665 2388 scriptum
691 2316 755 2368 est:
784 2305 850 2383 Qui
871 2307 1050 2370 honrinibus
1066 2308 1198 2392 placent
1220 2308 1453 2394 confessisunt,
1477 2309 1628 2392 quoniam
1652 2306 1740 2368 Deus
1762 2308 1883 2391 spreuit
1905 2306 1988 2369 illos.

617 2409 738 2497 Sicque
762 2411 884 2476 factum
909 2424 967 2494 est,
992 2423 1028 2476 ut
1051 2435 1093 2475 ex
1118 2411 1170 2476 die
1195 2411 1250 2476 illo
1275 2411 1316 2476 ab
1341 2411 1457 2476 eodem
1480 2413 1615 2498 antiquo
1640 2433 1769 2498 semper
1784 2411 1857 2475 Deo
1878 2409 2022 2497 placenti
2045 2410 2165 2497 populo

508 2516 652 2581 fidelium
678 2517 777 2581 exilia
801 2541 865 2582 nou
890 2529 1070 2600 cessarent,
1102 2541 1216 2583 eruces
1241 2531 1273 2583 et
1297 2520 1460 2583 cruciatus
1484 2542 1550 2582 non
1573 2519 1779 2604 quiescerent
1803 2529 1845 2598 ct,
1873 2530 1908 2582 ut
1931 2517 2042 2600 femur,
2067 2540 2165 2581 mem·

509 2621 640 2687 brorum
666 2623 940 2704 detruncationes,
971 2626 1043 2711 ipsa
1074 2627 1171 2689 etiam
1196 2624 1374 2690 homicidia
1397 2648 1498 2690 causa
1522 2625 1699 2690 earundem
1723 2625 1902 2710 imaginum
1925 2625 2028 2688 nimia
2050 2646 2165 2710 perpe·

507 2743 593 2795 trata
617 2732 691 2796 sint.
725 2731 769 2795 Et
791 2732 873 2796 haec
898 2732 954 2795 diu
978 2744 1201 2814 cucurrerunt,
1227 2754 1396 2819 quousque
1420 2731 1508 2802 idem
1531 2731 1665 2796 humaui
1689 2733 1818 2816 generis
1835 2733 1988 2816 antiquus
2004 2731 2165 2811 inimicus,
2184 2755 2213 2793 ro

509 2839 602 2924 quasi
627 2839 660 2902 in
684 2838 746 2902 hac
770 2850 863 2924 parte
888 2841 1032 2920 satiatus,
1058 2840 1219 2903 convertit
1243 2861 1286 2910 se,
1302 2839 1345 2903 ad
1368 2839 1434 2903 alia
1456 2838 1648 2925 perditionis
1665 2850 1867 2924 argumenta,
1892 2849 1927 2902 ut
1942 2837 2049 2902 denuo
2065 2838 2166 2902 susci-

508 2958 593 3009 taret
616 2944 678 3008 sibi
702 2957 835 3010 econtra
852 2944 992 3009 cultores
1009 2947 1198 3031 imaginum,
1223 2945 1390 3010 Herenam
1406 2944 1561 3010 videlicet
1579 2967 1652 3009 cum
1669 2944 1735 3008 filio
1752 2956 1819 3009 tam
1834 2945 1990 3030 pestifera
2005 2943 2166 3008 inlusione

509 3051 688 3137 decipiens,
720 3065 755 3115 ut
786 3050 910 3138 absque
940 3052 1007 3116 ulla
1037 3051 1264 3117 misericordia
1293 3051 1347 3115 vel
1378 3063 1482 3116 metus
1513 3052 1815 3138 superinspicientis
1848 3051 2077 3138 omnipotentis
2101 3051 2167 3115 Dei

509 3159 678 3222 maiestate
702 3157 775 3222 talis
799 3157 841 3223 ab
866 3160 913 3222 eis
937 3159 1199 3245 promulgaretur
1222 3159 1393 3239 sententia,
1418 3170 1454 3222 ut
1477 3160 1580 3222 omnis
1604 3157 1700 3222 homo
1725 3180 1837 3222 eorum
1861 3157 1976 3222 ditioni
2000 3157 2166 3222 subiectus

509 3266 669 3349 imagines
694 3265 847 3329 adoraret
870 3276 927 3329 aut
950 3278 1038 3329 certe
1062 3265 1161 3330 exilio
1185 3266 1342 3351 poenisve
1363 3264 1501 3329 diversis
1519 3266 1720 3330 cruciaretur
1736 3278 1777 3345 et,
1803 3265 1912 3329 sinon
1928 3264 2165 3351 adquiesceret,
2185 3288 2213 3327 ss

509 3369 552 3434 ab
582 3371 759 3435 universali
790 3372 931 3436 ecclesia
960 3372 1177 3436 anathematis
1207 3370 1337 3436 vinculo
1369 3384 1590 3457 sequestratus
1621 3370 1822 3457 religaretur.
1871 3370 1939 3436 Sed
1970 3371 2049 3457 quid
2079 3394 2166 3435 nunc

510 3477 618 3541 denuo
642 3500 660 3541 e
684 3477 814 3542 diverso
838 3491 925 3564 agat,
950 3478 993 3542 ad
1016 3480 1158 3563 priorem
1182 3479 1301 3542 iterum
1324 3500 1495 3542 recurrens
1516 3480 1665 3543 semitam
1682 3491 1886 3564 praesentem
1903 3478 2010 3542 denuo
2026 3479 2166 3542 incitans

511 3585 750 3670 imperatorem,
775 3597 811 3649 ut
833 3608 889 3648 eas
914 3585 1019 3670 pictas
1043 3583 1096 3648 vel
1120 3586 1258 3670 scriptas
1283 3583 1403 3649 habere
1420 3586 1604 3670 quempiam
1621 3584 1762 3649 volendo
1779 3586 1954 3671 permittat,
1979 3586 2051 3671 quis
2067 3586 2167 3670 igitur

510 3701 576 3754 tam
601 3691 756 3777 eloquens
781 3689 840 3754 sub
865 3691 956 3755 eaelo
982 3688 1128 3770 habetur,
1161 3693 1216 3777 qui
1248 3691 1332 3755 hane
1363 3691 1551 3777 pestiferam
1582 3691 1708 3755 cladem
1737 3714 1927 3756 enumerare
1952 3691 2166 3777 praevaleat?

511 3797 593 3878 Quis
616 3810 683 3862 tarn
707 3798 814 3862 ferrea
837 3796 957 3862 babeat
980 3797 1184 3884 praecordia,
1209 3799 1261 3862 cui
1279 3821 1343 3862 non
1359 3798 1433 3863 dico
1451 3797 1625 3880 scribendi,
1650 3821 1764 3863 verum
1781 3820 1910 3885 quoque
1927 3821 1987 3885 per
2002 3798 2166 3863 defectum
2186 3822 2214 3860 ao

509 3903 717 3969 lacrimarum
740 3927 855 3969 rocem
878 3928 943 3969 non
967 3904 1058 3969 tollat
1082 3904 1251 3969 eiulandi?

621 4107 651 4156 ll
671 4101 796 4170 antiquo]
821 4106 874 4155 scil.
900 4107 1012 4155 inimico
1038 4107 1147 4170 generis
1170 4106 1291 4158 humaui.
1382 4100 1510 4171 placenti]
1536 4104 1649 4172 placens
1673 4105 1703 4157 P.
1796 4108 1826 4156 31
1857 4101 1990 4169 eiulandi]
2013 4115 2072 4172 post
2090 4107 2168 4156 trium

508 4194 634 4244 linearum
652 4195 812 4245 Intervallum
829 4195 941 4260 sequitur
959 4194 987 4244 in
1006 4194 1031 4244 I’
1047 4195 1149 4259 epistola
1167 4194 1202 4244 ud
1221 4193 1365 4259 Euqcrrium
1382 4194 1477 4244 directa
1496 4191 1580 4260 (infru
1596 4193 1642 4255 D),
1661 4194 1771 4246 libellum
1788 4203 1872 4245 autem
1890 4195 2034 4261 synodalem
2050 4196 2167 4246 mutilum

509 4301 558 4334 erae
577 4284 646 4333 nobis
659 4301 808 4348 pcrsrrusnnr
828 4293 871 4334 est.

1179 4424 1500 4433 ————

727 4612 765 4690 C.
809 4612 1118 4691 HLUDOWICI
1138 4616 1215 4688 ET
1235 4614 1543 4691 HLOTHARII
1562 4615 1960 4693 IMPERATORUM
2187 4652 2214 4691 ss

547 4733 805 4810 EPISTOLA
833 4734 908 4806 AD
934 4733 1257 4807 HIEREMIAM
1277 4732 1651 4810 SENONENSEM
1669 4732 2139 4812 ARCHIEPISCOPUM

650 4853 728 4925 ET
752 4852 935 4928 IONAM
963 4850 1431 4928 AURELIANIINSEM
1460 4849 1755 4929 EPISCUPUM
1784 4854 2031 4934 DIREOTA.

1221 5014 1296 5076 825.
1322 5023 1456 5072 enceinte.

618 5160 768 5274 Legitur
801 5191 832 5250 in
863 5188 969 5252 codice
998 5187 1182 5251 Paroesr‘eusi
1210 5188 1308 5250 latino
1339 5195 1427 5254 1597
1449 5187 1480 5250 A
1518 5188 1622 5270 (antea
1656 5214 1682 5254 s.
1715 5189 1859 5278 Rerniqiz‘
1885 5190 2067 5270 Remenst's,
2103 5204 2165 5254 tum

512 5295 698 5376 Pr'tloeauo)
722 5319 803 5358 auec.
822 5292 881 5355 IX.
909 5295 963 5364 (=
981 5293 1021 5376 P)
1039 5294 1106 5380 fol.
1126 5296 1333 5360 ror-105¹.
2184 5327 2215 5366 ω

620 5427 715 5482 Edd:
742 5425 873 5498 Synodus
889 5425 1060 5482 Purisiensis
1078 5446 1111 5501 p.
1130 5429 1188 5484 155
1196 5448 1207 5495 ;
1231 5427 1273 5482 ed.
1291 5431 1320 5484 2.
1334 5445 1368 5501 p.
1386 5429 1456 5485 125.
1493 5426 1620 5497 Flauius,
1640 5426 1733 5484 Catul.
1751 5436 1810 5485 test.
1827 5429 1906 5486 verit.
1924 5431 1968 5486 cd.
1985 5433 2014 5489 4.
2031 5429 2071 5499 II,
2088 5433 2166 5497 231,·

510 5535 553 5590 ed.
580 5538 609 5592 5.
629 5553 662 5608 p.
689 5536 777 5591 1155.
825 5531 971 5588 Baronius
995 5537 1056 5591 825
1088 5553 1117 5588 n.
1141 5536 1191 5590 50.
1240 5530 1370 5600 Goldust,
1401 5533 1526 5590 Decreta
1552 5537 1621 5592 749.
1670 5533 1800 5605 Goldast,
1834 5533 1928 5593 Cenat.
1953 5536 2019 5612 Imp.
2044 5534 2068 5605 I,
2094 5538 2164 5594 187.

512 5640 651 5696 Simrond
672 5639 710 5706 II,
735 5643 806 5697 161).
856 5637 925 5696 tall.
957 5659 1016 5714 rep.
1042 5659 1119 5695 conc.
1144 5638 1229 5708 XXI,
1255 5643 1305 5697 92.
1357 5639 1494 5715 Verburp,
1526 5641 1602 5698 Istat.
1636 5641 1689 5710 XI,
1714 5645 1782 5701 151.
1831 5641 2073 5701 Latos-obstare
2101 5641 2165 5710 VII,

512 5752 610 5814 torm
646 5747 689 5802 ed.
723 5746 810 5803 Celeri
839 5745 893 5814 IX,
926 5751 997 5805 618.
1051 5744 1160 5802 Βαίιιεε
1189 5745 1213 5814 I,
1248 5751 1318 5805 643.
1374 5745 1416 5801 Le
1453 5745 1550 5803 Cointe
1582 5748 1645 5816 VII,
1683 5751 1752 5807 771.
1811 5749 1948 5806 IIurduirt
1983 5748 2038 5818 IV,
2074 5751 2164 5808 1260.

509 5853 639 5930 Bouquet
661 5853 708 5920 VI,
734 5856 802 5911 341.
841 5851 940 5908 ,Παντεῖ
962 5851 1029 5920 XV,
1054 5871 1124 5926 app·
1148 5857 1218 5910 435.
1262 5852 1370 5909 ll'alter
1393 5851 1433 5921 II,
1460 5855 1530 5910 365.
1569 5853 1675 5929 imque,
1700 5853 1811 5912 Patrol.
1836 5855 1885 5911 lut.
1911 5854 2052 5925 XCVIII,
2073 5858 2164 5915 1348.
2183 5877 2213 5916 st
