4884 6717
532 476 586 535 48.
622 477 841 535 CONCILIUM
863 478 905 533 IN
928 476 1103 534 FRANCIA
1126 478 1310 536 HABITUM
1332 477 1369 538 A.
1388 477 1600 535 ert-829?
1843 476 1904 540 581

252 665 433 751 cupiscunt,
457 686 531 730 cum
555 664 702 731 incultu
724 666 815 730 vario
840 664 973 731 discreti
997 687 1068 730 esse
1093 663 1267 748 debcant1‚
1298 688 1413 731 usuras
1444 687 1517 731 cum
1548 665 1743 733 feminarum
1773 691 1908 734 accessu

252 771 356 834 vitare
380 770 581 836 contendant
590 776 612 838 ².

359 894 400 961 V.
446 894 499 960 De
530 894 743 982 dispositione
775 908 807 961 et
830 896 939 961 officio
969 894 1253 984 presbyterorum·
1282 895 1388 982 qualis
1418 918 1490 962 esse
1521 898 1666 963 exterius
1698 895 1817 964 debeat
1839 900 1909 965 vita

251 1001 421 1088 praesulis,
445 1001 612 1089 preeundo
637 1001 869 1069 demonstrant.
915 1003 961 1068 Hi
983 1003 1136 1068 nimimm
1159 1003 1193 1066 in
1217 1001 1358 1067 eclesiae
1389 1002 1629 1090 providentiam
1659 1004 1801 1070 ordinati
1830 1017 1908 1072 tunc

219 1108 285 1175 siu
308 1109 474 1194 proposito
497 1130 690 1195 permanere
714 1108 896 1191 videantur,
933 1131 1007 1174 curn
1037 1131 1141 1195 prona
1177 1109 1351 1173 devotione
1387 1111 1510 1175 strenui
1542 1111 1683 1198 pastoris
1718 1134 1776 1198 pro
1810 1123 1909 1200 captu

251 1215 379 1278 imitare
403 1215 543 1300 vestigia
567 1227 785 1280 consuescunt
794 1220 816 1280 ³.

359 1338 418 1406 VI.
464 1338 517 1403 De
550 1338 753 1404 ordinatione
788 1361 898 1404 rerum
933 1340 1092 1427 episcopii
1126 1339 1272 1425 priorum
1301 1338 1396 1404 nobis
1428 1351 1559 1427 patrum
1588 1352 1622 1406 et
1647 1341 1795 1407 Romane
1826 1342 1907 1430 legis

252 1457 372 1510 statuta
394 1446 455 1509 rite
479 1456 672 1518 conservata
695 1445 873 1511 sufficiant:
899 1446 1136 1533 quadripertita
1158 1445 1300 1533 denique
1325 1468 1367 1511 ex
1390 1445 1549 1511 reditibus
1573 1449 1769 1535 patrimonia
1788 1451 1908 1537 purtim

251 1550 451 1640 pauperibus
476 1551 652 1638 eroganda,
675 1553 794 1639 partim
816 1551 1037 1639 praelatorum
1060 1551 1319 1642 templorumque
1343 1550 1456 1619 usibus
1480 1553 1680 1642 implicanda
1696 1568 1875 1622 sanxerunt
1883 1564 1906 1624 ⁴.

208 1687 234 1725 ro
251 1658 411 1724 Aeclesiis
435 1658 534 1744 igitur
556 1657 805 1745 baptismalibus
829 1659 981 1724 custodes
1005 1659 1166 1745 eligantur
1188 1658 1384 1747 presbyteri,
1400 1660 1434 1724 in
1451 1658 1569 1748 quibus
1586 1684 1651 1726 non
1668 1661 1772 1730 solum
1786 1685 1907 1732 nomen

253 1765 362 1846 officii,
394 1788 508 1830 verum
535 1767 634 1830 etiam
662 1767 843 1830 sanctitatis
877 1765 1031 1831 decenter
1063 1765 1168 1830 cultus
1203 1766 1367 1853 effulgeat.
1419 1766 1530 1833 Titula
1564 1790 1693 1856 quoque
1729 1770 1907 1836 earundem

253 1870 444 1937 eclesiarum
468 1895 630 1937 unacum
661 1871 843 1937 rectoribus
879 1895 983 1958 aeque
1014 1870 1077 1936 sibi
1111 1874 1318 1960 praepositis,
1353 1883 1519 1960 tamquam
1555 1874 1766 1942 subiectionis
1794 1876 1907 1942 ordine

252 1980 405 2061 contenti,
430 1977 627 2043 sublimioris
651 1978 815 2043 humiliter
838 1978 980 2043 culmina
1002 1991 1208 2044 venerentur.

359 2102 435 2170 VII.
483 2101 632 2183 Qualiter
666 2103 936 2167 senedochiorum
969 2103 1048 2167 ordo
1080 2114 1237 2184 servatur,
1268 2104 1475 2190 promulgata
1504 2103 1546 2169 ab
1577 2105 1765 2171 auctoribus
1795 2128 1907 2173 eorum

207 2235 234 2275 rs
252 2219 444 2273 testamenta
466 2209 640 2276 fatentur⁵.
696 2209 781 2274 Nam
811 2211 838 2274 si
868 2209 1010 2274 levitatis
1046 2220 1102 2275 aut
1132 2209 1269 2274 fortasse
1305 2210 1521 2297 simplicitatis
1553 2211 1717 2276 erroribus
1752 2211 1907 2280 obvoluta

251 2314 436 2380 rationabili
459 2327 546 2381 statu
570 2317 744 2398 caruerint,
769 2316 921 2381 catholici
945 2316 1122 2403 provisoris
1146 2315 1317 2381 arbitrium
1340 2316 1568 2403 prestolentur.

358 2439 451 2505 VIII.
498 2440 550 2505 De
586 2440 700 2505 ordine
736 2442 967 2505 canonicorum
1001 2441 1034 2504 in
1069 2438 1149 2505 locis
1184 2441 1251 2505 suis
1286 2453 1441 2528 excerpta
1477 2439 1519 2507 ab
1555 2441 1743 2508 auctoribus
1775 2444 1829 2509 vel
1864 2444 1906 2510 ab

251 2548 392 2634 antiquis
417 2546 555 2613 eclesiae
580 2546 708 2634 legibus
740 2547 1035 2612 defloraciunculae
1066 2570 1108 2611 ex
1139 2547 1279 2612 decretis
1310 2546 1535 2634 gloriosissimi
1560 2547 1713 2615 Caesaris
1741 2551 1776 2615 in
1805 2574 1904 2618 unum

251 2653 397 2718 codicem
421 2653 575 2719 redactae
599 2677 682 2720 aca
712 2653 806 2719 nobis
838 2666 1008 2741 susceptae
1039 2654 1154 2719 horum
1177 2655 1279 2718 vitam
1308 2654 1457 2742 predulci
1488 2657 1649 2721 suavitate
1681 2657 1904 2745 componendo

204 2786 232 2826 so
249 2773 426 2847 perornant
435 2766 456 2828 ⁶.

356 2884 466 2951 VIIII.
510 2885 562 2950 De
586 2886 789 2951 monasteriis
813 2883 1029 2971 regularibus.
1069 2885 1163 2967 Quae
1187 2885 1305 2950 beatae
1329 2885 1565 2952 recordationis
1580 2887 1753 2953 Benedicti
1777 2887 1905 2953 abbatis

249 2990 363 3078 regula
391 2991 569 3079 praeclaris
600 2990 765 3078 obsequiis
796 2991 907 3057 dedita
942 2991 1168 3078 conglobavit,
1199 2995 1399 3058 monasticae
1431 2993 1656 3059 meditationil
1679 3005 1846 3083 tamquam
1885 3018 1906 3066 a

250 3110 362 3163 sancto
387 3098 510 3185 Spiritu
533 3098 659 3186 prolata
683 3098 856 3164 sufficiant.

356 3222 429 3310 (X).
455 3222 617 3303 Quoniam
633 3222 756 3309 liquido
774 3235 900 3287 constat
923 3222 1155 3288 monachorum
1177 3225 1465 3310 congregationem
1481 3223 1606 3312 absque
1623 3223 1741 3290 abbate
1759 3225 1904 3292 eiusdem

203 3353 230 3393 ss
250 3329 372 3394 ordinis
396 3351 468 3394 esse
491 3352 556 3393 non
580 3351 685 3416 posse,
711 3327 881 3416 eligendus
904 3342 954 3395 cst
976 3330 1062 3394 inter
1085 3352 1140 3394 eos
1164 3331 1216 3394 vir
1238 3330 1404 3396 modestus
1429 3340 1461 3395 et
1483 3330 1627 3418 prudens
1649 3355 1715 3397 una
1739 3356 1812 3398 cum
1829 3356 1904 3399 con·

249 3459 346 3502 sensu
370 3438 515 3524 episcopi
540 3437 691 3502 civitatis.
740 3434 842 3501 Cuius
867 3459 900 3501 se
925 3436 1149 3522 suffraganeos
1174 3437 1243 3501 fore
1268 3449 1477 3523 cognoscant,
1508 3440 1587 3524 quia
1616 3441 1681 3504 iam
1711 3440 1905 3526 regulariter

355 3709 386 3757 V.
415 3712 431 3758 4
450 3702 602 3775 preeundo]
624 3708 660 3758 ita
680 3709 713 3769 0,
732 3717 795 3758 certe
813 3717 966 3773 corruptum.

356 3798 436 3847 VIII.
467 3798 498 3847 Il
519 3803 630 3863 excepte
651 3797 684 3848 0.
759 3799 792 3848 19
812 3799 869 3848 vita
889 3796 921 3847 0.

355 3886 451 3936 VIIII.
480 3888 511 3937 21
536 3881 637 3950 VIIII]
656 3887 733 3937 VIII.
755 3887 786 3936 G.
860 3888 894 3938 22
914 3886 1099 3937 meditationis
1120 3886 1152 3936 G.
1226 3889 1260 3936 23
1279 3886 1384 3953 prolate
1405 3888 1436 3938 G.

354 3975 386 4025 X.
415 3976 448 4026 24
469 3970 526 4037 (llll
547 3993 665 4026 nummus
683 3975 750 4026 deest
769 3975 801 4026 G.
875 3977 908 4027 26
928 3983 1097 4040 cognoscant
1115 3992 1144 4025 cc
1163 3985 1335 4041 cognoscunt
1353 3993 1417 4027 corr·
1438 3975 1476 4036 0,·
1493 3976 1661 4041 supplendum
1679 3987 1716 4028 ert
1733 3979 1856 4031 abbates.

358 4227 386 4292 l)
413 4223 462 4297 Cf.
487 4227 584 4284 condi.
601 4227 832 4304 Aquispruneuse
848 4232 909 4287 816
932 4228 996 4285 inst.
1021 4248 1085 4285 carr.
1111 4250 1150 4285 cc.
1168 4232 1238 4288 121.
1256 4232 1331 4297 125,
1353 4247 1443 4304 supro
1462 4248 1496 4305 p.
1513 4232 1629 4305 toerq.
1707 4228 1737 4300 2)
1763 4228 1812 4303 Cf.
1837 4230 1901 4289 idid.

248 4351 287 4391 ec.
312 4337 360 4392 39.
386 4337 434 4392 lo.
461 4337 508 4394 61.
535 4337 585 4394 62.
611 4337 660 4393 75.
685 4337 736 4393 82.
763 4338 812 4393 92.
837 4337 915 4400 Ira·
948 4354 1038 4410 supra
1063 4355 1096 4410 p.
1122 4339 1191 4394 366.
1218 4338 1334 4411 seseq.
1360 4338 1422 4395 367
1436 4356 1479 4412 sq.
1504 4339 1575 4396 369.
1599 4340 1669 4396 418.
1791 4336 1821 4406 3)
1853 4335 1902 4410 Gs.

247 4439 409 4497 Hludowicr'
423 4440 576 4498 adrrcnitio
592 4444 655 4500 825
679 4461 702 4498 c.
719 4444 757 4510 5,·
782 4438 856 4499 MG.
875 4439 968 4516 Cupit.
985 4440 1009 4506 I,
1028 4445 1097 4500 301.
1167 4443 1197 4511 4)
1220 4441 1351 4500 Decretis
1368 4440 1480 4500 Gelasii
1497 4462 1520 4500 c.
1537 4445 1580 4502 27
1603 4434 1761 4516 (luffa-K.
1779 4464 1807 4500 n.
1825 4441 1901 4514 636)

248 4546 365 4622 aliisque
396 4547 558 4623 praeceptis
587 4547 736 4618 Ronrum's,
772 4547 869 4624 quihus
903 4566 949 4604 res
978 4546 1182 4604 ecclesiasticae
1215 4547 1245 4604 iu
1275 4556 1407 4624 protutor
1432 4557 1534 4624 portes
1564 4548 1652 4607 dividi
1681 4548 1808 4607 iubentur
1841 4545 1901 4626 (cs.

203 4675 230 4715 sn
255 4653 287 4710 U.
310 4653 398 4723 Sucts,
422 4651 599 4711 ‘Gesclticltte
621 4654 670 4711 des
692 4653 864 4712 lrirclrlichen
887 4653 1169 4731 Beneficiulu·esens⁷
1186 4652 1210 4723 Ι,
1228 4657 1270 4713 27
1280 4675 1340 4731 sqq.
1339 4651 1370 4730 ),
1395 4655 1547 4730 opponitur
1570 4656 1738 4713 musueucdo
1756 4655 1901 4732 liupana,

248 4780 304 4836 orsu
327 4759 415 4818 ενίὸω
431 4760 564 4835 partilio
586 4780 633 4818 res
655 4760 858 4818 ecclesiasticae
881 4759 1062 4829 dividunto,-
1085 4780 1111 4818 u.
1128 4779 1196 4836 qnos
1211 4762 1285 4818 locos
1301 4762 1390 4834 offert
1404 4761 1492 4830 Stulte,
1517 4763 1535 4819 l.
1552 4763 1571 4818 l.
1591 4782 1624 4839 p.
1642 4767 1683 4822 38
1694 4782 1766 4838 sqq..
1791 4783 1835 4821 ex.
1854 4783 1900 4840 pr.

248 4865 345 4925 mucii.
376 4866 592 4924 lbrruconeuse
614 4870 676 4927 516
699 4888 722 4924 c.
740 4872 769 4936 8,
801 4865 963 4924 Toletanum
986 4865 1042 4924 IV.
1066 4861 1163 4942 (655)
1188 4887 1210 4924 c.
1230 4871 1266 4936 6,·
1292 4867 1391 4926 llansi
1412 4867 1467 4938 IX,
1485 4872 1556 4928 513.
1581 4868 1635 4939 ΧΙ,
1652 4873 1705 4929 28.
1746 4869 1796 4942 Qs.
1819 4869 1902 4927 ctiam

248 4972 410 5030 Hadowici
430 4972 589 5048 captatore
612 4973 824 5031 ecclesiasticum
848 4967 966 5050 oraha
989 4993 1012 5030 c.
1029 4977 1058 5044 1,
1084 4973 1198 5032 Stutrcto
1220 4973 1354 5032 Haitoru's
1377 4974 1500 5050 cpucopi
1514 4975 1682 5033 Basilianis
1697 4971 1901 5052 (8(17-823)

249 5098 273 5135 c.
289 5082 328 5138 15
335 5101 346 5150 ;
375 5076 449 5137 MG.
476 5077 568 5155 Capit.
594 5079 707 5149 Ι,276.
726 5083 795 5139 361.
882 5079 913 5148 5)
939 5077 988 5150 Cf.
1013 5080 1162 5137 Hlotlrurii
1184 5079 1342 5156 capitulare
1366 5079 1524 5138 Olonueasc
1547 5083 1666 5140 alterum
1689 5082 1901 5141 ecclesiasticum

204 5207 232 5246 so
249 5189 311 5246 825
335 5206 359 5242 c.
375 5189 414 5245 4.·
436 5187 482 5241 De
505 5186 676 5242 senodochiis
698 5188 874 5258 precipimus,
896 5196 926 5241 ut
950 5187 1097 5241 secundum
1120 5188 1331 5257 possibilitatem
1347 5189 1391 5242 vcl
1415 5189 1546 5259 temporis
1569 5189 1739 5245 fertilitatem
1755 5199 1899 5246 testamen·

249 5303 336 5348 torum
360 5293 461 5364 scripta
483 5302 642 5364 sequantur,
665 5292 784 5349 eiusdem
808 5293 933 5367 capitula
957 5293 992 5348 de
1015 5291 1095 5349 rebus
1118 5293 1309 5349 ecelesiasticis
1333 5290 1385 5362 (dc
1408 5313 1502 5350 eorum
1526 5303 1649 5369 tempore
1671 5316 1707 5352 oc
1729 5305 1835 5353 namra
1859 5296 1899 5367 cf.

251 5396 458 5457 Iliilrlboclter²
481 5419 509 5455 n.
528 5399 623 5478 1025)
650 5420 672 5456 c.
691 5404 726 5458 3.·
757 5401 797 5457 t't
827 5402 854 5455 in
885 5400 1056 5455 senodochiis
1084 5401 1287 5455 rationabiliter
1317 5402 1454 5472 dispositis
1478 5410 1505 5455 et
1528 5403 1617 5456 adhuc
1641 5403 1669 5457 in
1691 5404 1804 5473 pristino
1828 5411 1901 5458 statu

249 5506 421 5561 manentibus
450 5508 588 5562 testatoris
618 5509 725 5562 omniuo
756 5507 911 5577 conscripta
941 5517 1083 5562 serventur
1113 5501 1206 5582 (llG.
1234 5505 1327 5582 Capit.
1358 5507 1382 5574 I,
1409 5511 1479 5567 328.
1506 5507 1593 5582 332).
1640 5508 1671 5564 V.
1697 5508 1778 5564 etium
1802 5509 1899 5566 concil.

250 5613 409 5670 Romanurn
425 5615 488 5672 826
505 5633 528 5668 c.
542 5616 600 5679 23;
623 5633 713 5688 supro
724 5633 757 5689 p.
775 5616 838 5672 576
849 5633 892 5688 sq.
962 5613 993 5680 6)
1013 5611 1061 5684 Cf.
1079 5612 1212 5670 institutio
1228 5613 1426 5670 currouicorum
1443 5613 1553 5670 corseilii
1567 5613 1807 5690 Aquispruneusis
1822 5619 1883 5674 816
1889 5636 1900 5686 ,·

204 5740 231 5780 ss
249 5737 339 5793 supra
357 5739 390 5794 p.
409 5722 469 5778 312
479 5739 540 5794 sqq.
612 5720 642 5788 7)
660 5719 800 5784 Boretius,
820 5717 893 5776 MG.
913 5717 1005 5794 cupit.
1024 5719 1047 5788 1,
1066 5723 1126 5778 363
1150 5739 1219 5776 aurs.
1236 5723 1265 5788 4,
1291 5719 1402 5775 remittit
1421 5720 1462 5775 orl
1476 5721 1572 5777 concil.
1591 5720 1820 5799 aquisgranense
1839 5726 1900 5782 817

250 5818 309 5898 (cf.
333 5844 423 5900 supro
441 5846 473 5900 p.
491 5829 551 5885 461
568 5823 666 5903 sqq.);
696 5846 760 5882 nursi
785 5825 855 5895 iure,
881 5826 909 5881 in
934 5824 1023 5882 medio
1048 5825 1259 5901 relinquendum
1283 5825 1401 5882 oidemr.
