4884 6717
548 515 612 578 552
703 518 744 575 45
763 529 792 574 et
809 519 861 573 46.
897 517 1083 573 CONCILIA
1106 517 1427 574 INGELHEIMENSE
1450 518 1488 573 Α.
1509 515 1585 573 826.
1610 518 1661 572 ΕΤ
1684 516 1886 573 ROMANUM
1909 517 1946 571 A.
1967 515 2041 572 826.

359 736 528 784 aramma
657 705 734 770 Can.
760 705 793 768 V.
832 704 884 768 De
915 701 1144 768 festivitatibus
1176 704 1231 786 (=
1256 705 1335 768 rins.
1359 703 1404 767 II
1427 729 1453 768 c.
1473 705 1530 788 33)
1562 735 1604 758 =
1640 703 1817 768 Concilium
1840 702 2078 792 Mopnntincnse
2108 729 2134 767 c.
2155 712 2201 771 36

547 815 799 899 (abbreviatam),
823 836 921 898 snpra
938 836 976 898 p.
993 815 1062 878 299
1077 836 1123 896 sq.

655 918 732 984 Can.
758 918 811 982 VI.
848 917 893 982 Ut
916 917 1069 1003 antiquae
1086 915 1245 981 ecclesiae
1261 915 1417 981 honorem
1433 937 1527 980 suum
1543 914 1687 980 habeant
1707 915 1763 1000 (=
1780 916 1861 980 Ans.
1878 916 1922 980 II
1939 941 1966 983 c.
1983 917 2100 1000 34)-=
2118 917 2198 981 ibid.

544 1051 570 1091 c.
587 1033 629 1093 41
637 1050 648 1106 ;
674 1050 773 1111 snpra
791 1051 828 1112 p.
844 1031 922 1092 271.

655 1131 733 1196 Con.
757 1131 830 1195 VII.
866 1129 918 1194 De
943 1128 1142 1216 spiritalibus
1165 1127 1272 1193 filiolis
1290 1129 1503 1214 (ει-115511
1520 1155 1546 1201 c.
1562 1132 1618 1214 35)
1644 1161 1686 1184 =
1711 1129 1790 1195 ibid.
1815 1156 1840 1194 c.
1858 1137 1905 1197 47
1911 1155 1922 1211 ,·
1944 1154 2044 1216 snpra
2060 1155 2099 1216 p.
2115 1135 2196 1198 272.
2215 1152 2230 1192 s

353 1264 522 1308 cnosson.
655 1237 732 1302 Con.
757 1238 849 1301 VIII.
876 1237 931 1319 (=
949 1239 1027 1301 Aoos.
1045 1237 1086 1299 II
1106 1262 1131 1301 c.
1148 1247 1211 1304 36:
1234 1236 1287 1300 De
1311 1235 1385 1317 hoc,
1408 1247 1444 1300 ut
1467 1236 1654 1302 sacerdotes
1670 1233 1943 1324 inprehensibiles
1959 1236 2037 1321 sint)
2055 1267 2097 1291 =
2118 1235 2197 1301 Con-

544 1347 653 1410 cilium
683 1344 900 1409 Cabilloncnse
925 1352 989 1412 813
1013 1370 1038 1408 c.
1055 1354 1094 1424 5,·
1116 1369 1215 1430 snpra
1233 1368 1270 1431 p.
1287 1351 1365 1411 275.

654 1450 731 1515 Can.
758 1450 870 1514 VIIII.
896 1451 951 1533 (=
969 1452 1048 1515 Ans.
1065 1450 1109 1513 II
1127 1476 1152 1515 c.
1169 1460 1233 1519 37:
1256 1450 1309 1514 De
1332 1449 1405 1532 hoc,
1429 1459 1465 1514 ut
1488 1448 1746 1536 abuincettuosis
1769 1459 1802 1513 et
1824 1447 1867 1513 ab
1890 1448 1950 1530 his,
1976 1450 2032 1535 qui
2052 1448 2198 1514 decimas

542 1579 608 1622 non
632 1556 719 1637 dant,
745 1566 777 1621 et
800 1580 820 1620 a
842 1554 1043 1644 presbyteris
1066 1555 1278 1643 neglegenter
1292 1555 1480 1621 viventibus
1495 1557 1595 1621 wadii
1612 1579 1678 1620 non
1697 1557 1914 1642 accipiantur)
1931 1587 1974 1611 =
1991 1557 2070 1622 ibid.
2095 1565 2198 1638 c.18,·

541 1689 641 1751 snpra
658 1689 695 1751 p.
713 1671 793 1731 277.
2218 1686 2243 1724 10

654 1771 733 1836 Can.
757 1771 800 1834 X.
832 1771 888 1854 (=
905 1772 984 1835 Ans.
1009 1771 1052 1835 II
1070 1796 1096 1835 c.
1113 1780 1175 1839 38:
1204 1769 1257 1834 De
1289 1770 1483 1835 discretione
1516 1768 1570 1858 [in]
1604 1770 1749 1856 corporis
1780 1779 1813 1833 et
1843 1769 2011 1855 sanguinis
2042 1767 2197 1833 dominici

543 1878 767 1963 perceptione)
789 1909 830 1932 =
856 1878 936 1942 ibid.
961 1905 986 1941 c.
1003 1886 1066 1958 465
1088 1902 1187 1964 supra
1208 1903 1242 1964 p.
1259 1885 1339 1946 293.

654 1983 731 2048 Can.
756 1984 817 2047 XI.
843 1984 898 2067 (=
916 1985 995 2048 Ans.
1012 1984 1056 2048 II
1073 2010 1098 2048 c.
1115 1993 1179 2052 39:
1201 1982 1254 2047 De
1270 1982 1455 2048 homiuibus
1473 1983 1676 2048 diversarum
1692 1982 1914 2048 conditionum
1935 1991 1968 2047 et
1991 1981 2031 2047 de
2055 1982 2115 2064 his,
2140 1983 2196 2069 qui

544 2090 590 2153 eis
614 2089 752 2175 praelati
775 2093 863 2174 sunt)
889 2122 930 2145 =
955 2091 1034 2155 ibid.
1059 2115 1085 2155 c.
1102 2098 1161 2171 51‚·
1183 2115 1283 2177 snpra
1301 2116 1338 2177 p.
1354 2097 1425 2159 233
1439 2117 1486 2178 sq.

654 2196 732 2263 Can.
756 2197 837 2260 XII.
863 2197 918 2279 (z-
936 2198 1013 2260 Ans.
1032 2196 1076 2260 II
1093 2222 1118 2260 c.
1135 2205 1199 2263 40:
1229 2197 1281 2261 De
1305 2197 1434 2261 feminis
1459 2208 1491 2262 et
1519 2196 1703 2279 abbatissis,
1736 2195 1848 2283 quales
1878 2197 1943 2260 sint
1974 2217 2057 2282 quae
2086 2218 2195 2260 mona·
2216 2218 2241 2256 rs

543 2303 648 2367 steriis
672 2302 871 2389 puellaribus
894 2303 1050 2389 praeferri
1075 2300 1208 2389 debent)
1235 2334 1277 2359 =
1301 2304 1381 2369 ibid.
1405 2330 1431 2368 o.
1448 2311 1510 2386 52,·
1533 2329 1632 2390 snpra
1649 2328 1687 2390 p.
1703 2310 1783 2372 284.

653 2409 731 2474 Can.
748 2409 849 2473 XIII.
875 2411 930 2492 (=
949 2411 1026 2474 Ans.
1044 2410 1088 2474 II
1106 2436 1131 2475 c.
1149 2419 1190 2477 41
1199 2435 1209 2474 .·
1239 2409 1293 2474 De
1324 2410 1516 2474 incestuosis
1541 2421 1573 2474 et
1595 2409 1778 2490 homicidis,
1810 2408 2016 2473 sacerdotum
2040 2409 2195 2473 ammoni-

541 2513 683 2580 tionibus
699 2537 810 2580 aurcm
826 2514 1011 2580 nolentibus
1032 2515 1261 2602 accomodare)
1279 2548 1321 2571 =
1343 2515 1520 2581 Concilium
1541 2516 1720 2581 Turonense
1737 2525 1801 2584 913
1825 2542 1850 2581 c.
1866 2524 1909 2583 41
1916 2541 1927 2598 ;
1950 2540 2049 2602 snpra
2062 2541 2097 2602 p.
2113 2521 2194 2584 292.

652 2623 730 2688 Can.
747 2622 867 2687 XIIII.
886 2623 942 2707 (=
959 2624 1038 2688 Ans.
1056 2623 1100 2687 II
1117 2649 1142 2688 c.
1160 2629 1225 2690 42·
1247 2622 1300 2686 De
1317 2621 1456 2687 dominis
1472 2620 1675 2687 subditorum
1692 2621 1922 2706 admonendis)
1939 2653 1981 2679 =
1999 2623 2078 2687 ibid.
2095 2648 2120 2686 c.
2134 2631 2195 2704 495

540 2755 639 2817 snpra
656 2756 694 2817 p.
710 2736 788 2798 293.
2214 2751 2241 2792 es

652 2837 729 2901 Con.
754 2836 830 2900 XV.
855 2838 914 2918 (=
932 2837 1009 2901 Ans.
1027 2836 1072 2901 II
1089 2862 1114 2901 c.
1132 2845 1195 2903 43:
1225 2835 1277 2900 De
1309 2837 1454 2922 corporis
1478 2836 1613 2901 Domini
1643 2846 1676 2901 et
1703 2836 1870 2921 sanguinis
1901 2836 2194 2900 communicatione

541 2940 715 3026 laicorum)
739 2975 780 2997 =
805 2943 885 3008 ibid.
910 2969 936 3006 c.
953 2954 1015 3024 503
1037 2968 1136 3029 snpra
1154 2968 1192 3029 p.
1208 2952 1288 3010 293.

345 3075 523 3119 nxeonennr.
652 3049 729 3114 Can.
755 3049 849 3113 XVI.
882 3049 940 3129 (=
957 3049 1036 3112 Ans.
1056 3048 1100 3112 II
1124 3075 1150 3112 c.
1174 3057 1236 3116 44.·
1270 3049 1323 3113 Dc
1351 3049 1532 3114 eruditione
1558 3049 1697 3114 filiorum
1724 3047 1957 3137 aparentibus
1984 3060 2018 3113 et
2041 3049 2194 3137 patrinis)

541 3187 584 3212 =
605 3155 781 3220 Concilium
806 3154 988 3220 Arelatense
1013 3164 1078 3222 813
1102 3181 1127 3219 c.
1145 3165 1187 3223 19
1195 3181 1205 3234 ;
1228 3181 1326 3242 snpra
1344 3181 1382 3242 p.
1398 3163 1478 3224 252.

653 3263 730 3326 Can.
755 3262 870 3326 XVII.
895 3264 955 3344 (=
971 3263 1051 3325 Ans.
1067 3261 1111 3325 II
1129 3287 1154 3326 c.
1172 3271 1233 3328 45:
1256 3261 1309 3325 De
1334 3260 1481 3325 ecclesiis
1506 3263 1683 3348 antiquitus
1708 3262 1908 3346 constitutis)
1924 3293 1966 3317 =
1984 3263 2064 3327 ibid.
2088 3289 2114 3326 c.
2131 3269 2178 3329 29
2185 3286 2196 3342 ‚·
2214 3292 2240 3331 so

541 3393 641 3455 snpra
658 3393 695 3456 p.
712 3375 789 3436 252.

653 3475 731 3539 Con.
756 3475 888 3539 XVIII.
915 3476 973 3558 (=
990 3475 1068 3539 Ans.
1086 3474 1129 3539 II
1148 3501 1173 3538 c.
1191 3483 1253 3542 46:
1275 3473 1328 3538 Dc
1353 3474 1535 3561 sepultura)
1559 3506 1602 3530 =
1628 3475 1705 3540 ibid.
1732 3501 1757 3540 c.
1774 3481 1837 3556 21,·
1860 3499 1960 3562 snpra
1976 3500 2015 3562 p.
2033 3481 2112 3543 252.

650 3607 747 3665 an:
772 3605 845 3665 MG.
864 3607 927 3664 LL.
946 3607 969 3676 I,
986 3610 1057 3666 253.
1100 3604 1173 3664 MC.
1196 3606 1289 3683 Capit.
1309 3607 1333 3677 I,
1352 3611 1411 3666 319
1434 3628 1463 3665 n.
1481 3610 1541 3667 153
1564 3601 1618 3680 (cc.
1635 3611 1662 3667 1.
1680 3603 1722 3684 2),
1742 3628 1776 3683 p.
1795 3610 1851 3667 311
1876 3627 1905 3664 n.
1924 3610 1983 3666 154
2007 3601 2060 3682 (cc.
2078 3601 2194 3681 3-18)

543 3721 619 3789 etp.
636 3717 818 3773 420-423
841 3713 869 3771 in
895 3714 1013 3771 editione
1035 3713 1174 3789 Arisepisi.
1199 3744 1244 3752 —
1266 3713 1356 3790 nep:
1381 3713 1484 3771 ‘Neues
1507 3714 1622 3771 Areliu’
1647 3713 1761 3783 XXIV,
1779 3718 1851 3774 486.

722 4385 823 4512 46.
876 4378 1429 4514 CONCILIUM
1474 4380 2012 4516 ROMANUM.
2215 4463 2242 4502 ..

1169 4623 1267 4707 826.
1298 4622 1394 4696 Nov.
1425 4627 1482 4698 14.
1512 4627 1570 4698 15.

649 4884 724 4977 Ad
746 4913 912 4975 conmilinm
938 4912 1137 4975 Ilornonnm¹
1161 4913 1200 4975 ab
1224 4911 1368 4999 Enpenio
1392 4912 1440 4974 II.
1460 4938 1550 4999 papa
1575 4917 1806 5000 (824-827)
1839 4938 1947 4981 coram
1977 4917 2195 4981 sacratissimo

543 5041 678 5106 corpore
703 5016 883 5081 beatissimi
907 5017 1064 5103 principis
1087 5016 1307 5103 apostolorum
1331 5016 1530 5082 celebratum
1551 5024 1710 5106 pertinent
1731 5024 1780 5106 A)
1805 5026 1945 5110 capitula
1969 5025 2195 5090 admonitionis

542 5128 581 5191 ab
604 5126 750 5213 Enpenio
775 5125 821 5188 II.
842 5127 1008 5211 proposita
1041 5124 1093 5188 dio
1118 5139 1149 5188 ut
1178 5125 1303 5189 cirletnr
1332 5128 1448 5189 naseinais
1470 5125 1660 5192 Novembris
1683 5136 1746 5210 14.,
1778 5154 1847 5193 cum
1879 5131 2022 5217 lepantnr
2051 5134 2085 5196 in
2108 5135 2195 5219 ⁸fine:

542 5232 635 5296 Haec
665 5280 672 5296 .
698 5280 706 5295 .
731 5282 738 5295 .
771 5231 920 5317 quamtis
951 5252 1057 5316 pauca
1088 5228 1183 5294 dictis
1214 5229 1387 5319 sufficiant,
1420 5232 1559 5296 crastino
1589 5255 1669 5298 vero
1693 5233 1765 5300 Deo
1797 5234 1956 5321 largiente
1987 5259 2045 5323 pro
2076 5237 2196 5302 affectu
2214 5262 2241 5302 ss

541 5339 714 5402 universae
738 5335 844 5424 plebis
868 5348 901 5401 et
924 5335 989 5400 alia
1012 5346 1087 5400 sunt
1110 5335 1260 5416 dicenda,
1291 5338 1340 5423 B)
1365 5363 1498 5404 canones
1521 5342 1590 5426 ipsi
1609 5342 1787 5427 synodales,
1819 5346 1879 5428 qni
1906 5369 1968 5409 nna
1996 5369 2066 5409 cuin
2089 5345 2195 5409 indim

543 5470 659 5526 eornm,
683 5448 743 5530 qni
763 5445 897 5508 coricilio
923 5447 1145 5532 interfuerunt,
1176 5459 1203 5508 et
1233 5448 1373 5510 oratione
1396 5445 1540 5532 Enpenii
1566 5471 1736 5512 sermonem
1764 5450 1946 5536 syreodalem
1973 5451 2127 5537 Crcporii
2146 5451 2193 5515 II.

542 5555 624 5615 anni
658 5559 731 5619 721.
769 5565 919 5637 repetente
951 5552 1149 5638 promulgati
1179 5565 1252 5615 seint
1285 5551 1337 5615 die
1368 5560 1418 5619 15.
1451 5553 1589 5618 eiusdem
1624 5557 1740 5619 mensis
1773 5555 1972 5639 Novembris
2007 5561 2068 5623 etsi
2098 5559 2197 5624 codem

546 5753 575 5822 1)
608 5751 656 5824 Cf.
684 5773 758 5830 qnae
787 5755 881 5825 refert
903 5753 1079 5810 Ismcmarns
1108 5753 1336 5829 archiepiscopus
1365 5754 1512 5812 deniensis
1542 5755 1571 5812 in
1601 5756 1718 5832 epistola
1743 5758 1849 5815 Karoli
1877 5758 2057 5835 inperatoris
2085 5761 2197 5818 nostine

542 5859 650 5935 scripta
680 5861 722 5916 nd
748 5860 902 5918 Iolrnnnem
933 5859 1015 5916 VIII.
1041 5880 1152 5936 papam
1184 5854 1396 5937 (872-882)
1428 5862 1462 5917 dc
1492 5860 1601 5920 indiciis
1631 5872 1657 5920 et
1685 5865 1920 5940 appellationibus
1949 5866 2141 5943 episcoporum
2171 5877 2197 5924 et
2213 5885 2242 5926 so
