4884 6717
581 423 646 487 518
1051 429 1104 485 44.
1140 429 1360 487 concinnus
1381 429 1608 486 PARlSIENSE
1631 431 1669 486 Α.
1690 429 1766 485 825.

580 644 674 682 camur
694 633 733 694 te,
754 627 882 694 Domine,
904 627 931 681 iu
955 628 1025 682 onmi
1048 627 1236 682 misericordia
1258 635 1316 690 tua,
1343 636 1373 681 ut
1393 627 1536 682 auferatur
1555 628 1631 681 flrror
1651 634 1713 680 tuus
1736 634 1764 680 et
1786 627 1826 680 ira
1849 633 1896 679 tua
1919 643 1936 679 a
1958 626 2068 680 civitate
2091 626 2143 679 ista
2165 633 2195 681 et
2218 643 2238 678 a

580 734 661 787 domo
683 740 778 788 sancta
800 739 857 803 trra,
879 734 1010 805 quoniam
1031 734 1207 804 peccavimus
1231 736 1264 789 et
1287 736 1405 788 cetera.

686 829 726 894 In
749 830 887 916 epistola
910 830 998 896 beati
1015 830 1173 895 Germani
1188 831 1396 917 patriarchae
1413 830 1761 917 Constantinopolitani
1783 830 1826 894 ad
1840 829 2020 894 Iohannem
2043 831 2234 916 episcopum

581 936 797 1023 Synadorum,
832 948 1005 1024 postquam
1040 938 1165 1002 litteras
1195 936 1284 1001 beati
1316 935 1466 1023 Gregorii
1497 943 1624 1023 papae¹
1659 938 1813 1023 suscepit,
1849 938 1934 1001 inter
1968 949 2078 1001 cetera
2111 938 2232 1023 inquit:

579 1048 755 1122 Epistolam²
776 1059 883 1108 vestrae
907 1054 1058 1108 sanctitatis
1080 1055 1198 1124 suscepi,
1220 1054 1247 1107 in
1270 1072 1325 1124 qua
1347 1053 1519 1108 referebatur
1540 1055 1575 1108 de
1599 1056 1729 1123 episcopo
1752 1054 1914 1108 Nacholiae.
1948 1052 2140 1124 Significamns
2160 1054 2233 1107 eninr
2255 1066 2271 1105 ⁵

578 1176 651 1213 nunc
673 1159 760 1228 vobis,
789 1161 859 1214 sicut
890 1168 917 1215 et
947 1162 1052 1230 pridem
1083 1178 1168 1231 quam
1194 1161 1394 1231 susciperemus
1415 1161 1521 1214 litteras
1543 1167 1651 1214 vestrae
1673 1161 1834 1229 sanctitatis,
1864 1160 2047 1231 cordungente
2069 1161 2113 1214 hic
2136 1161 2233 1214 eodem

580 1268 642 1321 Deo
672 1265 786 1320 amabili
808 1266 938 1338 episcopo
969 1267 996 1321 in
1025 1267 1124 1336 verbis,
1151 1269 1275 1321 venimus
1303 1251 1452 1337 cum'ipso
1480 1267 1649 1321 sciscitantes
1677 1285 1785 1321 sensum
1814 1268 1883 1335 eius,
1910 1268 1984 1320 unde
2011 1266 2090 1320 nobis
2115 1268 2232 1321 relatum

580 1373 670 1426 fuerat
685 1374 720 1426 de
736 1372 794 1426 illo.
829 1374 891 1443 Ipse
910 1391 976 1426 vero
992 1373 1071 1427 nobis
1087 1374 1158 1428 liunc
1174 1373 1250 1428 dedit
1266 1391 1426 1443 responsum
1445 1403 1482 1412 —
1500 1381 1666 1443 oportunum
1681 1375 1753 1428 enini
1769 1381 1812 1427 est
1826 1373 1985 1444 singillatim
2001 1373 2091 1426 omnia
2107 1374 2232 1427 intimare

415 1493 560 1546 nasama.
580 1485 688 1534 vestrae
703 1479 842 1533 sanctitati
862 1508 898 1518 -
917 1480 1048 1550 quoniam
1063 1480 1178 1535 audiens
1196 1480 1290 1534 divina
1312 1461 1446 1550 scriptura
1467 1481 1589 1535 dicente:
1613 1478 1680 1536 Non
1696 1479 1795 1550 socies
1818 1478 1866 1535 riti
1886 1497 1994 1535 omnent
2016 1478 2230 1546 similitudinem,

580 1593 611 1641 ut
632 1585 736 1641 adores
759 1604 801 1654 eo,
826 1593 936 1661 quantu
959 1584 988 1641 ia
1012 1587 1089 1642 caelo
1111 1605 1222 1642 sursum
1247 1594 1273 1641 et
1294 1593 1403 1661 quatita
1426 1586 1456 1642 in
1479 1593 1559 1642 terra
1582 1586 1720 1642 deorsunt.
1765 1586 1921 1641 Secundum
1940 1587 1993 1640 hoc
2016 1587 2081 1654 dixi,
2103 1586 2230 1656 quoniam
2253 1600 2280 1639 ro

580 1710 635 1746 non
656 1692 773 1746 debetur
800 1693 964 1746 manufactis
992 1693 1127 1747 adoratio.
1173 1693 1245 1746 Nam
1273 1701 1381 1747 sanctos
1403 1692 1502 1747 Christi
1525 1701 1669 1764 martyres,
1696 1693 1743 1763 qui
1770 1711 1853 1748 verae
1883 1699 1944 1747 snut
1972 1693 2137 1763 margaritae
2157 1692 2232 1760 fidei,

582 1800 652 1853 omni
674 1799 778 1853 honore
800 1800 897 1869 dignos
919 1806 1047 1869 putamus
1070 1805 1097 1854 et
1119 1800 1328 1854 intercessiones
1350 1818 1442 1854 eorum
1464 1800 1631 1854 invocamus.
1664 1801 1708 1853 Ad
1729 1800 1799 1854 haec
1821 1801 1933 1870 quidem
1953 1818 2004 1853 nos
2019 1800 2060 1854 illi
2074 1817 2230 1869 responstun

582 1906 755 1972 reddidimus,
785 1905 915 1976 qnoniam
942 1904 1157 1961 Christianorum
1184 1905 1254 1961 fides
1282 1907 1485 1961 venerationem
1516 1915 1544 1961 ct
1572 1906 1760 1961 adorationem
1793 1907 1828 1959 ad
1858 1925 1941 1960 rmum
1970 1917 1999 1960 et
2028 1908 2115 1960 solnm
2141 1907 2231 1959 Deum

408 2026 561 2077 astinem.
582 2013 675 2078 refert,
696 2013 764 2066 sient
780 2013 909 2082 scriptum
926 2022 983 2066 est:
1006 2010 1159 2068 Dominum
1174 2011 1266 2068 Deum
1283 2020 1357 2068 tauns
1374 2011 1509 2068 adorabis
1524 2020 1551 2068 et
1572 2011 1614 2068 illi
1633 2011 1687 2069 soli
1707 2010 1820 2068 savies.
1855 2012 2026 2067 Gloriticatio
2048 2012 2119 2067 eniri
2141 2021 2231 2065 nostra

582 2125 609 2173 et
631 2119 769 2172 servitimn
791 2119 841 2188 ipsi
863 2119 914 2172 soli
935 2119 1059 2173 offertur.
2251 2131 2278 2171 ro

687 2215 731 2279 Et
754 2226 827 2301 post
849 2238 971 2301 pauca:
996 2220 1052 2279 In3
1073 2226 1174 2279 satietis
1195 2244 1271 2294 vero,
1294 2226 1341 2296 qui
1363 2227 1390 2280 in
1413 2228 1499 2280 caelis
1520 2235 1592 2294 sunt,
1614 2237 1643 2282 et
1664 2225 1846 2280 invisibilibus
1863 2234 1891 2280 et
1906 2227 2073 2296 incorporeis
2088 2227 2231 2280 virtutibus

580 2341 675 2385 sancta
699 2332 825 2385 laudatur
847 2340 875 2386 et
895 2331 1065 2403 glorificatur
1086 2332 1193 2386 trinitas
1214 2333 1242 2386 in
1264 2332 1395 2404 singulari
1418 2334 1603 2388 dominatione
1626 2342 1654 2387 et
1675 2334 1788 2402 deitate,
1810 2333 1878 2387 sicut
1901 2341 1929 2387 et
1944 2351 2013 2387 rurus
2028 2334 2106 2387 Deus
2120 2352 2137 2386 a
2153 2333 2232 2386 nobis

451 2454 562 2504 esest.
580 2438 724 2493 confitetur
746 2446 773 2492 et
796 2457 851 2492 non
873 2445 915 2492 est
935 2447 1047 2509 praeter
1068 2439 1155 2506 illuni,
1177 2437 1226 2514 qui
1249 2438 1406 2494 destinetur
1428 2438 1458 2494 ia
1481 2438 1582 2495 uirtute
1603 2459 1656 2495 sua
1680 2438 1708 2494 in
1732 2446 1886 2495 aetenam.

686 2535 730 2599 Et
752 2548 826 2621 post
849 2558 972 2621 pauca:
997 2541 1119 2616 Neqne⁴
1136 2547 1207 2600 enim
1229 2546 1339 2600 divinae
1362 2547 1555 2600 dominationis
1577 2546 1781 2600 venerationem
1798 2546 1826 2600 in
1841 2546 2014 2601 confamulos
2029 2547 2230 2610 nmsferimns3

580 2670 670 2722 neque
700 2653 771 2706 enirn
801 2652 981 2722 imperatores
1010 2659 1057 2707 ant
1085 2653 1222 2723 principes
1251 2653 1278 2706 iu
1305 2661 1376 2706 terra
1405 2654 1552 2707 adorantes
1581 2653 1782 2706 similitudinem
1812 2661 1842 2707 ut
1869 2653 1904 2706 ad
1927 2654 2017 2706 Deum
2044 2654 2231 2706 adorationem
2250 2663 2280 2703 ιο

580 2758 673 2813 iacere
695 2759 833 2828 ridemur3
863 2777 955 2829 neque
977 2760 1126 2831 insaginum
1148 2760 1293 2826 facturam,
1320 2777 1392 2829 ‹puae
1422 2777 1472 2829 per
1498 2777 1608 2813 caeram
1636 2769 1665 2813 et
1686 2761 1793 2813 colores
1814 2761 2001 2830 designantur,
2021 2760 2049 2813 in
2070 2767 2231 2813 transmuta-

580 2865 680 2919 tionem
704 2866 813 2920 divinae
835 2867 1020 2920 venerationis
1048 2866 1231 2936 suscepturum
1264 2884 1356 2937 neque
1384 2867 1456 2920 enim
1485 2866 1650 2920 invisibilem
1677 2867 1807 2921 deitatem
1836 2866 1954 2937 imagine
1983 2873 2031 2920 aut
2058 2866 2230 2920 similitudine

580 2981 627 3026 ant
649 2972 745 3026 habitu
766 2981 813 3026 ant
835 2973 924 3027 innita
946 2972 1041 3043 aliqua
1064 2973 1239 3044 designamus
1264 3002 1301 3009 -
1327 2974 1409 3027 etiam
1432 2991 1524 3043 neque
1554 2973 1673 3043 ipsorum
1694 2973 1864 3044 angelorum,
1892 2972 1992 3042 quibus
2021 2974 2140 3026 existunt
2162 2973 2231 3026 ordi·

580 3079 667 3146 nibus,
690 3087 738 3133 aut
759 3079 852 3133 sentiri
875 3080 921 3132 vel
943 3079 1102 3148 investigari
1124 3080 1181 3132 nilo
1204 3081 1286 3132 modo
1308 3088 1421 3149 possunt
1440 3109 1489 3146 -,
1505 3079 1553 3133 sed
1569 3079 1699 3150 quoniam
1714 3079 1870 3150 unigenitus
1887 3078 1969 3146 filius,
1991 3080 2039 3149 qui
2061 3088 2102 3133 est
2124 3080 2152 3132 in
2172 3080 2231 3132 sinu

580 3186 675 3256 patris,
696 3203 828 3240 revocans
850 3185 988 3256 propriam
1011 3193 1164 3239 creaturam
1187 3203 1204 3239 a
1227 3195 1313 3239 morte
1336 3185 1426 3240 iudicii
1449 3186 1540 3239 bonae
1563 3186 1712 3240 voluntatis
1739 3186 1826 3255 patris
1855 3194 1883 3239 ct
1905 3185 2022 3255 Spiritus
2043 3187 2130 3239 sancti
2151 3187 2230 3239 homo
2251 3198 2279 3236 rs

411 3299 562 3392 allah—¹¹39&
580 3290 639 3345 fieri
662 3292 789 3364 dignatus
812 3301 862 3358 est,
884 3292 953 3346 sicut
977 3292 1065 3362 inquit
1086 3294 1237 3362 apostolus,
1264 3311 1315 3362 per
1342 3292 1432 3346 onmia
1464 3293 1557 3346 similis
1586 3293 1664 3346 nobis
1686 3293 1776 3346 factus
1798 3292 1903 3362 absque
1933 3301 2059 3362 peccato,
2087 3293 2230 3346 humanum

582 3399 640 3453 eius
661 3399 765 3453 vultmn
787 3404 817 3454 et
837 3400 986 3453 sectrndum
1007 3416 1118 3453 cararent
1140 3399 1198 3453 eius
1220 3400 1368 3453 humanam
1389 3399 1591 3454 similitudinem
1614 3399 1732 3470 imagine
1754 3399 1930 3468 designantes
1952 3407 1979 3453 ct
2001 3418 2056 3453 non
2081 3399 2231 3469 incompre-

582 3505 743 3559 hensibilem
765 3515 812 3559 ant
834 3505 997 3559 invisibilem
1019 3505 1079 3559 eius
1100 3507 1231 3560 deitatem
1256 3507 1289 3559 et
1312 3507 1431 3559 cetera,

689 3608 797 3665 Siniti
819 3612 891 3665 enhn
920 3613 1001 3665 modo
1028 3613 1176 3666 secundum
1206 3630 1316 3665 cantem
1347 3613 1406 3666 eius
1428 3612 1657 3666 incontaminatae
1680 3612 1773 3665 naamis
1796 3620 1907 3665 sanctae
1930 3612 1984 3666 nsi
2012 3612 2152 3683 genitricis
2172 3612 2231 3682 ipso

581 3721 662 3772 modo
685 3719 887 3772 similitudinem
909 3720 1135 3786 denronstrantes,
1166 3719 1306 3789 qrrsnriarn,
1329 3719 1450 3772 nndieris
1478 3725 1577 3771 natura
1599 3719 1732 3772 existente
1756 3727 1783 3771 et
1804 3737 1860 3773 non
1881 3720 1972 3772 aliena
1994 3727 2103 3773 nostrae
2126 3729 2280 3773 massueto

581 3826 666 3890 iacta,
694 3826 784 3879 Deum
815 3824 978 3878 invisibilem
1010 3833 1037 3879 et
1059 3824 1150 3879 oninia
1181 3843 1264 3878 nrauu
1291 3826 1475 3880 continentem
1504 3826 1530 3878 in
1562 3843 1610 3879 suo
1640 3826 1766 3895 concepit
1788 3835 1866 3878 utero
1889 3833 1915 3880 et
1937 3826 2032 3897 genuit
2054 3826 2230 3880 incarnatum.

582 3933 690 3986 Etenim
711 3939 741 3985 nt
763 3932 872 4002 proprie
895 3939 924 3986 et
945 3949 1010 3986 vere
1033 3939 1147 3985 matrem
1169 3932 1225 3985 Dei
1247 3932 1303 3984 veri
1326 3949 1488 3986 verteremur
1517 3949 1578 3984 cam
1607 3939 1636 3986 et
1665 3930 1880 4003 triagniticamus.
1927 3931 2042 3986 Sanctus
2068 3933 2140 3986 enirn
2163 3951 2231 3986 mar·

581 4047 657 4110 tyres
680 4038 779 4092 Christi
802 4040 998 4108 apostolosque
1022 4045 1050 4092 et
1071 4039 1221 4108 prophetas
1244 4038 1372 4091 miramur
1394 4045 1422 4092 et
1442 4036 1633 4092 beatificatam
1661 4046 1688 4092 et
1715 4039 1750 4092 ad
1773 4040 1931 4093 memoriani
1952 4039 2118 4093 fortitudinis
2140 4034 2231 4093 eorum

583 4145 768 4199 siridlitudincs
796 4146 945 4216 imaginum
973 4145 1092 4215 ipsomrn
1125 4145 1315 4214 describimus,
1343 4162 1398 4197 non
1419 4153 1449 4197 nt
1470 4145 1579 4199 divinae
1602 4154 1717 4199 natiuae
1738 4146 1827 4199 socios
1853 4164 1901 4200 eos
1930 4146 2113 4214 aestimemus,
2142 4164 2231 4216 neque

583 4270 656 4323 qnae
686 4252 802 4305 debetur
830 4251 926 4304 deitati
953 4251 1060 4322 gloriae
1090 4252 1201 4321 quidem
1232 4258 1260 4304 ct
1285 4251 1426 4321 potestati,
1458 4252 1588 4305 honorem
1617 4260 1645 4304 et
1675 4253 1863 4307 adorationem
1885 4253 1940 4306 illis
1963 4253 2152 4322 impendimus,
2184 4254 2230 4307 sed
2252 4263 2282 4301 ao

582 4377 703 4412 amorem
726 4366 856 4420 nostnrm,
878 4377 960 4428 quern
983 4358 1010 4412 in
1033 4358 1097 4428 ipsis
1118 4358 1262 4418 habemus,
1284 4376 1335 4428 per
1356 4358 1424 4412 haec
1448 4358 1653 4412 inaniiestamus
1675 4364 1703 4412 et
1725 4376 1767 4416 ea.
1790 4377 1863 4429 quiae
1884 4377 1935 4429 per
1956 4360 2078 4412 auditum
2099 4360 2232 4413 veraciter

582 4465 756 4534 credidimus,
776 4466 959 4536 designamus.
1005 4464 1077 4518 Nam
1105 4474 1132 4519 et
1161 4465 1212 4535 ipsi
1240 4466 1326 4518 sancti
1349 4465 1405 4519 Dei
1430 4465 1458 4518 in
1480 4484 1560 4519 unum
1588 4473 1616 4518 et
1645 4466 1732 4519 solum
1756 4467 1845 4519 Deum
1868 4466 2025 4520 servitutem
2048 4473 2076 4519 et
2096 4465 2231 4536 glorifica·

585 4572 687 4626 tionem
709 4579 737 4624 et
758 4572 947 4626 adorationem
969 4572 1146 4626 observantes
1174 4581 1202 4626 et
1230 4573 1266 4625 ad
1294 4572 1346 4625 lroc
1373 4589 1468 4625 onrnes
1497 4580 1681 4626 convocantes
1702 4580 1787 4642 natue
1809 4574 1940 4626 docentes
1962 4589 2055 4625 eorum
2077 4571 2232 4626 effudentnt

582 4679 741 4750 sanguinein
764 4687 792 4732 et
813 4679 841 4732 in
864 4680 980 4732 veritate
1002 4679 1180 4733 confessionis
1201 4697 1331 4732 coronam
1353 4678 1446 4749 adepti
1469 4687 1538 4733 stunt.
1580 4679 1635 4732 Iste
1657 4687 1700 4731 est
1721 4679 1816 4732 modus
1838 4679 1866 4732 in
1888 4679 2035 4750 imaginum
2056 4680 2181 4748 picturis,
2204 4689 2233 4732 et

582 4803 637 4839 non
659 4786 727 4839 sicut
750 4785 879 4838 invisibili
900 4786 996 4840 deitati
1019 4786 1046 4838 in
1069 4786 1165 4855 spiritu
1187 4795 1215 4839 et
1237 4787 1353 4840 veritate
1376 4787 1563 4839 adorationem
1586 4786 1749 4838 inmutamus
1771 4785 1797 4839 in
1812 4786 1976 4839 manufactis
1990 4785 2162 4857 imaginibus,
2183 4787 2232 4840 sed
2251 4798 2281 4836 so

581 4892 723 4946 caritatem
753 4900 884 4958 noenum,
912 4911 995 4963 quani
1022 4892 1092 4946 iuste
1115 4892 1247 4946 habentus
1268 4893 1305 4946 ad
1332 4910 1413 4946 veros
1441 4910 1534 4946 servos
1555 4892 1609 4946 Dei
1634 4892 1728 4961 nostri,
1755 4892 1805 4946 tali
1827 4894 1907 4947 niodo
1936 4893 2127 4959 ostendentes,
2156 4901 2182 4946 et
2204 4893 2232 4945 in

582 5017 675 5053 eorum
697 4999 802 5052 bonore
822 4997 990 5070 glorificatur
1011 4999 1098 5068 Deus,
1120 4999 1166 5070 qui
1189 4998 1354 5068 glorificavit
1376 5016 1424 5052 eos
1447 5001 1479 5054 et
1503 5001 1621 5053 cetera.

689 5096 727 5160 In
752 5097 879 5160 actione
904 5097 1043 5182 septima
1067 5095 1107 5159 de
1131 5095 1369 5180 significatione
1398 5094 1614 5160 adorationis:
1646 5101 1801 5159 Adon-atiob'
1829 5106 1921 5160 multis
1948 5105 2036 5159 modis
2063 5105 2233 5177 intelligitur.

582 5214 631 5267 Est
654 5214 726 5268 enirn
748 5212 872 5266 adoratio
894 5213 1041 5267 secundum
1063 5211 1194 5266 honorem
1217 5221 1245 5267 ct
1267 5229 1389 5266 amaneus
1411 5222 1438 5266 et
1460 5214 1595 5280 timorem,
1628 5213 1706 5267 sicuti
1739 5214 1888 5267 adorantur
1915 5213 2054 5282 principes
2076 5220 2104 5265 et
2124 5213 2233 5265 illorum

693 5451 722 5534 ll
747 5461 793 5517 Sc.
811 5458 948 5537 Gregorii
962 5460 1001 5516 II.
1018 5460 1097 5536 epist.
1114 5455 1173 5534 (J.·
1190 5460 1228 5516 Ε.
1245 5481 1273 5516 a.
1290 5455 1395 5534 2181),
1419 5460 1492 5516 trade
1507 5478 1597 5533 supra
1615 5480 1648 5534 p.
1666 5461 1762 5518 5031.
1779 5462 1822 5518 2?
1832 5480 1893 5535 sqq.
1910 5468 2045 5534 europus
2060 5459 2233 5536 legebantur.
2252 5471 2284 5511 aa

585 5559 615 5642 2)
640 5564 782 5624 Gcmnani
798 5566 989 5641 patriarchae
1012 5567 1128 5642 qristoln
1151 5567 1194 5624 od
1213 5565 1369 5623 lodovensis
1395 5567 1586 5638 iipnudensem
1611 5565 1769 5641 φὶεεοραω
1797 5565 1870 5622 inter
1892 5575 1958 5622 acm
1982 5565 2092 5622 conditi
2112 5563 2237 5623 Menesi

582 5681 638 5734 act.
662 5672 682 5728 Ι
686 5673 718 5729 V.
742 5667 857 5746 (Massi
879 5673 965 5744 XIII,
984 5668 1054 5749 100)
1078 5673 1228 5732 inveniare.
1306 5665 1336 5750 3)
1360 5671 1478 5729 ididan.
1555 5663 1586 5744 4)
1610 5671 1728 5728 ibidem.
1802 5665 1833 5749 ὃ)
1857 5672 1976 5729 Ibidem.
2046 5664 2076 5750 6)
2102 5672 2236 5747 Epuwbr

583 5778 693 5840 concilii
715 5778 838 5837 llh'coent'
859 5781 901 5838 od
925 5779 1138 5838 Cbnstontt'aum
1162 5788 1189 5836 et
1211 5779 1339 5849 Irenem;
1372 5778 1471 5836 lllurasi
1493 5779 1580 5850 XIII,
1605 5782 1676 5838 405.
