<?xml version="1.0" encoding="UTF-8"?>
<!DOCTYPE html PUBLIC "-//W3C//DTD XHTML 1.0 Transitional//EN"
    "http://www.w3.org/TR/xhtml1/DTD/xhtml1-transitional.dtd">
<html xmlns="http://www.w3.org/1999/xhtml" xml:lang="en" lang="en">
 <head>
  <title>
</title>
<meta http-equiv="Content-Type" content="text/html;charset=utf-8" />
  <meta name='ocr-system' content='tesseract 3.04.00' />
  <meta name='ocr-capabilities' content='ocr_page ocr_carea ocr_par ocr_line ocrx_word'/>
</head>
<body>
  <div class='ocr_page' id='page_1' title='image "./monumentagerman02gescgoog/monumentagerman02gescgoog_0035.png"; bbox 0 0 4884 6717; ppageno 0'>
   <div class='ocr_carea' id='block_1_1' title="bbox 709 525 1896 590">
    <p class='ocr_par' dir='ltr' id='par_1_1' title="bbox 709 525 1896 590">
     <span class='ocr_line' id='line_1_1' title="bbox 709 525 1896 590; baseline 0.001 -3"><span class='ocrx_word' id='word_1_1' title='bbox 709 531 761 587; x_wconf 74' lang='lat' dir='ltr'>ll.</span> <span class='ocrx_word' id='word_1_2' title='bbox 797 531 1017 590; x_wconf 73' lang='lat' dir='ltr'>concinitur</span> <span class='ocrx_word' id='word_1_3' title='bbox 1040 530 1268 589; x_wconf 80' lang='lat' dir='ltr'>PARISIENSE</span> <span class='ocrx_word' id='word_1_4' title='bbox 1293 531 1329 586; x_wconf 80' lang='grc' dir='ltr'>Α.</span> <span class='ocrx_word' id='word_1_5' title='bbox 1351 529 1427 587; x_wconf 82' lang='grc'><strong>825.</strong></span> <span class='ocrx_word' id='word_1_6' title='bbox 1830 525 1896 588; x_wconf 74' lang='grc'>483</span> 
     </span>
    </p>
   </div>
   <div class='ocr_carea' id='block_1_2' title="bbox 192 717 2034 5184">
    <p class='ocr_par' dir='ltr' id='par_1_2' title="bbox 236 717 1896 1120">
     <span class='ocr_line' id='line_1_2' title="bbox 237 717 1896 805; baseline -0.001 -21"><span class='ocrx_word' id='word_1_7' title='bbox 237 741 281 786; x_wconf 85' lang='lat' dir='ltr'>err</span> <span class='ocrx_word' id='word_1_8' title='bbox 304 718 497 784; x_wconf 76' lang='lat' dir='ltr'>testimoniis</span> <span class='ocrx_word' id='word_1_9' title='bbox 520 727 708 783; x_wconf 88' lang='lat' dir='ltr'>sanctarum</span> <span class='ocrx_word' id='word_1_10' title='bbox 732 719 965 805; x_wconf 86' lang='lat' dir='ltr'>scripturarum</span> <span class='ocrx_word' id='word_1_11' title='bbox 989 730 1022 784; x_wconf 93' lang='lat' dir='ltr'>et</span> <span class='ocrx_word' id='word_1_12' title='bbox 1046 718 1215 782; x_wconf 78' lang='lat' dir='ltr'>sententiis</span> <span class='ocrx_word' id='word_1_13' title='bbox 1239 727 1424 782; x_wconf 89' lang='lat' dir='ltr'>sanctorum</span> <span class='ocrx_word' id='word_1_14' title='bbox 1448 729 1576 804; x_wconf 92' lang='lat' dir='ltr'>patrum</span> <span class='ocrx_word' id='word_1_15' title='bbox 1600 720 1633 782; x_wconf 93' lang='lat' dir='ltr'>in</span> <span class='ocrx_word' id='word_1_16' title='bbox 1654 717 1798 783; x_wconf 90' lang='lat' dir='ltr'>medium</span> <span class='ocrx_word' id='word_1_17' title='bbox 1822 741 1896 805; x_wconf 79' lang='lat' dir='ltr'>pro</span> 
     </span>
     <span class='ocr_line' id='line_1_3' title="bbox 237 823 1894 913; baseline 0 -23"><span class='ocrx_word' id='word_1_18' title='bbox 237 824 373 890; x_wconf 90' lang='lat' dir='ltr'>ferendo</span> <span class='ocrx_word' id='word_1_19' title='bbox 397 836 429 890; x_wconf 89' lang='lat' dir='ltr'>et</span> <span class='ocrx_word' id='word_1_20' title='bbox 452 826 615 892; x_wconf 85' lang='lat' dir='ltr'>veraciter</span> <span class='ocrx_word' id='word_1_21' title='bbox 637 823 811 912; x_wconf 80' lang='lat' dir='ltr'>sobrieque</span> <span class='ocrx_word' id='word_1_22' title='bbox 831 824 1025 911; x_wconf 86' lang='lat' dir='ltr'>exponendo</span> <span class='ocrx_word' id='word_1_23' title='bbox 1043 825 1163 911; x_wconf 90' lang='lat' dir='ltr'>poterit</span> <span class='ocrx_word' id='word_1_24' title='bbox 1177 834 1289 889; x_wconf 88' lang='lat' dir='ltr'>vestra</span> <span class='ocrx_word' id='word_1_25' title='bbox 1304 825 1511 890; x_wconf 89' lang='lat' dir='ltr'>sanctissima</span> <span class='ocrx_word' id='word_1_26' title='bbox 1528 825 1668 907; x_wconf 85' lang='lat' dir='ltr'>devotio,</span> <span class='ocrx_word' id='word_1_27' title='bbox 1693 826 1777 890; x_wconf 77' lang='lat' dir='ltr'>rictu</span> <span class='ocrx_word' id='word_1_28' title='bbox 1793 835 1894 913; x_wconf 82' lang='lat' dir='ltr'>optat,</span> 
     </span>
     <span class='ocr_line' id='line_1_4' title="bbox 236 930 1893 1019; baseline -0.001 -21"><span class='ocrx_word' id='word_1_29' title='bbox 236 933 383 1019; x_wconf 89' lang='lat' dir='ltr'>utrisque</span> <span class='ocrx_word' id='word_1_30' title='bbox 414 931 595 997; x_wconf 89' lang='lat' dir='ltr'>consulere.</span> <span class='ocrx_word' id='word_1_31' title='bbox 642 930 699 998; x_wconf 90' lang='lat' dir='ltr'>Sic</span> <span class='ocrx_word' id='word_1_32' title='bbox 729 932 851 1018; x_wconf 91' lang='lat' dir='ltr'>quippe</span> <span class='ocrx_word' id='word_1_33' title='bbox 881 931 1066 1017; x_wconf 76' lang='lat' dir='ltr'>refragator</span> <span class='ocrx_word' id='word_1_34' title='bbox 1094 930 1234 995; x_wconf 87' lang='lat' dir='ltr'>vinculis</span> <span class='ocrx_word' id='word_1_35' title='bbox 1264 932 1411 996; x_wconf 81' lang='lat' dir='ltr'>veritatis</span> <span class='ocrx_word' id='word_1_36' title='bbox 1435 930 1532 996; x_wconf 91' lang='lat' dir='ltr'>modo</span> <span class='ocrx_word' id='word_1_37' title='bbox 1555 931 1765 1014; x_wconf 92' lang='lat' dir='ltr'>blandiendo,</span> <span class='ocrx_word' id='word_1_38' title='bbox 1796 931 1893 997; x_wconf 92' lang='lat' dir='ltr'>modo</span> 
     </span>
     <span class='ocr_line' id='line_1_5' title="bbox 237 1037 1893 1120; baseline 0.001 -17"><span class='ocrx_word' id='word_1_39' title='bbox 237 1037 437 1120; x_wconf 92' lang='lat' dir='ltr'>honorando,</span> <span class='ocrx_word' id='word_1_40' title='bbox 467 1037 563 1103; x_wconf 90' lang='lat' dir='ltr'>rnodo</span> <span class='ocrx_word' id='word_1_41' title='bbox 594 1037 774 1103; x_wconf 90' lang='lat' dir='ltr'>secundum</span> <span class='ocrx_word' id='word_1_42' title='bbox 803 1038 964 1102; x_wconf 89' lang='lat' dir='ltr'>rationem</span> <span class='ocrx_word' id='word_1_43' title='bbox 987 1039 1160 1103; x_wconf 90' lang='lat' dir='ltr'>veritatem</span> <span class='ocrx_word' id='word_1_44' title='bbox 1190 1037 1444 1103; x_wconf 89' lang='lat' dir='ltr'>demonstrando</span> <span class='ocrx_word' id='word_1_45' title='bbox 1468 1038 1630 1104; x_wconf 82' lang='lat' dir='ltr'>subtiliter</span> <span class='ocrx_word' id='word_1_46' title='bbox 1653 1041 1804 1104; x_wconf 87' lang='lat' dir='ltr'>astrictus</span> <span class='ocrx_word' id='word_1_47' title='bbox 1828 1062 1893 1104; x_wconf 90' lang='lat' dir='ltr'>non</span> 
     </span>
    </p>

    <p class='ocr_par' dir='ltr' id='par_1_3' title="bbox 200 1142 1894 1317">
     <span class='ocr_line' id='line_1_6' title="bbox 200 1142 1894 1233; baseline 0.001 -24"><span class='ocrx_word' id='word_1_48' title='bbox 200 1144 372 1209; x_wconf 79' lang='lat' dir='ltr'>sordebit</span> <span class='ocrx_word' id='word_1_49' title='bbox 394 1144 490 1210; x_wconf 92' lang='lat' dir='ltr'>aliter</span> <span class='ocrx_word' id='word_1_50' title='bbox 512 1143 641 1225; x_wconf 86' lang='lat' dir='ltr'>docere,</span> <span class='ocrx_word' id='word_1_51' title='bbox 666 1166 765 1232; x_wconf 90' lang='lat' dir='ltr'>quam</span> <span class='ocrx_word' id='word_1_52' title='bbox 788 1142 877 1231; x_wconf 89' lang='lat' dir='ltr'>quod</span> <span class='ocrx_word' id='word_1_53' title='bbox 900 1145 1022 1209; x_wconf 86' lang='lat' dir='ltr'>veritas</span> <span class='ocrx_word' id='word_1_54' title='bbox 1046 1143 1154 1227; x_wconf 91' lang='lat' dir='ltr'>habet,</span> <span class='ocrx_word' id='word_1_55' title='bbox 1187 1167 1249 1210; x_wconf 88' lang='lat' dir='ltr'>nec</span> <span class='ocrx_word' id='word_1_56' title='bbox 1272 1145 1391 1231; x_wconf 89' lang='lat' dir='ltr'>poterit</span> <span class='ocrx_word' id='word_1_57' title='bbox 1414 1145 1509 1210; x_wconf 89' lang='lat' dir='ltr'>aliter</span> <span class='ocrx_word' id='word_1_58' title='bbox 1531 1155 1653 1226; x_wconf 87' lang='lat' dir='ltr'>tenere,</span> <span class='ocrx_word' id='word_1_59' title='bbox 1683 1168 1782 1232; x_wconf 86' lang='lat' dir='ltr'>quam</span> <span class='ocrx_word' id='word_1_60' title='bbox 1805 1146 1894 1233; x_wconf 89' lang='lat' dir='ltr'>quod</span> 
     </span>
     <span class='ocr_line' id='line_1_7' title="bbox 237 1249 1140 1317; baseline -0.001 0"><span class='ocrx_word' id='word_1_61' title='bbox 237 1252 384 1317; x_wconf 83' lang='lat' dir='ltr'>veritatis</span> <span class='ocrx_word' id='word_1_62' title='bbox 409 1252 640 1317; x_wconf 84' lang='lat' dir='ltr'>documentum</span> <span class='ocrx_word' id='word_1_63' title='bbox 663 1251 736 1316; x_wconf 87' lang='lat' dir='ltr'>aliis</span> <span class='ocrx_word' id='word_1_64' title='bbox 758 1249 936 1317; x_wconf 90' lang='lat' dir='ltr'>tenendum</span> <span class='ocrx_word' id='word_1_65' title='bbox 959 1250 1140 1316; x_wconf 71' lang='lat' dir='ltr'>tradiderit.</span> 
     </span>
    </p>

    <p class='ocr_par' dir='ltr' id='par_1_4' title="bbox 237 1356 1895 1659">
     <span class='ocr_line' id='line_1_8' title="bbox 345 1356 1893 1446; baseline 0.001 -23"><span class='ocrx_word' id='word_1_66' title='bbox 345 1358 418 1423; x_wconf 91' lang='lat' dir='ltr'>Tali</span> <span class='ocrx_word' id='word_1_67' title='bbox 441 1382 558 1446; x_wconf 88' lang='lat' dir='ltr'>nempe</span> <span class='ocrx_word' id='word_1_68' title='bbox 581 1356 678 1424; x_wconf 91' lang='lat' dir='ltr'>modo</span> <span class='ocrx_word' id='word_1_69' title='bbox 702 1359 809 1423; x_wconf 87' lang='lat' dir='ltr'>visum</span> <span class='ocrx_word' id='word_1_70' title='bbox 832 1369 882 1422; x_wconf 91' lang='lat' dir='ltr'>est</span> <span class='ocrx_word' id='word_1_71' title='bbox 905 1369 1035 1423; x_wconf 88' lang='lat' dir='ltr'>nostrae</span> <span class='ocrx_word' id='word_1_72' title='bbox 1060 1359 1287 1438; x_wconf 79' lang='lat' dir='ltr'>mediocritati,</span> <span class='ocrx_word' id='word_1_73' title='bbox 1313 1369 1348 1423; x_wconf 93' lang='lat' dir='ltr'>ut</span> <span class='ocrx_word' id='word_1_74' title='bbox 1371 1360 1539 1445; x_wconf 83' lang='lat' dir='ltr'>utriusque</span> <span class='ocrx_word' id='word_1_75' title='bbox 1563 1361 1666 1446; x_wconf 89' lang='lat' dir='ltr'>partis</span> <span class='ocrx_word' id='word_1_76' title='bbox 1690 1358 1786 1423; x_wconf 87' lang='lat' dir='ltr'>saluti</span> <span class='ocrx_word' id='word_1_77' title='bbox 1806 1382 1893 1424; x_wconf 87' lang='lat' dir='ltr'>eorn-</span> 
     </span>
     <span class='ocr_line' id='line_1_9' title="bbox 237 1464 1895 1552; baseline 0 -22"><span class='ocrx_word' id='word_1_78' title='bbox 237 1464 424 1530; x_wconf 89' lang='lat' dir='ltr'>modissime</span> <span class='ocrx_word' id='word_1_79' title='bbox 456 1466 612 1552; x_wconf 88' lang='lat' dir='ltr'>prodesse</span> <span class='ocrx_word' id='word_1_80' title='bbox 646 1487 867 1552; x_wconf 89' lang='lat' dir='ltr'>magnamque</span> <span class='ocrx_word' id='word_1_81' title='bbox 899 1464 994 1530; x_wconf 87' lang='lat' dir='ltr'>vobis</span> <span class='ocrx_word' id='word_1_82' title='bbox 1026 1489 1045 1529; x_wconf 88' lang='lat' dir='ltr'>a</span> <span class='ocrx_word' id='word_1_83' title='bbox 1075 1465 1218 1530; x_wconf 91' lang='lat' dir='ltr'>Domino</span> <span class='ocrx_word' id='word_1_84' title='bbox 1251 1465 1545 1531; x_wconf 87' lang='lat' dir='ltr'>remunerationem</span> <span class='ocrx_word' id='word_1_85' title='bbox 1579 1465 1674 1530; x_wconf 91' lang='lat' dir='ltr'>huius</span> <span class='ocrx_word' id='word_1_86' title='bbox 1708 1466 1755 1529; x_wconf 93' lang='lat' dir='ltr'>rei</span> <span class='ocrx_word' id='word_1_87' title='bbox 1788 1467 1895 1551; x_wconf 87' lang='lat' dir='ltr'>gratia</span> 
     </span>
     <span class='ocr_line' id='line_1_10' title="bbox 238 1570 1893 1659; baseline 0 -22"><span class='ocrx_word' id='word_1_88' title='bbox 238 1595 434 1659; x_wconf 89' lang='lat' dir='ltr'>praeparare</span> <span class='ocrx_word' id='word_1_89' title='bbox 456 1572 598 1659; x_wconf 86' lang='lat' dir='ltr'>possitis.</span> <span class='ocrx_word' id='word_1_90' title='bbox 646 1570 818 1637; x_wconf 83' lang='lat' dir='ltr'>Credimus</span> <span class='ocrx_word' id='word_1_91' title='bbox 841 1595 931 1654; x_wconf 91' lang='lat' dir='ltr'>saue,</span> <span class='ocrx_word' id='word_1_92' title='bbox 963 1575 1051 1659; x_wconf 88' lang='lat' dir='ltr'>quia,</span> <span class='ocrx_word' id='word_1_93' title='bbox 1082 1595 1281 1659; x_wconf 89' lang='lat' dir='ltr'>quamquam</span> <span class='ocrx_word' id='word_1_94' title='bbox 1312 1572 1423 1659; x_wconf 88' lang='lat' dir='ltr'>aliqua</span> <span class='ocrx_word' id='word_1_95' title='bbox 1452 1584 1611 1659; x_wconf 83' lang='lat' dir='ltr'>exparte</span> <span class='ocrx_word' id='word_1_96' title='bbox 1635 1573 1893 1659; x_wconf 88' lang='lat' dir='ltr'>superstitiosam</span> 
     </span>
    </p>

    <p class='ocr_par' dir='ltr' id='par_1_5' title="bbox 194 1669 1893 2192">
     <span class='ocr_line' id='line_1_11' title="bbox 194 1669 1892 1760; baseline 0 -18"><span class='ocrx_word' id='word_1_97' title='bbox 194 1704 220 1742; x_wconf 82' lang='lat' dir='ltr'>ro</span> <span class='ocrx_word' id='word_1_98' title='bbox 237 1677 300 1743; x_wconf 91' lang='lat' dir='ltr'>sibi</span> <span class='ocrx_word' id='word_1_99' title='bbox 332 1669 602 1744; x_wconf 90' lang='lat' dir='ltr'>consuetudinem</span> <span class='ocrx_word' id='word_1_100' title='bbox 634 1679 716 1745; x_wconf 88' lang='lat' dir='ltr'>forte</span> <span class='ocrx_word' id='word_1_101' title='bbox 749 1678 918 1744; x_wconf 88' lang='lat' dir='ltr'>vindicare</span> <span class='ocrx_word' id='word_1_102' title='bbox 950 1678 1062 1760; x_wconf 88' lang='lat' dir='ltr'>velint,</span> <span class='ocrx_word' id='word_1_103' title='bbox 1095 1679 1280 1745; x_wconf 90' lang='lat' dir='ltr'>nullatenus</span> <span class='ocrx_word' id='word_1_104' title='bbox 1313 1690 1422 1744; x_wconf 90' lang='lat' dir='ltr'>tamen</span> <span class='ocrx_word' id='word_1_105' title='bbox 1454 1678 1496 1743; x_wconf 90' lang='lat' dir='ltr'>ab</span> <span class='ocrx_word' id='word_1_106' title='bbox 1529 1677 1644 1743; x_wconf 90' lang='lat' dir='ltr'>eadem</span> <span class='ocrx_word' id='word_1_107' title='bbox 1678 1678 1756 1743; x_wconf 87' lang='lat' dir='ltr'>sede</span> <span class='ocrx_word' id='word_1_108' title='bbox 1787 1678 1892 1758; x_wconf 89' lang='lat' dir='ltr'>aliter,</span> 
     </span>
     <span class='ocr_line' id='line_1_12' title="bbox 237 1784 1893 1873; baseline -0.001 -23"><span class='ocrx_word' id='word_1_109' title='bbox 237 1808 336 1872; x_wconf 87' lang='lat' dir='ltr'>quarn</span> <span class='ocrx_word' id='word_1_110' title='bbox 351 1786 528 1851; x_wconf 88' lang='lat' dir='ltr'>auctoritas</span> <span class='ocrx_word' id='word_1_111' title='bbox 544 1797 577 1850; x_wconf 91' lang='lat' dir='ltr'>et</span> <span class='ocrx_word' id='word_1_112' title='bbox 591 1787 712 1850; x_wconf 88' lang='lat' dir='ltr'>veritas</span> <span class='ocrx_word' id='word_1_113' title='bbox 737 1784 898 1867; x_wconf 88' lang='lat' dir='ltr'>sehabet,</span> <span class='ocrx_word' id='word_1_114' title='bbox 921 1785 1070 1850; x_wconf 86' lang='lat' dir='ltr'>mandari</span> <span class='ocrx_word' id='word_1_115' title='bbox 1092 1787 1127 1850; x_wconf 91' lang='lat' dir='ltr'>in</span> <span class='ocrx_word' id='word_1_116' title='bbox 1142 1786 1286 1873; x_wconf 89' lang='lat' dir='ltr'>aliquam</span> <span class='ocrx_word' id='word_1_117' title='bbox 1302 1796 1428 1873; x_wconf 87' lang='lat' dir='ltr'>partem</span> <span class='ocrx_word' id='word_1_118' title='bbox 1444 1797 1678 1872; x_wconf 87' lang='lat' dir='ltr'>praesumetur.</span> <span class='ocrx_word' id='word_1_119' title='bbox 1715 1784 1893 1850; x_wconf 86' lang='lat' dir='ltr'>Verebitur</span> 
     </span>
     <span class='ocr_line' id='line_1_13' title="bbox 238 1890 1893 1979; baseline 0 -23"><span class='ocrx_word' id='word_1_120' title='bbox 238 1890 398 1978; x_wconf 90' lang='lat' dir='ltr'>siquidem</span> <span class='ocrx_word' id='word_1_121' title='bbox 428 1902 622 1979; x_wconf 87' lang='lat' dir='ltr'>potestatem</span> <span class='ocrx_word' id='word_1_122' title='bbox 647 1903 797 1972; x_wconf 87' lang='lat' dir='ltr'>vestram,</span> <span class='ocrx_word' id='word_1_123' title='bbox 828 1894 1052 1958; x_wconf 90' lang='lat' dir='ltr'>auctoritatem</span> <span class='ocrx_word' id='word_1_124' title='bbox 1084 1892 1173 1958; x_wconf 87' lang='lat' dir='ltr'>sedis</span> <span class='ocrx_word' id='word_1_125' title='bbox 1202 1902 1236 1957; x_wconf 92' lang='lat' dir='ltr'>et</span> <span class='ocrx_word' id='word_1_126' title='bbox 1267 1893 1453 1958; x_wconf 87' lang='lat' dir='ltr'>testimonia</span> <span class='ocrx_word' id='word_1_127' title='bbox 1475 1893 1631 1957; x_wconf 88' lang='lat' dir='ltr'>veritatis.</span> <span class='ocrx_word' id='word_1_128' title='bbox 1679 1891 1763 1956; x_wconf 80' lang='lat' dir='ltr'>Cum</span> <span class='ocrx_word' id='word_1_129' title='bbox 1792 1893 1893 1978; x_wconf 91' lang='lat' dir='ltr'>igitur</span> 
     </span>
     <span class='ocr_line' id='line_1_14' title="bbox 238 1998 1893 2087; baseline 0 -23"><span class='ocrx_word' id='word_1_130' title='bbox 238 2021 259 2064; x_wconf 87' lang='lat' dir='ltr'>a</span> <span class='ocrx_word' id='word_1_131' title='bbox 280 2011 390 2064; x_wconf 87' lang='lat' dir='ltr'>vestra</span> <span class='ocrx_word' id='word_1_132' title='bbox 413 2009 527 2065; x_wconf 88' lang='lat' dir='ltr'>sancta</span> <span class='ocrx_word' id='word_1_133' title='bbox 551 2000 724 2065; x_wconf 88' lang='lat' dir='ltr'>devotione</span> <span class='ocrx_word' id='word_1_134' title='bbox 748 2001 795 2064; x_wconf 93' lang='lat' dir='ltr'>ita</span> <span class='ocrx_word' id='word_1_135' title='bbox 817 2012 952 2087; x_wconf 90' lang='lat' dir='ltr'>peracta</span> <span class='ocrx_word' id='word_1_136' title='bbox 974 1999 1106 2082; x_wconf 90' lang='lat' dir='ltr'>fuerint,</span> <span class='ocrx_word' id='word_1_137' title='bbox 1137 2000 1224 2080; x_wconf 91' lang='lat' dir='ltr'>licet,</span> <span class='ocrx_word' id='word_1_138' title='bbox 1256 1999 1344 2085; x_wconf 89' lang='lat' dir='ltr'>quod</span> <span class='ocrx_word' id='word_1_139' title='bbox 1367 2022 1431 2063; x_wconf 92' lang='lat' dir='ltr'>non</span> <span class='ocrx_word' id='word_1_140' title='bbox 1455 2010 1615 2086; x_wconf 91' lang='lat' dir='ltr'>optamus,</span> <span class='ocrx_word' id='word_1_141' title='bbox 1646 2000 1680 2062; x_wconf 90' lang='lat' dir='ltr'>in</span> <span class='ocrx_word' id='word_1_142' title='bbox 1704 1998 1812 2085; x_wconf 91' lang='lat' dir='ltr'>aliquo</span> <span class='ocrx_word' id='word_1_143' title='bbox 1837 2011 1893 2064; x_wconf 88' lang='lat' dir='ltr'>aut</span> 
     </span>
     <span class='ocr_line' id='line_1_15' title="bbox 238 2103 1893 2192; baseline 0 -23"><span class='ocrx_word' id='word_1_144' title='bbox 238 2106 291 2171; x_wconf 88' lang='lat' dir='ltr'>isti</span> <span class='ocrx_word' id='word_1_145' title='bbox 321 2119 377 2171; x_wconf 91' lang='lat' dir='ltr'>aut</span> <span class='ocrx_word' id='word_1_146' title='bbox 406 2105 453 2170; x_wconf 93' lang='lat' dir='ltr'>illi</span> <span class='ocrx_word' id='word_1_147' title='bbox 484 2105 618 2171; x_wconf 87' lang='lat' dir='ltr'>deviare</span> <span class='ocrx_word' id='word_1_148' title='bbox 648 2106 811 2171; x_wconf 82' lang='lat' dir='ltr'>voluerint</span> <span class='ocrx_word' id='word_1_149' title='bbox 842 2117 874 2171; x_wconf 90' lang='lat' dir='ltr'>et</span> <span class='ocrx_word' id='word_1_150' title='bbox 904 2117 1048 2171; x_wconf 88' lang='lat' dir='ltr'>vestram</span> <span class='ocrx_word' id='word_1_151' title='bbox 1077 2104 1325 2171; x_wconf 90' lang='lat' dir='ltr'>saluberrimam</span> <span class='ocrx_word' id='word_1_152' title='bbox 1356 2103 1620 2186; x_wconf 86' lang='lat' dir='ltr'>admonitionem,</span> <span class='ocrx_word' id='word_1_153' title='bbox 1651 2128 1736 2192; x_wconf 91' lang='lat' dir='ltr'>quae</span> <span class='ocrx_word' id='word_1_154' title='bbox 1759 2116 1828 2170; x_wconf 90' lang='lat' dir='ltr'>tota</span> <span class='ocrx_word' id='word_1_155' title='bbox 1850 2128 1893 2169; x_wconf 87' lang='lat' dir='ltr'>ex</span> 
     </span>
    </p>

    <p class='ocr_par' dir='ltr' id='par_1_6' title="bbox 195 2210 2034 2492">
     <span class='ocr_line' id='line_1_16' title="bbox 195 2210 1892 2300; baseline 0.001 -26"><span class='ocrx_word' id='word_1_156' title='bbox 195 2236 220 2274; x_wconf 83' lang='lat' dir='ltr'>rs</span> <span class='ocrx_word' id='word_1_157' title='bbox 238 2214 431 2278; x_wconf 89' lang='lat' dir='ltr'>auctoritate</span> <span class='ocrx_word' id='word_1_158' title='bbox 454 2214 601 2279; x_wconf 84' lang='lat' dir='ltr'>veritatis</span> <span class='ocrx_word' id='word_1_159' title='bbox 624 2214 797 2300; x_wconf 89' lang='lat' dir='ltr'>profertur,</span> <span class='ocrx_word' id='word_1_160' title='bbox 821 2213 934 2278; x_wconf 91' lang='lat' dir='ltr'>audire</span> <span class='ocrx_word' id='word_1_161' title='bbox 959 2214 1223 2299; x_wconf 89' lang='lat' dir='ltr'>contempserint,</span> <span class='ocrx_word' id='word_1_162' title='bbox 1247 2235 1313 2276; x_wconf 90' lang='lat' dir='ltr'>uon</span> <span class='ocrx_word' id='word_1_163' title='bbox 1336 2213 1442 2276; x_wconf 90' lang='lat' dir='ltr'>minor</span> <span class='ocrx_word' id='word_1_164' title='bbox 1465 2210 1507 2278; x_wconf 92' lang='lat' dir='ltr'>ob</span> <span class='ocrx_word' id='word_1_165' title='bbox 1531 2210 1566 2276; x_wconf 92' lang='lat' dir='ltr'>id</span> <span class='ocrx_word' id='word_1_166' title='bbox 1589 2210 1683 2276; x_wconf 87' lang='lat' dir='ltr'>vobis</span> <span class='ocrx_word' id='word_1_167' title='bbox 1706 2234 1726 2277; x_wconf 92' lang='lat' dir='ltr'>a</span> <span class='ocrx_word' id='word_1_168' title='bbox 1749 2212 1892 2277; x_wconf 94' lang='lat' dir='ltr'>Domino</span> 
     </span>
     <span class='ocr_line' id='line_1_17' title="bbox 238 2317 2034 2428; baseline 0.001 -45"><span class='ocrx_word' id='word_1_169' title='bbox 238 2321 486 2406; x_wconf 79' lang='lat' dir='ltr'>reconpensatio</span> <span class='ocrx_word' id='word_1_170' title='bbox 516 2320 582 2402; x_wconf 90' lang='lat' dir='ltr'>fiet,</span> <span class='ocrx_word' id='word_1_171' title='bbox 613 2321 691 2407; x_wconf 91' lang='lat' dir='ltr'>quia</span> <span class='ocrx_word' id='word_1_172' title='bbox 721 2331 823 2384; x_wconf 93' lang='lat' dir='ltr'>totum</span> <span class='ocrx_word' id='word_1_173' title='bbox 853 2320 1032 2385; x_wconf 91' lang='lat' dir='ltr'>secundum</span> <span class='ocrx_word' id='word_1_174' title='bbox 1056 2319 1159 2384; x_wconf 79' lang='lat' dir='ltr'>rerba</span> <span class='ocrx_word' id='word_1_175' title='bbox 1182 2318 1272 2384; x_wconf 91' lang='lat' dir='ltr'>beati</span> <span class='ocrx_word' id='word_1_176' title='bbox 1295 2317 1412 2385; x_wconf 79' lang='lat' dir='ltr'>Heliae</span> <span class='ocrx_word' id='word_1_177' title='bbox 1435 2319 1613 2406; x_wconf 90' lang='lat' dir='ltr'>prophetae</span> <span class='ocrx_word' id='word_1_178' title='bbox 1638 2317 1725 2406; x_wconf 92' lang='lat' dir='ltr'>quod</span> <span class='ocrx_word' id='word_1_179' title='bbox 1749 2329 1892 2384; x_wconf 83' lang='lat' dir='ltr'>vestrum</span> <span class='ocrx_word' id='word_1_180' title='bbox 1910 2333 2034 2428; x_wconf 60' lang='lat' dir='ltr'>“illi“</span> 
     </span>
     <span class='ocr_line' id='line_1_18' title="bbox 237 2417 2015 2492; baseline 0.002 -2"><span class='ocrx_word' id='word_1_181' title='bbox 237 2425 298 2490; x_wconf 87' lang='lat' dir='ltr'>fuit</span> <span class='ocrx_word' id='word_1_182' title='bbox 320 2426 428 2490; x_wconf 91' lang='lat' dir='ltr'>facere</span> <span class='ocrx_word' id='word_1_183' title='bbox 453 2427 631 2492; x_wconf 88' lang='lat' dir='ltr'>studuistis.</span> <span class='ocrx_word' id='word_1_184' title='bbox 1966 2417 1972 2438; x_wconf 85' lang='lat'><em>&#39;</em></span> <span class='ocrx_word' id='word_1_185' title='bbox 2009 2419 2015 2431; x_wconf 74' lang='lat'><em>&#39;</em></span> 
     </span>
    </p>

    <p class='ocr_par' dir='ltr' id='par_1_7' title="bbox 238 2531 1894 2726">
     <span class='ocr_line' id='line_1_19' title="bbox 345 2531 1892 2621; baseline 0.001 -25"><span class='ocrx_word' id='word_1_186' title='bbox 345 2531 412 2596; x_wconf 84' lang='lat' dir='ltr'>Nos</span> <span class='ocrx_word' id='word_1_187' title='bbox 436 2531 578 2620; x_wconf 89' lang='lat' dir='ltr'>denique</span> <span class='ocrx_word' id='word_1_188' title='bbox 603 2534 690 2597; x_wconf 85' lang='lat' dir='ltr'>servi</span> <span class='ocrx_word' id='word_1_189' title='bbox 712 2533 824 2614; x_wconf 87' lang='lat' dir='ltr'>vestri,</span> <span class='ocrx_word' id='word_1_190' title='bbox 849 2534 934 2597; x_wconf 89' lang='lat' dir='ltr'>sicut</span> <span class='ocrx_word' id='word_1_191' title='bbox 956 2535 1104 2620; x_wconf 89' lang='lat' dir='ltr'>superius</span> <span class='ocrx_word' id='word_1_192' title='bbox 1127 2534 1343 2621; x_wconf 88' lang='lat' dir='ltr'>praemissum</span> <span class='ocrx_word' id='word_1_193' title='bbox 1374 2543 1433 2614; x_wconf 90' lang='lat' dir='ltr'>est,</span> <span class='ocrx_word' id='word_1_194' title='bbox 1465 2533 1499 2596; x_wconf 94' lang='lat' dir='ltr'>in</span> <span class='ocrx_word' id='word_1_195' title='bbox 1528 2555 1629 2597; x_wconf 89' lang='lat' dir='ltr'>unum</span> <span class='ocrx_word' id='word_1_196' title='bbox 1660 2534 1892 2598; x_wconf 87' lang='lat' dir='ltr'>convenientes</span> 
     </span>
     <span class='ocr_line' id='line_1_20' title="bbox 238 2637 1894 2726; baseline 0.001 -23"><span class='ocrx_word' id='word_1_197' title='bbox 238 2651 271 2703; x_wconf 92' lang='lat' dir='ltr'>et</span> <span class='ocrx_word' id='word_1_198' title='bbox 294 2637 335 2703; x_wconf 91' lang='lat' dir='ltr'>de</span> <span class='ocrx_word' id='word_1_199' title='bbox 358 2638 453 2703; x_wconf 91' lang='lat' dir='ltr'>nobis</span> <span class='ocrx_word' id='word_1_200' title='bbox 476 2640 629 2706; x_wconf 90' lang='lat' dir='ltr'>iniunctis</span> <span class='ocrx_word' id='word_1_201' title='bbox 653 2662 712 2726; x_wconf 91' lang='lat' dir='ltr'>pro</span> <span class='ocrx_word' id='word_1_202' title='bbox 736 2651 834 2726; x_wconf 90' lang='lat' dir='ltr'>captu</span> <span class='ocrx_word' id='word_1_203' title='bbox 857 2639 1090 2725; x_wconf 87' lang='lat' dir='ltr'>intelligentiae</span> <span class='ocrx_word' id='word_1_204' title='bbox 1114 2651 1245 2705; x_wconf 89' lang='lat' dir='ltr'>nostrae</span> <span class='ocrx_word' id='word_1_205' title='bbox 1268 2638 1471 2704; x_wconf 78' lang='lat' dir='ltr'>familiariter</span> <span class='ocrx_word' id='word_1_206' title='bbox 1486 2639 1691 2704; x_wconf 84' lang='lat' dir='ltr'>conferentes</span> <span class='ocrx_word' id='word_1_207' title='bbox 1708 2641 1894 2705; x_wconf 84' lang='lat' dir='ltr'>testimonia</span> 
     </span>
    </p>

    <p class='ocr_par' dir='ltr' id='par_1_8' title="bbox 192 2746 1894 4434">
     <span class='ocr_line' id='line_1_21' title="bbox 192 2746 1894 2834; baseline 0.002 -25"><span class='ocrx_word' id='word_1_208' title='bbox 192 2769 219 2809; x_wconf 82' lang='lat' dir='ltr'>ao</span> <span class='ocrx_word' id='word_1_209' title='bbox 238 2768 281 2809; x_wconf 86' lang='lat' dir='ltr'>ex</span> <span class='ocrx_word' id='word_1_210' title='bbox 304 2746 496 2810; x_wconf 87' lang='lat' dir='ltr'>auctoritate</span> <span class='ocrx_word' id='word_1_211' title='bbox 521 2746 632 2810; x_wconf 90' lang='lat' dir='ltr'>divina</span> <span class='ocrx_word' id='word_1_212' title='bbox 662 2757 695 2811; x_wconf 90' lang='lat' dir='ltr'>et</span> <span class='ocrx_word' id='word_1_213' title='bbox 725 2747 903 2811; x_wconf 88' lang='lat' dir='ltr'>sententias</span> <span class='ocrx_word' id='word_1_214' title='bbox 933 2758 1119 2811; x_wconf 89' lang='lat' dir='ltr'>sanctorum</span> <span class='ocrx_word' id='word_1_215' title='bbox 1149 2759 1289 2834; x_wconf 84' lang='lat' dir='ltr'>patrum,</span> <span class='ocrx_word' id='word_1_216' title='bbox 1320 2769 1402 2833; x_wconf 90' lang='lat' dir='ltr'>quas</span> <span class='ocrx_word' id='word_1_217' title='bbox 1431 2757 1529 2832; x_wconf 88' lang='lat' dir='ltr'>prout</span> <span class='ocrx_word' id='word_1_218' title='bbox 1558 2748 1712 2833; x_wconf 84' lang='lat' dir='ltr'>temporis</span> <span class='ocrx_word' id='word_1_219' title='bbox 1741 2749 1894 2832; x_wconf 90' lang='lat' dir='ltr'>angustia</span> 
     </span>
     <span class='ocr_line' id='line_1_22' title="bbox 237 2851 1892 2940; baseline 0.001 -24"><span class='ocrx_word' id='word_1_220' title='bbox 237 2852 394 2939; x_wconf 91' lang='lat' dir='ltr'>permisit,</span> <span class='ocrx_word' id='word_1_221' title='bbox 419 2851 609 2938; x_wconf 81' lang='lat' dir='ltr'>collegimus</span> <span class='ocrx_word' id='word_1_222' title='bbox 640 2864 673 2917; x_wconf 91' lang='lat' dir='ltr'>et</span> <span class='ocrx_word' id='word_1_223' title='bbox 703 2875 812 2918; x_wconf 92' lang='lat' dir='ltr'>coram</span> <span class='ocrx_word' id='word_1_224' title='bbox 843 2851 938 2918; x_wconf 90' lang='lat' dir='ltr'>nobis</span> <span class='ocrx_word' id='word_1_225' title='bbox 968 2852 1034 2939; x_wconf 91' lang='lat' dir='ltr'>legi</span> <span class='ocrx_word' id='word_1_226' title='bbox 1063 2854 1201 2918; x_wconf 83' lang='lat' dir='ltr'>fecimus</span> <span class='ocrx_word' id='word_1_227' title='bbox 1231 2863 1264 2916; x_wconf 92' lang='lat' dir='ltr'>et</span> <span class='ocrx_word' id='word_1_228' title='bbox 1294 2852 1451 2940; x_wconf 93' lang='lat' dir='ltr'>quicquid</span> <span class='ocrx_word' id='word_1_229' title='bbox 1474 2854 1509 2917; x_wconf 94' lang='lat' dir='ltr'>in</span> <span class='ocrx_word' id='word_1_230' title='bbox 1531 2852 1582 2917; x_wconf 88' lang='lat' dir='ltr'>his</span> <span class='ocrx_word' id='word_1_231' title='bbox 1606 2851 1647 2917; x_wconf 94' lang='lat' dir='ltr'>de</span> <span class='ocrx_word' id='word_1_232' title='bbox 1678 2855 1819 2940; x_wconf 92' lang='lat' dir='ltr'>negotio,</span> <span class='ocrx_word' id='word_1_233' title='bbox 1851 2854 1892 2918; x_wconf 92' lang='lat' dir='ltr'>de</span> 
     </span>
     <span class='ocr_line' id='line_1_23' title="bbox 238 2959 1893 3047; baseline 0.001 -24"><span class='ocrx_word' id='word_1_234' title='bbox 238 2981 302 3045; x_wconf 92' lang='lat' dir='ltr'>quo</span> <span class='ocrx_word' id='word_1_235' title='bbox 338 2960 462 3044; x_wconf 89' lang='lat' dir='ltr'>agitur,</span> <span class='ocrx_word' id='word_1_236' title='bbox 501 2960 724 3024; x_wconf 88' lang='lat' dir='ltr'>necessarium</span> <span class='ocrx_word' id='word_1_237' title='bbox 758 2971 936 3047; x_wconf 87' lang='lat' dir='ltr'>aptumque</span> <span class='ocrx_word' id='word_1_238' title='bbox 971 2959 1189 3026; x_wconf 80' lang='lat' dir='ltr'>iudicavimus</span> <span class='ocrx_word' id='word_1_239' title='bbox 1222 2969 1257 3023; x_wconf 90' lang='lat' dir='ltr'>et</span> <span class='ocrx_word' id='word_1_240' title='bbox 1291 2959 1326 3022; x_wconf 92' lang='lat' dir='ltr'>in</span> <span class='ocrx_word' id='word_1_241' title='bbox 1359 2982 1459 3023; x_wconf 91' lang='lat' dir='ltr'>uuum</span> <span class='ocrx_word' id='word_1_242' title='bbox 1494 2982 1672 3045; x_wconf 83' lang='lat' dir='ltr'>congerere</span> <span class='ocrx_word' id='word_1_243' title='bbox 1711 2960 1893 3025; x_wconf 91' lang='lat' dir='ltr'>studuimus</span> 
     </span>
     <span class='ocr_line' id='line_1_24' title="bbox 238 3065 1892 3153; baseline 0.001 -24"><span class='ocrx_word' id='word_1_244' title='bbox 238 3076 433 3152; x_wconf 73' lang='lat' dir='ltr'>rosnaeque</span> <span class='ocrx_word' id='word_1_245' title='bbox 458 3066 619 3153; x_wconf 87' lang='lat' dir='ltr'>imperiali</span> <span class='ocrx_word' id='word_1_246' title='bbox 642 3067 808 3153; x_wconf 91' lang='lat' dir='ltr'>potentiae</span> <span class='ocrx_word' id='word_1_247' title='bbox 832 3088 892 3153; x_wconf 94' lang='lat' dir='ltr'>per</span> <span class='ocrx_word' id='word_1_248' title='bbox 914 3065 1119 3131; x_wconf 87' lang='lat' dir='ltr'>venerabiles</span> <span class='ocrx_word' id='word_1_249' title='bbox 1143 3066 1231 3130; x_wconf 84' lang='lat' dir='ltr'>viros</span> <span class='ocrx_word' id='word_1_250' title='bbox 1255 3065 1496 3151; x_wconf 86' lang='lat' dir='ltr'>Halitgarium¹</span> <span class='ocrx_word' id='word_1_251' title='bbox 1520 3078 1553 3132; x_wconf 90' lang='lat' dir='ltr'>et</span> <span class='ocrx_word' id='word_1_252' title='bbox 1567 3066 1792 3132; x_wconf 76' lang='lat' dir='ltr'>Amalarium²</span> <span class='ocrx_word' id='word_1_253' title='bbox 1816 3067 1892 3131; x_wconf 92' lang='lat' dir='ltr'>diri-</span> 
     </span>
     <span class='ocr_line' id='line_1_25' title="bbox 238 3171 1894 3260; baseline 0.002 -24"><span class='ocrx_word' id='word_1_254' title='bbox 238 3195 316 3258; x_wconf 90' lang='lat' dir='ltr'>gere</span> <span class='ocrx_word' id='word_1_255' title='bbox 339 3173 627 3260; x_wconf 86' lang='lat' dir='ltr'>praesumpsimus,</span> <span class='ocrx_word' id='word_1_256' title='bbox 658 3184 694 3238; x_wconf 92' lang='lat' dir='ltr'>ut</span> <span class='ocrx_word' id='word_1_257' title='bbox 723 3172 878 3238; x_wconf 83' lang='lat' dir='ltr'>videlicet</span> <span class='ocrx_word' id='word_1_258' title='bbox 899 3183 1011 3238; x_wconf 88' lang='lat' dir='ltr'>vestra</span> <span class='ocrx_word' id='word_1_259' title='bbox 1033 3196 1054 3237; x_wconf 88' lang='lat' dir='ltr'>a</span> <span class='ocrx_word' id='word_1_260' title='bbox 1076 3172 1150 3238; x_wconf 92' lang='lat' dir='ltr'>Deo</span> <span class='ocrx_word' id='word_1_261' title='bbox 1181 3172 1275 3238; x_wconf 88' lang='lat' dir='ltr'>vobis</span> <span class='ocrx_word' id='word_1_262' title='bbox 1306 3171 1436 3238; x_wconf 92' lang='lat' dir='ltr'>conlata</span> <span class='ocrx_word' id='word_1_263' title='bbox 1464 3174 1625 3259; x_wconf 90' lang='lat' dir='ltr'>sapientia</span> <span class='ocrx_word' id='word_1_264' title='bbox 1654 3196 1696 3239; x_wconf 83' lang='lat' dir='ltr'>ex</span> <span class='ocrx_word' id='word_1_265' title='bbox 1720 3173 1769 3238; x_wconf 91' lang='lat' dir='ltr'>his</span> <span class='ocrx_word' id='word_1_266' title='bbox 1794 3174 1894 3260; x_wconf 90' lang='lat' dir='ltr'>eligat</span> 
     </span>
     <span class='ocr_line' id='line_1_26' title="bbox 193 3278 1892 3367; baseline 0.001 -22"><span class='ocrx_word' id='word_1_267' title='bbox 193 3304 220 3345; x_wconf 81' lang='lat' dir='ltr'>ss</span> <span class='ocrx_word' id='word_1_268' title='bbox 238 3279 395 3366; x_wconf 88' lang='lat' dir='ltr'>quicquid</span> <span class='ocrx_word' id='word_1_269' title='bbox 419 3281 640 3344; x_wconf 89' lang='lat' dir='ltr'>necessarium</span> <span class='ocrx_word' id='word_1_270' title='bbox 664 3279 865 3367; x_wconf 88' lang='lat' dir='ltr'>dignumque</span> <span class='ocrx_word' id='word_1_271' title='bbox 890 3280 932 3345; x_wconf 88' lang='lat' dir='ltr'>ad</span> <span class='ocrx_word' id='word_1_272' title='bbox 956 3279 1042 3345; x_wconf 91' lang='lat' dir='ltr'>idem</span> <span class='ocrx_word' id='word_1_273' title='bbox 1066 3281 1232 3366; x_wconf 86' lang='lat' dir='ltr'>negotium</span> <span class='ocrx_word' id='word_1_274' title='bbox 1249 3282 1415 3366; x_wconf 88' lang='lat' dir='ltr'>pertinens</span> <span class='ocrx_word' id='word_1_275' title='bbox 1432 3279 1636 3345; x_wconf 84' lang='lat' dir='ltr'>iudicaverit.</span> <span class='ocrx_word' id='word_1_276' title='bbox 1673 3278 1892 3346; x_wconf 88' lang='lat' dir='ltr'>Obsecramus</span> 
     </span>
     <span class='ocr_line' id='line_1_27' title="bbox 238 3385 1894 3475; baseline 0.002 -26"><span class='ocrx_word' id='word_1_277' title='bbox 238 3386 348 3472; x_wconf 91' lang='lat' dir='ltr'>itaque</span> <span class='ocrx_word' id='word_1_278' title='bbox 372 3385 537 3450; x_wconf 90' lang='lat' dir='ltr'>humiliter</span> <span class='ocrx_word' id='word_1_279' title='bbox 560 3385 873 3451; x_wconf 85' lang='lat' dir='ltr'>abundantissimam</span> <span class='ocrx_word' id='word_1_280' title='bbox 896 3388 1052 3473; x_wconf 90' lang='lat' dir='ltr'>pietatem</span> <span class='ocrx_word' id='word_1_281' title='bbox 1075 3399 1228 3468; x_wconf 89' lang='lat' dir='ltr'>vestram,</span> <span class='ocrx_word' id='word_1_282' title='bbox 1260 3397 1295 3451; x_wconf 91' lang='lat' dir='ltr'>ut</span> <span class='ocrx_word' id='word_1_283' title='bbox 1323 3410 1388 3451; x_wconf 92' lang='lat' dir='ltr'>non</span> <span class='ocrx_word' id='word_1_284' title='bbox 1411 3386 1505 3452; x_wconf 89' lang='lat' dir='ltr'>nobis</span> <span class='ocrx_word' id='word_1_285' title='bbox 1530 3386 1713 3453; x_wconf 88' lang='lat' dir='ltr'>ascribatur</span> <span class='ocrx_word' id='word_1_286' title='bbox 1736 3388 1894 3475; x_wconf 91' lang='lat' dir='ltr'>quicquid</span> 
     </span>
     <span class='ocr_line' id='line_1_28' title="bbox 238 3490 1892 3582; baseline 0.001 -26"><span class='ocrx_word' id='word_1_287' title='bbox 238 3490 284 3556; x_wconf 93' lang='lat' dir='ltr'>ibi</span> <span class='ocrx_word' id='word_1_288' title='bbox 308 3494 413 3557; x_wconf 87' lang='lat' dir='ltr'>minus</span> <span class='ocrx_word' id='word_1_289' title='bbox 437 3504 493 3556; x_wconf 92' lang='lat' dir='ltr'>aut</span> <span class='ocrx_word' id='word_1_290' title='bbox 516 3493 672 3557; x_wconf 89' lang='lat' dir='ltr'>indecens</span> <span class='ocrx_word' id='word_1_291' title='bbox 696 3494 863 3557; x_wconf 88' lang='lat' dir='ltr'>inventurn</span> <span class='ocrx_word' id='word_1_292' title='bbox 888 3493 996 3558; x_wconf 90' lang='lat' dir='ltr'>fuerit.</span> <span class='ocrx_word' id='word_1_293' title='bbox 1035 3493 1123 3558; x_wconf 88' lang='lat' dir='ltr'>Vere</span> <span class='ocrx_word' id='word_1_294' title='bbox 1148 3494 1234 3558; x_wconf 91' lang='lat' dir='ltr'>enim</span> <span class='ocrx_word' id='word_1_295' title='bbox 1266 3494 1416 3575; x_wconf 90' lang='lat' dir='ltr'>fatemur,</span> <span class='ocrx_word' id='word_1_296' title='bbox 1447 3496 1526 3581; x_wconf 91' lang='lat' dir='ltr'>quia</span> <span class='ocrx_word' id='word_1_297' title='bbox 1555 3496 1707 3580; x_wconf 91' lang='lat' dir='ltr'>angustia</span> <span class='ocrx_word' id='word_1_298' title='bbox 1737 3497 1892 3582; x_wconf 90' lang='lat' dir='ltr'>temporis</span> 
     </span>
     <span class='ocr_line' id='line_1_29' title="bbox 238 3598 1891 3687; baseline 0.002 -25"><span class='ocrx_word' id='word_1_299' title='bbox 238 3598 471 3685; x_wconf 90' lang='lat' dir='ltr'>praepediente</span> <span class='ocrx_word' id='word_1_300' title='bbox 495 3622 556 3664; x_wconf 91' lang='lat' dir='ltr'>nec</span> <span class='ocrx_word' id='word_1_301' title='bbox 580 3611 702 3686; x_wconf 88' lang='lat' dir='ltr'>quanta</span> <span class='ocrx_word' id='word_1_302' title='bbox 726 3599 886 3665; x_wconf 87' lang='lat' dir='ltr'>voluimus</span> <span class='ocrx_word' id='word_1_303' title='bbox 910 3623 971 3664; x_wconf 91' lang='lat' dir='ltr'>nec</span> <span class='ocrx_word' id='word_1_304' title='bbox 996 3611 1119 3686; x_wconf 86' lang='lat' dir='ltr'>quanta</span> <span class='ocrx_word' id='word_1_305' title='bbox 1141 3601 1306 3687; x_wconf 89' lang='lat' dir='ltr'>potuimus</span> <span class='ocrx_word' id='word_1_306' title='bbox 1330 3599 1530 3686; x_wconf 88' lang='lat' dir='ltr'>collegimus,</span> <span class='ocrx_word' id='word_1_307' title='bbox 1555 3601 1614 3666; x_wconf 92' lang='lat' dir='ltr'>sed</span> <span class='ocrx_word' id='word_1_308' title='bbox 1631 3613 1756 3667; x_wconf 88' lang='lat' dir='ltr'>tantum</span> <span class='ocrx_word' id='word_1_309' title='bbox 1773 3603 1891 3667; x_wconf 87' lang='lat' dir='ltr'>vestris</span> 
     </span>
     <span class='ocr_line' id='line_1_30' title="bbox 238 3704 1893 3796; baseline 0.002 -26"><span class='ocrx_word' id='word_1_310' title='bbox 238 3705 341 3770; x_wconf 90' lang='lat' dir='ltr'>sacris</span> <span class='ocrx_word' id='word_1_311' title='bbox 365 3704 573 3787; x_wconf 88' lang='lat' dir='ltr'>iussionibus,</span> <span class='ocrx_word' id='word_1_312' title='bbox 604 3716 640 3771; x_wconf 91' lang='lat' dir='ltr'>ut</span> <span class='ocrx_word' id='word_1_313' title='bbox 671 3706 766 3770; x_wconf 92' lang='lat' dir='ltr'>decet</span> <span class='ocrx_word' id='word_1_314' title='bbox 790 3718 823 3771; x_wconf 89' lang='lat' dir='ltr'>et</span> <span class='ocrx_word' id='word_1_315' title='bbox 846 3717 983 3793; x_wconf 81' lang='lat' dir='ltr'>oportet,</span> <span class='ocrx_word' id='word_1_316' title='bbox 1015 3709 1090 3772; x_wconf 89' lang='lat' dir='ltr'>totis</span> <span class='ocrx_word' id='word_1_317' title='bbox 1121 3706 1247 3773; x_wconf 87' lang='lat' dir='ltr'>nisibus</span> <span class='ocrx_word' id='word_1_318' title='bbox 1276 3730 1393 3795; x_wconf 89' lang='lat' dir='ltr'>parere</span> <span class='ocrx_word' id='word_1_319' title='bbox 1425 3709 1593 3795; x_wconf 87' lang='lat' dir='ltr'>cupientes</span> <span class='ocrx_word' id='word_1_320' title='bbox 1624 3731 1708 3795; x_wconf 91' lang='lat' dir='ltr'>quae</span> <span class='ocrx_word' id='word_1_321' title='bbox 1731 3732 1834 3796; x_wconf 88' lang='lat' dir='ltr'>parvo</span> <span class='ocrx_word' id='word_1_322' title='bbox 1858 3710 1893 3774; x_wconf 92' lang='lat' dir='ltr'>in</span> 
     </span>
     <span class='ocr_line' id='line_1_31' title="bbox 193 3812 1892 3903; baseline 0.001 -25"><span class='ocrx_word' id='word_1_323' title='bbox 193 3840 221 3879; x_wconf 88' lang='lat' dir='ltr'>so</span> <span class='ocrx_word' id='word_1_324' title='bbox 239 3826 384 3900; x_wconf 91' lang='lat' dir='ltr'>tempore</span> <span class='ocrx_word' id='word_1_325' title='bbox 409 3812 451 3876; x_wconf 89' lang='lat' dir='ltr'>ad</span> <span class='ocrx_word' id='word_1_326' title='bbox 474 3835 589 3877; x_wconf 91' lang='lat' dir='ltr'>manus</span> <span class='ocrx_word' id='word_1_327' title='bbox 612 3812 707 3878; x_wconf 89' lang='lat' dir='ltr'>nobis</span> <span class='ocrx_word' id='word_1_328' title='bbox 731 3836 902 3878; x_wconf 86' lang='lat' dir='ltr'>occurrere</span> <span class='ocrx_word' id='word_1_329' title='bbox 926 3823 1103 3900; x_wconf 91' lang='lat' dir='ltr'>potuerunt</span> <span class='ocrx_word' id='word_1_330' title='bbox 1125 3812 1298 3878; x_wconf 87' lang='lat' dir='ltr'>breviatim</span> <span class='ocrx_word' id='word_1_331' title='bbox 1322 3813 1512 3900; x_wconf 86' lang='lat' dir='ltr'>collegimus</span> <span class='ocrx_word' id='word_1_332' title='bbox 1536 3827 1569 3879; x_wconf 91' lang='lat' dir='ltr'>et</span> <span class='ocrx_word' id='word_1_333' title='bbox 1590 3814 1665 3880; x_wconf 90' lang='lat' dir='ltr'>huic</span> <span class='ocrx_word' id='word_1_334' title='bbox 1681 3816 1772 3901; x_wconf 88' lang='lat' dir='ltr'>operi</span> <span class='ocrx_word' id='word_1_335' title='bbox 1789 3839 1892 3903; x_wconf 89' lang='lat' dir='ltr'>usque</span> 
     </span>
     <span class='ocr_line' id='line_1_32' title="bbox 239 3918 1892 4009; baseline 0.002 -26"><span class='ocrx_word' id='word_1_336' title='bbox 239 3918 282 3984; x_wconf 91' lang='lat' dir='ltr'>ad</span> <span class='ocrx_word' id='word_1_337' title='bbox 305 3930 446 3983; x_wconf 89' lang='lat' dir='ltr'>vestram</span> <span class='ocrx_word' id='word_1_338' title='bbox 471 3920 716 4004; x_wconf 89' lang='lat' dir='ltr'>sagacissimam</span> <span class='ocrx_word' id='word_1_339' title='bbox 740 3921 1016 3986; x_wconf 85' lang='lat' dir='ltr'>examinationem</span> <span class='ocrx_word' id='word_1_340' title='bbox 1040 3922 1245 3986; x_wconf 88' lang='lat' dir='ltr'>inseruimus.</span> <span class='ocrx_word' id='word_1_341' title='bbox 1281 3921 1366 3985; x_wconf 88' lang='lat' dir='ltr'>Nam</span> <span class='ocrx_word' id='word_1_342' title='bbox 1391 3921 1522 4007; x_wconf 90' lang='lat' dir='ltr'>quidam</span> <span class='ocrx_word' id='word_1_343' title='bbox 1539 3933 1721 3986; x_wconf 92' lang='lat' dir='ltr'>nostrorum</span> <span class='ocrx_word' id='word_1_344' title='bbox 1738 3920 1779 3986; x_wconf 92' lang='lat' dir='ltr'>de</span> <span class='ocrx_word' id='word_1_345' title='bbox 1795 3922 1892 4009; x_wconf 90' lang='lat' dir='ltr'>longe</span> 
     </span>
     <span class='ocr_line' id='line_1_33' title="bbox 238 4025 1893 4117; baseline 0.002 -27"><span class='ocrx_word' id='word_1_346' title='bbox 238 4027 429 4091; x_wconf 67' lang='lat' dir='ltr'>venientcsss</span> <span class='ocrx_word' id='word_1_347' title='bbox 452 4048 517 4091; x_wconf 89' lang='lat' dir='ltr'>non</span> <span class='ocrx_word' id='word_1_348' title='bbox 541 4025 724 4092; x_wconf 89' lang='lat' dir='ltr'>habuerunt</span> <span class='ocrx_word' id='word_1_349' title='bbox 748 4028 887 4113; x_wconf 87' lang='lat' dir='ltr'>spatium</span> <span class='ocrx_word' id='word_1_350' title='bbox 912 4028 1067 4113; x_wconf 87' lang='lat' dir='ltr'>temporis</span> <span class='ocrx_word' id='word_1_351' title='bbox 1092 4027 1288 4113; x_wconf 86' lang='lat' dir='ltr'>quaerendi;</span> <span class='ocrx_word' id='word_1_352' title='bbox 1320 4027 1452 4113; x_wconf 90' lang='lat' dir='ltr'>quidam</span> <span class='ocrx_word' id='word_1_353' title='bbox 1477 4051 1555 4091; x_wconf 85' lang='lat' dir='ltr'>vero</span> <span class='ocrx_word' id='word_1_354' title='bbox 1579 4050 1640 4093; x_wconf 89' lang='lat' dir='ltr'>nec</span> <span class='ocrx_word' id='word_1_355' title='bbox 1665 4052 1809 4113; x_wconf 87' lang='lat' dir='ltr'>causum,</span> <span class='ocrx_word' id='word_1_356' title='bbox 1834 4054 1893 4117; x_wconf 93' lang='lat' dir='ltr'>pro</span> 
     </span>
     <span class='ocr_line' id='line_1_34' title="bbox 240 4131 1893 4221; baseline 0.002 -24"><span class='ocrx_word' id='word_1_357' title='bbox 240 4155 304 4219; x_wconf 92' lang='lat' dir='ltr'>qua</span> <span class='ocrx_word' id='word_1_358' title='bbox 345 4131 388 4197; x_wconf 88' lang='lat' dir='ltr'>ad</span> <span class='ocrx_word' id='word_1_359' title='bbox 429 4132 515 4198; x_wconf 90' lang='lat' dir='ltr'>hunc</span> <span class='ocrx_word' id='word_1_360' title='bbox 557 4145 753 4198; x_wconf 88' lang='lat' dir='ltr'>conventum</span> <span class='ocrx_word' id='word_1_361' title='bbox 788 4135 901 4197; x_wconf 85' lang='lat' dir='ltr'>venire</span> <span class='ocrx_word' id='word_1_362' title='bbox 937 4135 1016 4198; x_wconf 90' lang='lat' dir='ltr'>iussi</span> <span class='ocrx_word' id='word_1_363' title='bbox 1055 4146 1146 4214; x_wconf 90' lang='lat' dir='ltr'>sunt,</span> <span class='ocrx_word' id='word_1_364' title='bbox 1185 4133 1290 4198; x_wconf 91' lang='lat' dir='ltr'>donec</span> <span class='ocrx_word' id='word_1_365' title='bbox 1329 4147 1558 4221; x_wconf 84' lang='lat' dir='ltr'>pervenerunt,</span> <span class='ocrx_word' id='word_1_366' title='bbox 1597 4138 1759 4201; x_wconf 86' lang='lat' dir='ltr'>veraciter</span> <span class='ocrx_word' id='word_1_367' title='bbox 1797 4160 1893 4202; x_wconf 91' lang='lat' dir='ltr'>nosse</span> 
     </span>
     <span class='ocr_line' id='line_1_35' title="bbox 239 4239 1893 4327; baseline 0.002 -23"><span class='ocrx_word' id='word_1_368' title='bbox 239 4251 428 4326; x_wconf 78' lang='lat' dir='ltr'>potuerunt3</span> <span class='ocrx_word' id='word_1_369' title='bbox 461 4239 658 4306; x_wconf 78' lang='lat' dir='ltr'>Moduinus⁴</span> <span class='ocrx_word' id='word_1_370' title='bbox 680 4263 821 4326; x_wconf 89' lang='lat' dir='ltr'>namque</span> <span class='ocrx_word' id='word_1_371' title='bbox 845 4240 1043 4321; x_wconf 86' lang='lat' dir='ltr'>infirmitate,</span> <span class='ocrx_word' id='word_1_372' title='bbox 1074 4241 1108 4303; x_wconf 95' lang='lat' dir='ltr'>in</span> <span class='ocrx_word' id='word_1_373' title='bbox 1132 4263 1197 4327; x_wconf 92' lang='lat' dir='ltr'>qua</span> <span class='ocrx_word' id='word_1_374' title='bbox 1221 4240 1400 4305; x_wconf 87' lang='lat' dir='ltr'>diutissime</span> <span class='ocrx_word' id='word_1_375' title='bbox 1431 4239 1568 4324; x_wconf 89' lang='lat' dir='ltr'>laborat,</span> <span class='ocrx_word' id='word_1_376' title='bbox 1600 4242 1750 4308; x_wconf 83' lang='lat' dir='ltr'>detentus</span> <span class='ocrx_word' id='word_1_377' title='bbox 1781 4245 1893 4309; x_wconf 84' lang='lat' dir='ltr'>venire</span> 
     </span>
     <span class='ocr_line' id='line_1_36' title="bbox 193 4345 396 4434; baseline -0.01 -22"><span class='ocrx_word' id='word_1_378' title='bbox 193 4372 221 4412; x_wconf 85' lang='lat' dir='ltr'>as</span> <span class='ocrx_word' id='word_1_379' title='bbox 239 4345 396 4434; x_wconf 84' lang='lat' dir='ltr'>nequivit.</span> 
     </span>
    </p>

    <p class='ocr_par' dir='ltr' id='par_1_9' title="bbox 240 4451 1894 4865">
     <span class='ocr_line' id='line_1_37' title="bbox 347 4451 1892 4542; baseline 0.003 -24"><span class='ocrx_word' id='word_1_380' title='bbox 347 4451 417 4518; x_wconf 86' lang='lat' dir='ltr'>Scit</span> <span class='ocrx_word' id='word_1_381' title='bbox 438 4454 549 4540; x_wconf 89' lang='lat' dir='ltr'>itaque</span> <span class='ocrx_word' id='word_1_382' title='bbox 572 4455 759 4540; x_wconf 88' lang='lat' dir='ltr'>plenissime</span> <span class='ocrx_word' id='word_1_383' title='bbox 784 4453 980 4518; x_wconf 87' lang='lat' dir='ltr'>excellentia</span> <span class='ocrx_word' id='word_1_384' title='bbox 994 4467 1114 4536; x_wconf 80' lang='lat' dir='ltr'>restra,</span> <span class='ocrx_word' id='word_1_385' title='bbox 1139 4456 1216 4540; x_wconf 90' lang='lat' dir='ltr'>quia</span> <span class='ocrx_word' id='word_1_386' title='bbox 1240 4453 1328 4537; x_wconf 92' lang='lat' dir='ltr'>illud,</span> <span class='ocrx_word' id='word_1_387' title='bbox 1353 4454 1441 4542; x_wconf 92' lang='lat' dir='ltr'>quod</span> <span class='ocrx_word' id='word_1_388' title='bbox 1457 4479 1515 4542; x_wconf 90' lang='lat' dir='ltr'>per</span> <span class='ocrx_word' id='word_1_389' title='bbox 1531 4479 1643 4523; x_wconf 87' lang='lat' dir='ltr'>omnes</span> <span class='ocrx_word' id='word_1_390' title='bbox 1660 4458 1892 4523; x_wconf 87' lang='lat' dir='ltr'>catholicorum</span> 
     </span>
     <span class='ocr_line' id='line_1_38' title="bbox 240 4557 1892 4650; baseline 0.003 -27"><span class='ocrx_word' id='word_1_391' title='bbox 240 4557 340 4624; x_wconf 91' lang='lat' dir='ltr'>libros</span> <span class='ocrx_word' id='word_1_392' title='bbox 363 4559 513 4646; x_wconf 89' lang='lat' dir='ltr'>indagari</span> <span class='ocrx_word' id='word_1_393' title='bbox 536 4561 715 4625; x_wconf 87' lang='lat' dir='ltr'>necessitas</span> <span class='ocrx_word' id='word_1_394' title='bbox 739 4572 843 4646; x_wconf 89' lang='lat' dir='ltr'>urget,</span> <span class='ocrx_word' id='word_1_395' title='bbox 869 4561 987 4647; x_wconf 86' lang='lat' dir='ltr'>prolixi</span> <span class='ocrx_word' id='word_1_396' title='bbox 1012 4562 1168 4648; x_wconf 91' lang='lat' dir='ltr'>temporis</span> <span class='ocrx_word' id='word_1_397' title='bbox 1192 4564 1297 4648; x_wconf 90' lang='lat' dir='ltr'>spatio</span> <span class='ocrx_word' id='word_1_398' title='bbox 1321 4562 1561 4649; x_wconf 83' lang='lat' dir='ltr'>adlegandum</span> <span class='ocrx_word' id='word_1_399' title='bbox 1586 4564 1721 4650; x_wconf 84' lang='lat' dir='ltr'>indiget.</span> <span class='ocrx_word' id='word_1_400' title='bbox 1757 4565 1839 4630; x_wconf 90' lang='lat' dir='ltr'>Nam</span> <span class='ocrx_word' id='word_1_401' title='bbox 1864 4567 1892 4628; x_wconf 89' lang='lat' dir='ltr'>si</span> 
     </span>
     <span class='ocr_line' id='line_1_39' title="bbox 241 4665 1892 4757; baseline 0.004 -28"><span class='ocrx_word' id='word_1_402' title='bbox 241 4665 406 4731; x_wconf 85' lang='lat' dir='ltr'>sufficiens</span> <span class='ocrx_word' id='word_1_403' title='bbox 430 4667 570 4753; x_wconf 88' lang='lat' dir='ltr'>spatium</span> <span class='ocrx_word' id='word_1_404' title='bbox 594 4668 749 4754; x_wconf 84' lang='lat' dir='ltr'>temporis</span> <span class='ocrx_word' id='word_1_405' title='bbox 772 4666 866 4731; x_wconf 90' lang='lat' dir='ltr'>nobis</span> <span class='ocrx_word' id='word_1_406' title='bbox 883 4667 1074 4733; x_wconf 87' lang='lat' dir='ltr'>attributum</span> <span class='ocrx_word' id='word_1_407' title='bbox 1090 4669 1215 4749; x_wconf 91' lang='lat' dir='ltr'>fuisset,</span> <span class='ocrx_word' id='word_1_408' title='bbox 1240 4680 1331 4734; x_wconf 90' lang='lat' dir='ltr'>tanta</span> <span class='ocrx_word' id='word_1_409' title='bbox 1347 4670 1490 4734; x_wconf 90' lang='lat' dir='ltr'>Domino</span> <span class='ocrx_word' id='word_1_410' title='bbox 1507 4670 1686 4756; x_wconf 90' lang='lat' dir='ltr'>opitulante</span> <span class='ocrx_word' id='word_1_411' title='bbox 1706 4683 1892 4757; x_wconf 87' lang='lat' dir='ltr'>poteramus</span> 
     </span>
     <span class='ocr_line' id='line_1_40' title="bbox 241 4771 1894 4865; baseline 0.004 -29"><span class='ocrx_word' id='word_1_412' title='bbox 241 4771 404 4859; x_wconf 90' lang='lat' dir='ltr'>colligere,</span> <span class='ocrx_word' id='word_1_413' title='bbox 435 4796 519 4860; x_wconf 90' lang='lat' dir='ltr'>quae</span> <span class='ocrx_word' id='word_1_414' title='bbox 550 4774 626 4839; x_wconf 90' lang='lat' dir='ltr'>huic</span> <span class='ocrx_word' id='word_1_415' title='bbox 656 4775 747 4861; x_wconf 89' lang='lat' dir='ltr'>operi</span> <span class='ocrx_word' id='word_1_416' title='bbox 780 4776 911 4861; x_wconf 84' lang='lat' dir='ltr'>copiose</span> <span class='ocrx_word' id='word_1_417' title='bbox 942 4787 1093 4862; x_wconf 88' lang='lat' dir='ltr'>poterant</span> <span class='ocrx_word' id='word_1_418' title='bbox 1116 4774 1295 4843; x_wconf 89' lang='lat' dir='ltr'>abundare.</span> <span class='ocrx_word' id='word_1_419' title='bbox 1342 4777 1467 4841; x_wconf 86' lang='lat' dir='ltr'>Tamen</span> <span class='ocrx_word' id='word_1_420' title='bbox 1492 4779 1524 4841; x_wconf 92' lang='lat' dir='ltr'>in</span> <span class='ocrx_word' id='word_1_421' title='bbox 1549 4776 1609 4860; x_wconf 83' lang='lat' dir='ltr'>his,</span> <span class='ocrx_word' id='word_1_422' title='bbox 1641 4801 1725 4865; x_wconf 85' lang='lat' dir='ltr'>quae</span> <span class='ocrx_word' id='word_1_423' title='bbox 1756 4778 1894 4843; x_wconf 90' lang='lat' dir='ltr'>collecta</span> 
     </span>
    </p>

    <p class='ocr_par' dir='ltr' id='par_1_10' title="bbox 194 4880 1894 5184">
     <span class='ocr_line' id='line_1_41' title="bbox 194 4880 1892 4971; baseline 0.004 -29"><span class='ocrx_word' id='word_1_424' title='bbox 194 4903 223 4943; x_wconf 81' lang='lat' dir='ltr'>so</span> <span class='ocrx_word' id='word_1_425' title='bbox 241 4890 325 4958; x_wconf 90' lang='lat' dir='ltr'>sunt,</span> <span class='ocrx_word' id='word_1_426' title='bbox 350 4903 508 4945; x_wconf 87' lang='lat' dir='ltr'>summam</span> <span class='ocrx_word' id='word_1_427' title='bbox 531 4880 626 4945; x_wconf 90' lang='lat' dir='ltr'>huius</span> <span class='ocrx_word' id='word_1_428' title='bbox 649 4882 782 4967; x_wconf 88' lang='lat' dir='ltr'>negotii,</span> <span class='ocrx_word' id='word_1_429' title='bbox 807 4881 848 4945; x_wconf 90' lang='lat' dir='ltr'>de</span> <span class='ocrx_word' id='word_1_430' title='bbox 873 4905 937 4968; x_wconf 86' lang='lat' dir='ltr'>quo</span> <span class='ocrx_word' id='word_1_431' title='bbox 962 4882 1078 4966; x_wconf 85' lang='lat' dir='ltr'>agitur,</span> <span class='ocrx_word' id='word_1_432' title='bbox 1104 4881 1244 4948; x_wconf 89' lang='lat' dir='ltr'>discrete</span> <span class='ocrx_word' id='word_1_433' title='bbox 1268 4883 1526 4971; x_wconf 89' lang='lat' dir='ltr'>conprehensam</span> <span class='ocrx_word' id='word_1_434' title='bbox 1551 4907 1622 4948; x_wconf 88' lang='lat' dir='ltr'>cese</span> <span class='ocrx_word' id='word_1_435' title='bbox 1646 4886 1738 4949; x_wconf 87' lang='lat' dir='ltr'>iuxta</span> <span class='ocrx_word' id='word_1_436' title='bbox 1753 4887 1892 4950; x_wconf 90' lang='lat' dir='ltr'>auctori·</span> 
     </span>
     <span class='ocr_line' id='line_1_42' title="bbox 242 4986 1892 5079; baseline 0.004 -29"><span class='ocrx_word' id='word_1_437' title='bbox 242 4996 341 5050; x_wconf 89' lang='lat' dir='ltr'>tatem</span> <span class='ocrx_word' id='word_1_438' title='bbox 364 4986 508 5052; x_wconf 79' lang='lat' dir='ltr'>divinam</span> <span class='ocrx_word' id='word_1_439' title='bbox 533 5000 565 5051; x_wconf 94' lang='lat' dir='ltr'>et</span> <span class='ocrx_word' id='word_1_440' title='bbox 587 4999 773 5052; x_wconf 87' lang='lat' dir='ltr'>sanctorum</span> <span class='ocrx_word' id='word_1_441' title='bbox 796 5000 925 5074; x_wconf 90' lang='lat' dir='ltr'>patrum</span> <span class='ocrx_word' id='word_1_442' title='bbox 942 4990 1118 5052; x_wconf 88' lang='lat' dir='ltr'>sententias</span> <span class='ocrx_word' id='word_1_443' title='bbox 1136 4987 1342 5072; x_wconf 87' lang='lat' dir='ltr'>arbitramur,</span> <span class='ocrx_word' id='word_1_444' title='bbox 1367 4992 1412 5055; x_wconf 92' lang='lat' dir='ltr'>ita</span> <span class='ocrx_word' id='word_1_445' title='bbox 1435 4989 1589 5055; x_wconf 85' lang='lat' dir='ltr'>videlicet</span> <span class='ocrx_word' id='word_1_446' title='bbox 1612 5003 1647 5055; x_wconf 93' lang='lat' dir='ltr'>ut</span> <span class='ocrx_word' id='word_1_447' title='bbox 1667 4993 1892 5079; x_wconf 88' lang='lat' dir='ltr'>unusquisque</span> 
     </span>
     <span class='ocr_line' id='line_1_43' title="bbox 241 5091 1894 5184; baseline 0.004 -28"><span class='ocrx_word' id='word_1_448' title='bbox 241 5091 346 5157; x_wconf 90' lang='lat' dir='ltr'>fidelis</span> <span class='ocrx_word' id='word_1_449' title='bbox 371 5117 410 5158; x_wconf 85' lang='lat' dir='ltr'>ea</span> <span class='ocrx_word' id='word_1_450' title='bbox 434 5093 605 5180; x_wconf 90' lang='lat' dir='ltr'>perlegens</span> <span class='ocrx_word' id='word_1_451' title='bbox 629 5105 662 5158; x_wconf 92' lang='lat' dir='ltr'>et</span> <span class='ocrx_word' id='word_1_452' title='bbox 684 5093 868 5180; x_wconf 91' lang='lat' dir='ltr'>intelligens</span> <span class='ocrx_word' id='word_1_453' title='bbox 892 5094 1152 5160; x_wconf 84' lang='lat' dir='ltr'>animadvertere</span> <span class='ocrx_word' id='word_1_454' title='bbox 1174 5109 1283 5182; x_wconf 90' lang='lat' dir='ltr'>queat,</span> <span class='ocrx_word' id='word_1_455' title='bbox 1308 5096 1397 5184; x_wconf 92' lang='lat' dir='ltr'>quod</span> <span class='ocrx_word' id='word_1_456' title='bbox 1420 5099 1578 5184; x_wconf 89' lang='lat' dir='ltr'>imagines</span> <span class='ocrx_word' id='word_1_457' title='bbox 1595 5111 1779 5162; x_wconf 83' lang='lat' dir='ltr'>sanctorum</span> <span class='ocrx_word' id='word_1_458' title='bbox 1796 5097 1894 5163; x_wconf 89' lang='lat' dir='ltr'>stulta</span> 
     </span>
    </p>
   </div>
   <div class='ocr_carea' id='block_1_3' title="bbox 347 5348 1117 5415">
    <p class='ocr_par' dir='ltr' id='par_1_11' title="bbox 347 5348 1117 5415">
     <span class='ocr_line' id='line_1_44' title="bbox 347 5348 1117 5415; baseline 0.003 -17"><span class='ocrx_word' id='word_1_459' title='bbox 347 5351 364 5398; x_wconf 89' lang='grc'><strong>6</strong></span> <span class='ocrx_word' id='word_1_460' title='bbox 382 5348 547 5399; x_wconf 88' lang='lat' dir='ltr'>documento</span> <span class='ocrx_word' id='word_1_461' title='bbox 568 5348 598 5398; x_wconf 84' lang='lat'>1’.</span> <span class='ocrx_word' id='word_1_462' title='bbox 673 5351 703 5398; x_wconf 88' lang='lat'>11</span> <span class='ocrx_word' id='word_1_463' title='bbox 726 5349 853 5398; x_wconf 81' lang='lat' dir='ltr'>mandare</span> <span class='ocrx_word' id='word_1_464' title='bbox 867 5356 1069 5415; x_wconf 88' lang='lat' dir='ltr'>—praesumet</span> <span class='ocrx_word' id='word_1_465' title='bbox 1087 5349 1117 5400; x_wconf 79' lang='grc' dir='ltr'>Ρ.</span> 
     </span>
    </p>
   </div>
   <div class='ocr_carea' id='block_1_4' title="bbox 193 5563 1897 6062">
    <p class='ocr_par' dir='ltr' id='par_1_12' title="bbox 193 5563 1897 6062">
     <span class='ocr_line' id='line_1_45' title="bbox 350 5563 1897 5644; baseline 0.005 -26"><span class='ocrx_word' id='word_1_466' title='bbox 350 5565 379 5633; x_wconf 90' lang='lat' dir='ltr'>l)</span> <span class='ocrx_word' id='word_1_467' title='bbox 406 5563 565 5640; x_wconf 66' lang='lat' dir='ltr'>Epiacrqms</span> <span class='ocrx_word' id='word_1_468' title='bbox 590 5563 803 5622; x_wconf 74' lang='lat' dir='ltr'>Cameracensis</span> <span class='ocrx_word' id='word_1_469' title='bbox 826 5563 1049 5638; x_wconf 76' lang='lat'><em>(817—831),·</em></span> <span class='ocrx_word' id='word_1_470' title='bbox 1072 5587 1097 5624; x_wconf 85' lang='lat' dir='ltr'>r.</span> <span class='ocrx_word' id='word_1_471' title='bbox 1123 5567 1207 5638; x_wconf 70' lang='lat' dir='ltr'>iufra</span> <span class='ocrx_word' id='word_1_472' title='bbox 1230 5569 1280 5624; x_wconf 73' lang='lat' dir='ltr'>aab</span> <span class='ocrx_word' id='word_1_473' title='bbox 1305 5567 1331 5627; x_wconf 84' lang='lat' dir='ltr'><em>C</em></span> <span class='ocrx_word' id='word_1_474' title='bbox 1351 5569 1494 5644; x_wconf 81' lang='lat' dir='ltr'>epistolum</span> <span class='ocrx_word' id='word_1_475' title='bbox 1518 5569 1681 5627; x_wconf 80' lang='lat' dir='ltr'>Illudowicr&#39;</span> <span class='ocrx_word' id='word_1_476' title='bbox 1703 5580 1728 5626; x_wconf 82' lang='lat' dir='ltr'>et</span> <span class='ocrx_word' id='word_1_477' title='bbox 1749 5569 1897 5628; x_wconf 81' lang='lat' dir='ltr'>Illotlrarii</span> 
     </span>
     <span class='ocr_line' id='line_1_46' title="bbox 193 5671 1895 5753; baseline 0.004 -28"><span class='ocrx_word' id='word_1_478' title='bbox 193 5685 222 5725; x_wconf 77' lang='lat' dir='ltr'>es</span> <span class='ocrx_word' id='word_1_479' title='bbox 240 5671 476 5728; x_wconf 72' lang='lat' dir='ltr'>edisserendum</span> <span class='ocrx_word' id='word_1_480' title='bbox 501 5671 688 5729; x_wconf 79' lang='lat' dir='ltr'>Senoncmem</span> <span class='ocrx_word' id='word_1_481' title='bbox 712 5673 952 5749; x_wconf 74' lang='lat' dir='ltr'>archiepiscopum</span> <span class='ocrx_word' id='word_1_482' title='bbox 977 5682 1003 5728; x_wconf 81' lang='lat' dir='ltr'>et</span> <span class='ocrx_word' id='word_1_483' title='bbox 1025 5675 1124 5730; x_wconf 66' lang='lat' dir='ltr'>ltmam</span> <span class='ocrx_word' id='word_1_484' title='bbox 1141 5675 1372 5733; x_wconf 35' lang='lat' dir='ltr'>*formbacensem</span> <span class='ocrx_word' id='word_1_485' title='bbox 1396 5676 1553 5753; x_wconf 75' lang='lat' dir='ltr'>episcopam</span> <span class='ocrx_word' id='word_1_486' title='bbox 1577 5677 1722 5734; x_wconf 82' lang='lat' dir='ltr'>directam.</span> <span class='ocrx_word' id='word_1_487' title='bbox 1793 5676 1823 5746; x_wconf 85' lang='lat'>2)</span> <span class='ocrx_word' id='word_1_488' title='bbox 1848 5678 1895 5733; x_wconf 77' lang='lat' dir='ltr'>De</span> 
     </span>
     <span class='ocr_line' id='line_1_47' title="bbox 239 5776 1893 5861; baseline 0.005 -29"><span class='ocrx_word' id='word_1_489' title='bbox 239 5776 388 5835; x_wconf 79' lang='lat' dir='ltr'>Amalurio</span> <span class='ocrx_word' id='word_1_490' title='bbox 414 5777 545 5835; x_wconf 79' lang='lat' dir='ltr'>Metterssi</span> <span class='ocrx_word' id='word_1_491' title='bbox 567 5778 608 5849; x_wconf 86' lang='lat' dir='ltr'>cs.</span> <span class='ocrx_word' id='word_1_492' title='bbox 627 5776 845 5848; x_wconf 81' lang='lat' dir='ltr'>Mb‘nclesueier,</span> <span class='ocrx_word' id='word_1_493' title='bbox 868 5779 1002 5836; x_wconf 62' lang='grc' dir='ltr'>ίΑηιαίω·</span> <span class='ocrx_word' id='word_1_494' title='bbox 1021 5801 1077 5838; x_wconf 80' lang='lat' dir='ltr'>eon</span> <span class='ocrx_word' id='word_1_495' title='bbox 1104 5781 1189 5838; x_wconf 74' lang='lat' dir='ltr'>Meaer&#39;</span> <span class='ocrx_word' id='word_1_496' title='bbox 1212 5785 1307 5859; x_wconf 82' lang='lat' dir='ltr'>21sq.</span> <span class='ocrx_word' id='word_1_497' title='bbox 1389 5783 1420 5852; x_wconf 68' lang='lat'>3)</span> <span class='ocrx_word' id='word_1_498' title='bbox 1447 5782 1495 5855; x_wconf 78' lang='lat' dir='ltr'>Cf.</span> <span class='ocrx_word' id='word_1_499' title='bbox 1521 5783 1641 5854; x_wconf 76' lang='lat' dir='ltr'>St&#39;mson,</span> <span class='ocrx_word' id='word_1_500' title='bbox 1666 5786 1685 5841; x_wconf 85' lang='lat'>1.</span> <span class='ocrx_word' id='word_1_501' title='bbox 1701 5785 1719 5840; x_wconf 89' lang='lat' dir='ltr'>l.</span> <span class='ocrx_word' id='word_1_502' title='bbox 1736 5783 1761 5854; x_wconf 86' lang='lat' dir='ltr'>I,</span> <span class='ocrx_word' id='word_1_503' title='bbox 1777 5786 1893 5861; x_wconf 68' lang='lat' dir='ltr'>248sq.</span> 
     </span>
     <span class='ocr_line' id='line_1_48' title="bbox 241 5880 1024 5964; baseline 0.005 -25"><span class='ocrx_word' id='word_1_504' title='bbox 241 5882 271 5952; x_wconf 82' lang='grc'>4)</span> <span class='ocrx_word' id='word_1_505' title='bbox 297 5883 456 5960; x_wconf 62' lang='lat' dir='ltr'>Iipiacopus</span> <span class='ocrx_word' id='word_1_506' title='bbox 478 5884 737 5962; x_wconf 70' lang='lat' dir='ltr'>Augrmtodrmeusis</span> <span class='ocrx_word' id='word_1_507' title='bbox 760 5880 918 5961; x_wconf 76' lang='lat'><em>(815-0.</em></span> <span class='ocrx_word' id='word_1_508' title='bbox 935 5885 1024 5964; x_wconf 68' lang='lat'><em>840).</em></span> 
     </span>
     <span class='ocr_line' id='line_1_49' title="bbox 1630 6007 1682 6062; baseline 0 0"><span class='ocrx_word' id='word_1_509' title='bbox 1630 6007 1682 6062; x_wconf 75' lang='lat' dir='ltr'>tl*</span> 
     </span>
    </p>
   </div>
   <div class='ocr_carea' id='block_1_5' title="bbox 0 0 2444 6708">
    <p class='ocr_par' dir='ltr' id='par_1_13' title="bbox 0 0 2444 6708">
     <span class='ocr_line' id='line_1_50' title="bbox 0 0 2444 6708; baseline 0 0"><span class='ocrx_word' id='word_1_510' title='bbox 0 0 2444 6708; x_wconf 95' lang='lat' dir='ltr'> </span> 
     </span>
    </p>
   </div>
  </div>
 </body>
</html>
