4884 6717
721 537 772 594 50.
809 537 1029 597 conclarum
1051 539 1279 596 PARISIENSE
1303 541 1340 597 A.
1361 538 1436 595 829.
1839 531 1900 594 621

250 734 352 806 quibus
368 734 461 805 portio
477 733 556 789 Deus
572 743 627 802 est,
650 744 682 789 ut
705 735 782 790 illam
807 736 892 790 etiam
916 736 969 808 ipsi
992 737 1153 809 appetant?
1192 736 1230 790 Et
1252 754 1304 792 rae
1328 736 1395 790 mihi
1418 737 1530 802 misero,
1563 737 1628 807 quia
1651 753 1704 791 nec
1727 733 1784 790 tine
1808 735 1904 792 mundi

250 858 443 913 provocamur,
467 849 499 896 ut
522 849 579 896 tam
601 843 680 914 gravi
704 842 770 913 iugo
794 843 936 897 servitutis
958 843 1073 899 liberari
1096 843 1223 910 velimus,
1248 844 1324 915 qued
1347 844 1480 915 dimergit
1495 860 1585 914 usquc
1609 841 1645 896 ad
1668 841 1837 913 profundum
1860 842 1903 896 ln-

250 947 333 1014 ferni,
358 955 389 1002 ut
412 947 546 1002 iaciamus
568 949 649 1003 nobis
671 949 775 1003 amicos
798 949 834 1004 de
859 967 991 1005 strumene
1014 948 1178 1025 iniquitates,
1208 948 1257 1024 qui
1279 969 1329 1005 noa
1352 947 1545 1023 recipientia
1568 955 1687 1004 aeterna
1709 946 2045 1006 nequamneuam.

251 1045 312 1109 His
336 1047 381 1108 ita
404 1045 591 1131 praemissis
614 1057 742 1132 oportet
765 1045 951 1110 sacerdotes
974 1044 1120 1126 Domini,
1155 1058 1190 1110 ut
1220 1044 1262 1110 ab
1287 1048 1434 1132 appetitu
1457 1046 1615 1110 arandae
1650 1055 1682 1108 et
1716 1043 1903 1131 cupiditatis

218 1174 285 1220 sse
310 1150 498 1216 cohibentes
521 1150 585 1216 sibi
609 1150 763 1216 subiectis
785 1153 820 1216 in
836 1153 978 1216 onmium
995 1153 1149 1217 virtutum
1167 1152 1368 1239 profectibus
1384 1151 1558 1217 imitabiles
1575 1150 1761 1234 exhibeant,
1786 1150 1903 1238 quibus

250 1281 309 1346 pro
333 1258 483 1323 omnibus
506 1258 629 1323 divitiis
653 1258 740 1323 solus
764 1256 911 1324 Christus
936 1257 1081 1324 abundat
1107 1260 1199 1324 iuxta
1221 1259 1302 1324 illud
1330 1259 1484 1346 apostoli:
1516 1259 1605 1324 rllilu'
1628 1261 1729 1324 rivere
1757 1257 1903 1325 Ceratas
1922 1277 2047 1328 ruam

251 1382 295 1432 est
317 1381 345 1431 et
366 1369 452 1432 mori
472 1368 603 1431 licerium.
652 1365 748 1446 Quod
779 1378 888 1432 autem
912 1364 1092 1438 oblationes
1115 1366 1261 1431 fidelium
1285 1389 1351 1430 non
1375 1365 1416 1430 ad
1441 1389 1534 1430 suam
1557 1366 1745 1446 avaritiam,
1780 1364 1840 1429 sed
1862 1364 1904 1430 ad

251 1470 372 1538 Christi
395 1472 550 1537 honorem
574 1472 799 1558 ecclesiaeque
823 1472 994 1537 utilitatem
1017 1485 1205 1559 retorquere
1230 1471 1381 1554 debeant,
1406 1471 1517 1537 subter
1540 1470 1761 1536 adnotandum
1785 1483 1844 1536 est.

358 1630 586 1718 Capitale
611 1631 723 1696 XIIII.
761 1631 1236 1720 Uthospitalitatem
1268 1634 1464 1698 maxime
1489 1630 1541 1696 ab
1570 1631 1658 1714 his,
1683 1633 1760 1720 qui
1786 1631 1903 1696 aliis

207 1752 503 1827 repraesunt,
539 1739 724 1804 sectari
760 1751 993 1826 oporteat.
1041 1739 1251 1826 Quia1erg0
1275 1752 1645 1827 proptercemmrmem,
1669 1740 1767 1803 immo
1792 1761 1902 1803 neces·

252 1848 369 1911 sariam
386 1847 620 1911 correctionem
636 1847 760 1932 pariter
775 1845 1012 1932 diligenterque
1029 1847 1256 1933 inquisivimus
1273 1857 1363 1911 etex
1380 1845 1519 1910 oraculis
1535 1845 1654 1910 divinis
1671 1858 1703 1910 et
1719 1856 1905 1910 sanctorum

252 1967 379 2041 patrimi
396 1953 491 2017 dictis
507 1952 714 2017 manifestum
729 1952 875 2033 fecimus,
900 1953 1040 2038 qualiter
1055 1951 1097 2016 ad
1114 1953 1276 2040 pastorale
1293 1954 1514 2038 magisterium
1530 1950 1739 2031 veniendum,
1764 1951 1905 2038 qualiter

252 2062 284 2124 in
309 2058 560 2140 scrivendum,
592 2058 732 2145 qualiter
758 2058 942 2123 docendum
973 2060 1014 2123 sit
1045 2072 1077 2124 et
1100 2059 1239 2146 qualiter
1262 2059 1447 2124 sacerdotes
1471 2059 1604 2123 Domini
1629 2060 1817 2140 avaritiam,
1849 2058 1904 2144 qui

251 2166 322 2232 aliis
346 2166 450 2230 forma
473 2177 506 2230 et
528 2164 713 2252 exemplum
738 2188 808 2229 esse
829 2165 960 2247 debent,
985 2189 1101 2231 cavere
1126 2165 1277 2249 debeant,
1304 2188 1401 2252 opere
1425 2167 1565 2252 pretium
1590 2165 1742 2230 duximus
1765 2187 1824 2229 nos
1849 2187 1904 2228 cx·

208 2300 233 2340 rs
251 2272 386 2339 ortando
422 2271 598 2337 admonere
634 2282 666 2336 et
700 2271 906 2336 admonendo
941 2273 1102 2356 exortari,
1138 2286 1173 2337 nt
1207 2271 1461 2360 hospitalitatem
1492 2273 1689 2359 praecipuae
1720 2270 1905 2336 sacerdotes

251 2380 385 2445 Domini
409 2381 527 2444 sectari
551 2380 766 2458 meminerint,
792 2380 944 2465 quoniam
969 2379 1124 2444 hactenus
1148 2403 1168 2444 a
1191 2378 1388 2466 quibusdam
1407 2378 1530 2443 ordinis
1553 2379 1654 2443 nostri
1678 2378 1775 2441 sociis
1799 2378 1905 2441 minus

251 2489 334 2551 iusto
359 2502 391 2551 et
414 2485 604 2551 indecenter
626 2484 829 2573 hospitalitas
854 2498 977 2551 sectata
1001 2499 1058 2566 est,
1084 2498 1115 2551 et
1139 2485 1212 2551 ideo
1238 2508 1258 2549 a
1276 2484 1385 2549 multis
1404 2507 1469 2549 non
1486 2484 1588 2548 solum
1605 2485 1667 2571 ipsi
1684 2483 1905 2570 neglegentes,

251 2617 364 2659 verum
400 2595 497 2657 etiam
531 2592 743 2680 hospitalitati
778 2593 946 2658 studentes
985 2593 1041 2658 tali
1077 2591 1351 2680 repraehensione
1387 2602 1462 2655 sunt
1496 2590 1649 2656 denotati.
1708 2589 1792 2656 Cum
1827 2613 1905 2677 ergo

251 2699 451 2787 hospitalitas
476 2700 509 2764 in
532 2699 692 2765 tremendi
716 2700 876 2764 examinis
900 2700 953 2764 die
977 2699 1019 2764 ab
1044 2712 1176 2764 aeterno
1201 2698 1309 2763 iudice
1334 2700 1376 2762 sit
1399 2696 1647 2780 remuneranda,
1679 2698 1734 2784 qui
1759 2697 1904 2762 dicturus

206 2835 233 2873 so
251 2820 317 2872 est:
343 2808 467 2894 Hospes
482 2809 548 2895 sai
567 2822 596 2872 et
618 2808 788 2893 colloquaris
811 2832 869 2886 me,
893 2817 925 2869 et
948 2804 990 2870 eb
1015 2806 1049 2871 id
1072 2805 1222 2871 omnibus
1240 2804 1434 2870 Christianis
1453 2827 1658 2891 summopere
1678 2804 1720 2868 sit
1739 2803 1904 2886 sectanda,
1924 2829 2080 2881 ustassai.

251 2913 351 2979 multo
375 2914 480 2999 magis
503 2925 611 2978 tamen
636 2912 890 2999 vigilantiusque
913 2912 956 2977 ab
980 2912 1047 2993 his,
1081 2915 1136 3000 qui
1168 2912 1264 2977 dictis
1295 2923 1327 2976 et
1357 2910 1517 2998 exemplis
1548 2910 1590 2975 ad
1614 2912 1714 2975 vitam
1738 2922 1903 2976 aeternam

251 3021 322 3085 aliis
346 3019 500 3085 ducatum
523 3018 681 3107 praebere
717 3017 853 3101 debent,
887 3021 1068 3107 postposita
1102 3020 1259 3084 avaritiae
1289 3032 1382 3105 peste
1406 3029 1439 3084 et
1462 3017 1527 3083 alia
1550 3016 1696 3105 qualibet
1719 3019 1903 3100 occasione,

251 3151 382 3216 prorsus
412 3140 462 3192 est
491 3126 711 3214 exsequenda.
759 3125 812 3190 Ab
842 3126 989 3214 apostolo
1014 3129 1134 3215 quippe
1166 3127 1251 3191 inter
1281 3137 1391 3191 cetera
1412 3127 1568 3190 virtutum
1591 3126 1782 3211 praeconia,
1819 3146 1903 3211 quae
1923 3152 2084 3203 sarmatas,

251 3236 405 3322 episcopo
429 3235 536 3298 inesse
561 3231 691 3315 debent,
714 3233 918 3320 hospitalitas
942 3235 1039 3299 etiam
1059 3232 1211 3299 habenda
1230 3232 1447 3320 praedicatur.
1488 3239 1644 3313 Episcopi‘²
1658 3259 1780 3312 namque
1797 3243 1905 3302 domus,
1922 3205 2023 3256 Μ

205 3368 233 3409 ss
251 3354 287 3407 ut
308 3340 423 3407 beatus
440 3341 649 3405 Hieronimus
673 3339 796 3422 scribit,
820 3352 940 3404 omnium
965 3368 1110 3406 commune
1135 3350 1225 3405 debet
1249 3368 1312 3405 esse
1336 3349 1499 3421 hospitium,
1524 3355 1554 3404 et
1577 3348 1676 3416 laicm,
1700 3349 1722 3403 si
1746 3367 1832 3402 unum
1855 3357 1905 3404 ant

251 3460 321 3513 duos
344 3467 393 3514 aut
415 3476 521 3531 paucos
544 3458 673 3530 recipiat,
707 3458 805 3529 implet
829 3457 1031 3529 hospitalitatis
1055 3456 1188 3522 officium,
1220 3465 1251 3512 et
1275 3457 1435 3528 episcopus,
1466 3456 1519 3510 uisi
1542 3473 1639 3511 omnes
1662 3456 1791 3527 recipiat,
1823 3455 1904 3509 inhu-

250 3583 348 3621 manus
372 3567 408 3621 ab
433 3582 466 3620 eo
490 3565 632 3620 scribitur.
679 3554 894 3641 Hospitalitas
918 3577 1025 3641 porro,
1054 3578 1151 3641 quam
1175 3554 1336 3618 Dominus
1360 3564 1640 3617 remuneraturum
1665 3575 1699 3615 se
1723 3574 1794 3616 esse
1819 3573 1904 3616 asse·

251 3663 324 3744 ruit,
349 3661 404 3727 illa
427 3673 476 3726 est
499 3660 719 3747 intelligenda,
750 3683 834 3747 quae
854 3659 1009 3725 membris
1033 3660 1164 3742 Christi,
1196 3674 1285 3724 recte
1310 3659 1434 3725 scilicet
1457 3657 1678 3745 indigentibus
1702 3671 1735 3723 et
1758 3658 1905 3723 diversas

251 3771 462 3835 necessitates
478 3766 687 3856 patientibus,
704 3766 886 3833 exhibetur.
926 3767 1019 3833 Unde
1043 3770 1089 3832 ait
1112 3766 1186 3831 Iob:
1213 3769 1310 3832 Foris
1330 3793 1389 3830 reon
1408 3769 1522 3831 nrarrse't
1538 3768 1747 3853 perception&
1770 3768 1903 3831 hostium
1923 3792 2047 3844 sossr‚ss.

205 3904 233 3944 so
252 3903 350 3943 metim
376 3879 495 3941 uiatori
513 3879 632 3963 patruit,
661 3875 795 3939 Petrus:
826 3875 1011 3962 Hospe'tales
1040 3878 1171 3940 inee'cem
1202 3878 1270 3940 sirie
1303 3876 1558 3954 riirrrnruratieae,
1589 3883 1621 3937 et
1652 3871 1746 3936 alibi:
1776 3873 1904 3937 Oarion
1923 3882 2076 3976 {iffi-³⁴2&

243 3986 466 4073 fraternitatis
481 3998 605 4048 mearent
622 3985 654 4047 iu
673 3984 767 4047 sebia
808 3982 851 4045 Et
866 3983 1109 4068 hospitalitatem
1127 3983 1220 4046 rielite
1237 3983 1401 4062 oblimari,
1422 4007 1485 4066 per
1509 3981 1589 4044 lesere
1613 3982 1696 4044 enim
1714 3981 1905 4066 placuerunt
1986 3967 1991 3978 ¹
2026 3965 2082 3986 ‚..

251 4091 381 4178 qm‘dem
406 4092 528 4176 camelis
551 4091 686 4177 hospitio
710 4092 877 4176 suscepta,-
900 4088 1037 4152 Paulus:
1065 4089 1332 4175 Hospitalitatem.
1356 4086 1471 4173 inquit,
1496 4101 1653 4151 sectantes.
1694 4085 1854 4171 Origenes
1871 4086 1903 4149 in
1923 4112 2069 4164 mamma.

251 4196 387 4284 epistola
403 4196 445 4261 ad
461 4196 641 4261 Romanos:
667 4201 781 4269 Quam3
796 4206 893 4276 digne,
917 4196 1032 4282 inquit,
1056 4204 1257 4276 hospitalitatis
1275 4201 1514 4275 magnificentiam
1534 4221 1589 4257 uno
1613 4219 1741 4256 sermone
1766 4219 1903 4273 conprae-

251 4313 360 4368 hendit.
400 4313 507 4367 Dicens
532 4313 605 4368 euim
628 4311 853 4383 hospitalitatem
876 4312 1041 4365 sectandam
1064 4329 1119 4364 non
1143 4311 1213 4365 illud
1237 4310 1325 4365 solum
1348 4310 1485 4376 ostendit,
1509 4310 1584 4380 qnod
1607 4309 1770 4364 venientem
1794 4309 1829 4362 ad
1854 4326 1904 4362 nos

206 4437 233 4478 tt
251 4420 389 4492 hospitem
424 4420 617 4491 suscipiamus,
653 4420 704 4474 sed
738 4419 912 4490 requiramus
949 4426 977 4472 et
1013 4418 1125 4472 solliciti
1161 4418 1245 4471 simus
1277 4426 1306 4472 et
1337 4425 1479 4471 sectemur
1509 4435 1541 4470 ac
1571 4416 1767 4486 perquiramus
1797 4415 1903 4485 ubique

250 4528 394 4599 hospites,
429 4545 483 4582 nec
513 4527 559 4581 ubi
583 4526 657 4581 forte
682 4527 710 4580 in
732 4527 838 4598 plateis
868 4527 989 4581 sedeant
1012 4543 1065 4580 nec
1090 4534 1170 4578 extra
1193 4533 1301 4579 tectum
1325 4524 1446 4578 iaceant.
1495 4522 1655 4578 Recordare
1691 4520 1765 4576 Loth
1799 4529 1828 4576 et
1860 4522 1902 4575 in·
1922 4522 2031 4626 ἷὲἓίξᾳ

251 4634 359 4698 venies,
383 4635 460 4705 quod
483 4652 537 4689 uon
562 4633 638 4687 illrun
663 4633 799 4704 hospites,
830 4633 881 4687 sed
905 4633 966 4703 ipse
991 4632 1127 4702 quesierit
1150 4630 1292 4702 hospites:
1326 4638 1355 4684 et
1378 4630 1430 4685 hoc
1455 4636 1517 4684 erat
1540 4629 1764 4700 hospitalitatem
1788 4629 1901 4682 sectari.

250 4730 303 4795 De
327 4730 545 4817 hospitalitate
581 4731 678 4794 etiam
703 4729 859 4795 sectanda
883 4727 1034 4793 uberiora
1058 4740 1133 4791 sunt
1167 4726 1318 4814 exempla
1353 4736 1386 4790 et
1419 4725 1507 4791 beati
1532 4724 1683 4812 Gregorii
1718 4727 1751 4789 in
1786 4723 1903 4788 omelia

251 4837 435 4922 evangeliii
459 4838 683 4924 copiosissima
706 4837 803 4901 dicta.
851 4834 993 4900 Proinde
1019 4834 1213 4898 studendum
1241 4857 1444 4920 summopere
1470 4834 1631 4919 episcopis
1663 4843 1721 4912 est,
1752 4843 1797 4912 nt,
1829 4853 1902 4895 cum

205 4943 501 5031 inhospitalitatem
526 4943 663 5008 subditis
687 4942 873 5007 habendam
895 4941 1097 5028 praedicant,
1129 4941 1190 5027 ipsi
1221 4963 1293 5004 eam
1325 4953 1398 5005 ante
1423 4962 1535 5004 omnes
1565 4940 1706 5024 primum
1728 4939 1822 5004 factis
1846 4936 1902 5001 ad·

251 5050 418 5138 impleant,
443 5050 568 5115 scilicet
591 5063 626 5114 ut
649 5049 737 5137 quod
761 5049 870 5114 verbis
894 5048 1085 5135 praedicant
1108 5046 1261 5135 operibus
1286 5046 1468 5111 ostendant.

358 5323 453 5373 xlm.
481 5322 583 5387 ilCap.
605 5322 631 5380 Γ,
651 5320 780 5388 Capitula
799 5321 829 5370 P.
911 5323 942 5370 ts
963 5320 1158 5385 hospitalitatis
1179 5319 1209 5369 Ρ.
1290 5323 1323 5370 22
1343 5320 1465 5369 dicatum
1484 5336 1547 5368 aar·
1565 5319 1599 5368 al.
1620 5336 1687 5368 amn.
1707 5319 1733 5367 ia
1754 5335 1831 5384 marp.
1851 5318 1901 5368 du·

252 5419 339 5463 catam
361 5412 386 5462 Γ.
460 5414 495 5462 40
514 5407 584 5474 eam]
607 5413 688 5461 otiam
708 5410 738 5461 P.

361 5665 389 5732 1)
416 5661 465 5734 Cf.
491 5663 590 5720 relatio
613 5662 804 5739 episccpemon
829 5681 852 5717 c.
871 5663 890 5718 7
898 5682 907 5728 ,·
931 5661 948 5716 l.
967 5661 984 5716 l.
1010 5659 1049 5722 ll,
1071 5663 1108 5718 31
1120 5681 1162 5735 sq.
1256 5658 1286 5726 2)
1311 5659 1510 5733 Hieronymus,
1544 5659 1687 5718 l'orrrnient
1708 5659 1736 5715 ie
1761 5659 1839 5734 qrist.
1863 5661 1905 5716 ad

204 5785 232 5825 st
258 5770 363 5838 Tium
388 5769 462 5846 Opp.
486 5769 550 5840 Vll,
568 5773 635 5828 701.
707 5769 737 5837 3)
763 5767 908 5845 Oripenes,
934 5766 967 5823 Iu
993 5765 1071 5842 epist.
1095 5767 1138 5822 od
1154 5766 1316 5832 &arranem
1341 5769 1415 5842 (lpp.
1433 5766 1469 5822 ΙΙ
1488 5763 1634 5840 (Basileus
1658 5761 1760 5841 1530),
1780 5787 1813 5842 p.
1831 5769 1900 5825 501.

252 5877 282 5946 l)
308 5875 356 5948 Cf.
382 5875 540 5953 Greperius
564 5874 618 5946 IL,
643 5875 747 5933 Hamil.
772 5875 800 5931 in
825 5893 925 5950 cateray.
951 5873 995 5930 lib.
1021 5872 1060 5940 II,
1076 5877 1137 5940 23;
1163 5871 1237 5948 Opp.
1262 5873 1385 5942 Liri-‘38
1397 5893 1458 5949 sqq.
