4884 6717
731 551 783 607 44.
820 550 1040 608 concretum
1061 550 1292 607 PARISIENSE
1316 552 1353 606 Α.
1375 549 1450 607 825.
1854 545 1918 608 529

261 740 349 804 tione
374 737 547 802 adorantes
571 739 819 825 compescuerit,
850 737 939 802 nulla
970 737 1129 803 dubitatio
1153 749 1212 803 est.
1260 738 1299 802 In
1322 760 1361 802 eo
1384 760 1474 819 vero,
1507 737 1597 825 qnod
1628 737 1671 802 ad
1695 738 1918 804 Secundinum

262 847 408 932 scripsit:
434 850 513 910 Nosl
537 856 653 926 quidem
670 872 726 909 nou
742 856 822 926 quasi
846 862 913 910 ante
937 855 1116 910 divinitatem
1139 863 1207 910 ante
1232 856 1321 926 ipsam
1344 855 1556 925 prosternimur,
1581 855 1635 909 sed
1657 854 1735 910 illum
1759 856 1918 924 adoramus,

262 980 346 1034 quem
369 980 422 1035 per
444 963 593 1034 imaginem
617 969 714 1016 natum
738 968 787 1015 aut
811 980 924 1033 passum
940 962 986 1016 rol
1010 962 1038 1016 iu
1054 962 1155 1017 throno
1171 963 1322 1017 sedentem
1338 962 1528 1025 recordamur,
1553 949 1620 1026 ubi,
1645 964 1680 1016 ut
1703 953 1919 1038 praemissum

262 1072 311 1124 est
320 1065 341 1140 ²,
365 1083 404 1124 ac
424 1062 453 1124 si
471 1057 600 1123 sibimet
620 1058 784 1123 contraria
802 1059 933 1138 dixerit,
957 1058 1194 1145 intelligentiae
1218 1071 1349 1123 nostrae
1374 1081 1408 1123 se
1433 1057 1540 1144 caligo
1564 1058 1743 1123 confundit.
1787 1059 1855 1124 Sed
1877 1082 1919 1124 ne

229 1188 320 1230 snos
350 1189 415 1230 non
442 1167 630 1230 necessaria
661 1166 846 1250 ignorantia
876 1164 910 1229 id
940 1188 1006 1230 non
1037 1164 1249 1251 intelligendo
1281 1164 1403 1229 diutius
1433 1175 1594 1251 torqueat,
1627 1187 1741 1230 sensns
1773 1166 1919 1231 eiusdem

263 1273 443 1337 sententiae
466 1271 541 1336 talis
565 1281 630 1336 est:
663 1272 730 1336 Nos
755 1272 887 1359 quidem
911 1284 986 1337 ante
1011 1273 1115 1359 ipsam
1139 1295 1204 1336 non
1227 1273 1463 1358 prosternimur
1485 1273 1579 1357 quasi
1603 1284 1679 1336 ante
1703 1271 1918 1348 divinitatem,

263 1378 320 1443 sed
344 1378 433 1443 illum
458 1378 631 1443 adoramus
655 1391 688 1443 et
712 1389 831 1443 cetera.
879 1378 976 1459 Quod
999 1379 1064 1443 tale
1089 1388 1148 1458 est,
1177 1380 1246 1442 acsi
1270 1380 1340 1465 regi
1364 1379 1398 1442 in
1421 1378 1537 1443 throno
1562 1378 1689 1442 sedenti
1713 1379 1820 1443 dicas:
1851 1380 1919 1445 Nos

263 1485 404 1571 quidem,
430 1509 448 1551 o
473 1509 542 1566 rex,
572 1508 638 1550 non
662 1487 755 1572 quasi
780 1495 856 1550 ante
880 1484 1085 1550 divinitatem
1109 1497 1184 1549 ante
1207 1494 1240 1550 te
1265 1487 1508 1571 prosternimur,
1539 1484 1597 1549 sed
1621 1484 1711 1549 illum
1734 1485 1919 1564 adoramus,

262 1615 358 1679 quem
389 1616 449 1679 per
477 1594 654 1678 imaginem
682 1605 782 1674 tuam,
814 1594 891 1679 quia
915 1592 1010 1656 homo
1034 1615 1080 1669 es,
1111 1591 1278 1656 dominum
1304 1591 1411 1656 lesum
1435 1591 1599 1656 Christum
1625 1591 1788 1656 hominem
1812 1614 1919 1657 recor·

217 1724 244 1762 ro
263 1698 378 1763 damur
400 1710 511 1764 natum
535 1710 592 1764 aut
614 1722 746 1786 passum
770 1699 823 1763 vel
846 1701 880 1763 iu
903 1699 1019 1764 throno
1036 1698 1214 1778 sedentem,
1239 1700 1332 1763 cuius
1349 1699 1542 1763 imitatores
1558 1709 1592 1762 tu
1609 1697 1727 1762 sedens
1743 1699 1777 1762 in
1793 1699 1919 1764 throno.

262 1804 428 1891 Numquid
453 1805 511 1869 tali
535 1805 623 1870 dicto
646 1829 723 1870 mox
748 1828 951 1892 consequens
976 1817 1035 1884 est,
1060 1817 1094 1870 ut
1118 1805 1259 1870 eundem
1276 1827 1388 1891 regem
1404 1804 1542 1868 adorare
1560 1805 1737 1892 compellar
1752 1805 1920 1870 sedentem

262 1912 295 1975 in
310 1911 452 1976 throno?
487 1912 539 1976 lta
561 1935 622 1977 nec
647 1914 680 1975 in
704 1934 754 1988 ec,
779 1911 866 1997 quod
890 1911 1024 1976 dieitur:
1050 1917 1130 1976 Nos³
1154 1922 1269 1993 quidem
1285 1939 1341 1976 non
1358 1922 1438 1992 quasi
1454 1929 1521 1976 ante
1538 1921 1716 1976 divinitatem
1740 1929 1806 1977 ante
1831 1922 1920 1993 ipsam

261 2029 475 2099 prosternimur,
507 2030 557 2083 sed
587 2028 664 2082 illum
688 2030 836 2083 adoramus
866 2029 899 2083 et
930 2029 1049 2099 cetera,
1081 2018 1124 2082 ad
1154 2019 1333 2104 imaginum
1365 2017 1589 2083 adorationem
1614 2018 1800 2098 invitamur,
1833 2020 1920 2105 quia,

262 2125 345 2189 sicut
369 2126 402 2189 in
426 2125 535 2190 multis
559 2125 690 2190 divinae
715 2126 918 2190 auctoritatis
942 2123 1162 2189 voluminibus
1186 2126 1363 2189 sententias
1388 2124 1500 2188 ordine
1517 2123 1691 2189 verborum
1709 2137 1920 2212 praepostero

218 2256 243 2295 rs
262 2233 399 2317 scriptas
423 2233 618 2310 invenimus,
642 2234 688 2296 ita
711 2254 841 2319 quoque
865 2232 987 2296 factum
1012 2253 1084 2296 esse
1108 2254 1147 2295 eo
1164 2254 1272 2310 sensu,
1296 2243 1454 2318 utsupra
1478 2230 1600 2296 dictum
1625 2243 1684 2310 est,
1709 2231 1771 2295 hoc
1790 2231 1823 2295 in
1847 2230 1920 2296 loco

261 2339 393 2403 minime
418 2337 614 2403 dubitamus.

368 2445 451 2509 Cum
484 2447 571 2509 enirn
602 2443 648 2509 ibi
679 2447 834 2531 scriptum
866 2445 923 2509 sit:
960 2451 1040 2509 Nos*
1071 2456 1186 2525 quidem
1218 2473 1272 2508 nou
1305 2456 1384 2526 quasi
1415 2461 1482 2510 ante
1514 2456 1694 2510 divinitatem
1728 2462 1795 2510 ante
1831 2455 1920 2527 ipsam

262 2562 475 2633 prosternimur,
507 2553 579 2637 quis
610 2574 675 2615 non
706 2551 946 2615 animadvertat
975 2551 1009 2615 id
1040 2552 1148 2637 ipsum
1178 2552 1283 2636 magis
1314 2551 1487 2616 refutando
1518 2575 1616 2639 quam
1648 2551 1839 2638 imperando
1867 2551 1920 2616 rel

262 2658 463 2723 adhortando
480 2657 617 2722 candem
633 2658 857 2722 adorationem
873 2658 1053 2744 imaginum
1070 2656 1192 2722 dictum
1210 2679 1293 2736 esse,
1310 2658 1357 2721 ita
1371 2670 1407 2722 ut
1423 2657 1546 2723 dictum
1563 2669 1622 2723 est.
1655 2658 1787 2739 Quanto
1804 2660 1919 2744 magis,

218 2766 348 2830 sesicut
377 2789 476 2851 supra
506 2765 628 2829 factum
660 2777 718 2846 est,
750 2764 830 2829 ordo
861 2762 1036 2828 verborum
1061 2766 1088 2827 si
1118 2786 1176 2827 suo
1207 2766 1397 2829 restituatur
1426 2767 1459 2828 in
1490 2765 1616 2846 ordine,
1647 2787 1777 2830 omnem
1808 2787 1919 2852 quem·

264 2895 403 2959 cumque
427 2870 469 2936 ob
492 2873 626 2936 nimiam
651 2871 893 2958 simplicitatem
918 2882 1079 2934 errantem
1104 2870 1136 2934 in
1162 2892 1211 2948 eo,
1243 2870 1331 2956 quod
1355 2869 1488 2937 beatum
1512 2883 1646 2936 sanctae
1670 2872 1736 2936 Dei
1760 2871 1920 2937 ecclesiae

264 2978 428 3044 doctorem
453 2979 626 3043 adversum
653 2980 795 3066 seipsum
826 2979 967 3042 sensisse
998 2976 1203 3058 aestimabat,
1235 2979 1399 3063 corrigere
1431 2980 1559 3065 poterit,
1591 2980 1726 3065 insuper
1749 2979 1858 3058 etiam,
1891 2979 1919 3041 si

265 3108 460 3172 quemquam
484 3085 633 3150 subtilius
657 3085 892 3170 intelligentem
916 3084 977 3148 hoc
1001 3083 1228 3169 neglegentius
1251 3085 1400 3149 minusve
1432 3087 1554 3150 intente
1585 3085 1695 3171 legere
1720 3086 1919 3172 contigisset,

265 3191 417 3256 facillime
441 3194 583 3279 seipsum
609 3192 854 3272 diiudicantem,
886 3213 945 3256 cur
968 3190 1145 3277 aliquando
1169 3191 1265 3255 aliter
1294 3193 1443 3273 senserit,
1474 3191 1517 3256 ad
1546 3191 1691 3256 sobrium
1720 3191 1919 3256 intellectum

220 3323 247 3361 ss
265 3321 420 3363 rovocare
452 3300 579 3386 poterit.
633 3299 669 3364 Si
701 3300 773 3386 quis
804 3309 931 3374 autem,
969 3297 1057 3385 quod
1089 3297 1221 3385 quidem
1253 3322 1273 3363 a
1303 3322 1382 3363 sane
1413 3299 1615 3386 sapientibus
1645 3297 1795 3362 omnibns
1825 3296 1921 3374 absit,

265 3407 370 3491 magis
401 3429 494 3470 suum
525 3428 656 3470 sensnm
687 3405 855 3492 sequendo
887 3404 976 3469 illum
1008 3405 1148 3469 voluerit
1179 3405 1399 3470 condemnare
1430 3429 1528 3492 quam
1560 3428 1595 3469 se
1626 3406 1806 3491 corrigere,
1841 3404 1921 3468 nulli

267 3510 413 3590 dubium,
437 3513 517 3598 quin
540 3513 656 3576 merito
681 3511 723 3576 ab
747 3514 911 3590 universa,
936 3513 1079 3576 maxime
1104 3523 1213 3576 tamen
1235 3523 1384 3576 asancta
1399 3512 1465 3576 Dei
1480 3513 1628 3577 Romana
1645 3511 1786 3576 ecclesia
1802 3509 1922 3576 debent

267 3618 488 3683 condemnari.
535 3618 753 3706 Nequaquam
777 3620 863 3683 enim
887 3619 958 3682 fieri
982 3630 1100 3704 potest,
1125 3629 1159 3682 at
1183 3618 1244 3682 hae
1269 3617 1354 3682 duae
1378 3621 1559 3683 sententiae
1584 3618 1715 3683 sibimet
1739 3619 1922 3683 contrariae

266 3747 331 3790 non
356 3726 509 3804 existant,
540 3748 615 3806 nna,
647 3749 713 3811 qua
735 3725 876 3812 populns
900 3723 942 3789 ab
967 3724 1157 3789 adoratione
1181 3725 1371 3810 imaginum,
1401 3748 1443 3789 ne
1468 3727 1613 3791 criminis
1636 3724 1671 3789 id
1694 3724 1822 3811 agendo
1847 3748 1922 3789 rcus

221 3857 248 3895 so
267 3843 434 3919 appareat,
459 3831 659 3919 prohibetur,
684 3832 787 3896 altera
802 3855 892 3912 vero,
917 3854 1001 3919 quae
1021 3831 1111 3896 illurn
1134 3829 1168 3895 id
1184 3832 1291 3918 ipsum
1308 3833 1414 3917 egisse
1431 3843 1634 3919 ceterosque,
1659 3843 1695 3896 ut
1710 3831 1772 3897 hoc
1789 3831 1922 3910 faciant,

267 3938 417 4003 docuisse
452 3939 650 4025 perhibetur.
704 3938 770 4004 Sed
805 3937 890 4003 absit
924 3938 985 4002 hoc
1021 3961 1041 4002 a
1075 3948 1164 4002 tanto
1199 3937 1322 4024 talique
1359 3938 1504 4024 generali
1543 3938 1722 4004 catholicae
1762 3938 1923 4003 ecclesiae

267 4045 433 4131 magistro,
457 4059 493 4110 ut
516 4047 573 4133 qui
596 4048 768 4110 universas
791 4045 967 4133 perplexas
992 4046 1174 4131 scripturae
1199 4046 1416 4131 quaestiones,
1442 4067 1526 4131 quae
1551 4043 1613 4110 sibi
1633 4047 1816 4110 contrariae
1833 4044 1924 4109 vide·

267 4149 387 4216 bantur
410 4153 506 4239 eique
531 4152 572 4218 nd
597 4152 840 4239 explanandum
864 4152 917 4217 rel
941 4151 1146 4216 tractandum
1172 4161 1395 4233 occurrerunt,
1419 4174 1596 4239 numquam
1616 4151 1812 4215 dissidentes
1828 4150 1924 4215 relin-

268 4281 367 4345 quere
392 4260 572 4336 consuevit,
597 4282 657 4323 sua
680 4258 811 4323 sibimet
835 4258 922 4323 dicta
948 4257 1169 4323 discordantia
1192 4257 1387 4344 reliquisset.

222 4390 250 4429 ss
375 4366 437 4430 His
473 4367 519 4429 ita
549 4377 683 4452 propter
716 4365 883 4430 vitandam
920 4364 1105 4429 huiusmodi
1141 4366 1357 4429 temeritatem
1393 4366 1577 4430 summatim
1613 4365 1803 4451 praemissis
1837 4387 1925 4429 nnnc

268 4471 457 4552 ridendum,
482 4484 588 4536 utrum
613 4473 644 4536 ei
668 4473 839 4558 quisquam
859 4471 1092 4536 catholicorum
1109 4484 1248 4558 patrum,
1273 4472 1423 4557 quamvis
1447 4473 1477 4536 ei
1494 4471 1681 4557 specialiter
1697 4471 1834 4535 fortasse
1850 4471 1925 4535 talis

269 4577 434 4644 scribendi
458 4581 638 4644 necessitas
661 4580 793 4644 minime
817 4578 1032 4652 incumberet,
1057 4579 1090 4641 in
1115 4579 1233 4641 ceteris
1256 4576 1451 4642 tractatibus
1475 4580 1541 4642 suis
1565 4578 1630 4643 tale
1647 4578 1770 4665 aliquid
1787 4577 1924 4642 inditum

268 4686 397 4766 habeat,
422 4688 455 4750 in
479 4709 543 4772 qno
568 4685 714 4750 eiusdem
738 4687 840 4772 patris
865 4686 976 4749 sensui
1000 4684 1041 4749 de
1065 4682 1263 4769 imaginibus
1288 4707 1424 4749 concors
1448 4707 1520 4749 esse
1544 4684 1704 4750 videatur.

374 4793 463 4857 Ecce
488 4794 574 4856 enim
599 4791 715 4857 beatus
731 4791 935 4872 Ambrosius,
960 4793 1112 4879 antiquus
1131 4790 1291 4855 ecclcsiae
1309 4791 1371 4855 Dei
1389 4790 1568 4878 probabilis
1593 4791 1716 4872 doctor,
1740 4792 1785 4855 ita
1801 4792 1834 4854 in
1859 4791 1925 4877 epi·

222 4930 251 4968 ω
269 4898 352 4963 stola
367 4899 462 4963 Pauli
485 4898 527 4963 ad
550 4899 713 4963 Romanos
738 4911 881 4963 tractans
905 4899 967 4962 ait:
993 4904 1079 4970 Qna³
1101 4907 1211 4963 ratione
1229 4926 1321 4978 quare
1340 4909 1510 4963 auctoritate
1534 4908 1670 4978 imagines
1693 4907 1857 4976 angelorum
1881 4907 1927 4962 rol

269 5016 385 5070 aliorum
400 5023 558 5069 sanctorum
573 5015 736 5070 adorandae
753 5017 820 5078 sint,
835 5034 898 5070 cum
915 5015 966 5087 ipsi
979 5016 1070 5069 sancti
1086 5016 1182 5086 angeli
1199 5014 1245 5068 vel
1262 5014 1352 5068 sancti
1369 5014 1495 5069 homines
1508 5015 1585 5068 viros
1598 5033 1629 5067 so
1642 5014 1753 5068 adorari
1766 5015 1927 5069 noluerint?

376 5111 657 5177 CONSILIUMa
704 5112 908 5176 Auctoritate
939 5134 1035 5197 ergo,
1072 5124 1107 5174 ut
1143 5112 1388 5197 proposuimus,
1426 5110 1570 5176 secundo
1602 5110 1673 5174 loco
1712 5110 1832 5175 inserta
1861 5134 1927 5175 non

270 5218 411 5305 quidem,
443 5232 599 5305 quantum
630 5241 672 5282 ox
703 5218 855 5282 thesauro
885 5217 1050 5283 uberrimo
1081 5218 1305 5283 ecclesiastico
1329 5220 1443 5305 potnit,
1475 5220 1533 5286 sed
1561 5232 1717 5306 quantum
1743 5216 1927 5303 epistolaris

377 5414 584 5483 subt]ibi1’.
669 5421 700 5469 19
727 5419 868 5469 adorando
888 5418 918 5469 P.
1001 5422 1035 5470 20
1060 5421 1083 5469 si
1102 5419 1168 5470 deret
1187 5419 1217 5469 P.
1301 5421 1335 5469 24
1362 5419 1528 5472 diiudicaate
1550 5420 1580 5470 P.
1662 5421 1696 5470 22
1716 5425 1743 5468 ct
1763 5421 1796 5468 25
1817 5414 1927 5485 poterit!

225 5523 253 5562 ab
269 5508 320 5559 scil.
340 5509 390 5569 itte,
409 5509 453 5574 qni
468 5509 559 5573 probat
576 5509 803 5573 interpretationem
823 5508 991 5573 synodalium.
1066 5511 1099 5559 42
1119 5507 1266 5558 noluerunt
1287 5507 1317 5557 P.

380 5690 409 5758 1)
433 5689 465 5746 V.
489 5709 580 5765 supra
598 5710 631 5765 p.
648 5693 712 5748 528
735 5690 754 5746 l.
771 5693 813 5748 26
824 5709 885 5765 sqq.
979 5689 1010 5758 2)
1036 5687 1085 5760 Cf.
1108 5709 1198 5764 supra
1217 5711 1250 5765 p.
1268 5694 1332 5748 528
1356 5691 1374 5745 Ι.
1391 5693 1432 5748 40
1444 5711 1504 5766 sqq.
1597 5690 1628 5758 3)
1651 5690 1683 5745 V.
1709 5694 1773 5749 528
1795 5691 1813 5745 l.
1831 5695 1928 5765 tlh'sq.

273 5796 304 5866 4)
328 5796 447 5853 Ibidem.
544 5796 575 5866 5)
599 5795 686 5852 Hunc
709 5798 796 5853 locam
821 5798 902 5872 aprtd
923 5796 1098 5853 Ambrosium
1122 5816 1178 5853 non
1203 5795 1305 5864 inueni,
1337 5797 1389 5852 sed
1410 5796 1511 5872 legitur
1533 5817 1623 5872 supra
1643 5817 1678 5872 p.
1696 5800 1755 5855 tat
1780 5799 1798 5853 l.
1818 5800 1853 5855 14
1866 5816 1929 5872 sqq.

273 5895 304 5978 6)
326 5903 358 5959 V.
382 5922 473 5979 supra
493 5923 524 5977 p.
543 5907 605 5961 523
628 5904 646 5958 l.
665 5907 702 5961 34
715 5922 777 5978 sqq.

326 6019 370 6060 ΗΑ
387 6018 488 6058 Conciti»
503 6019 532 6059 ll.
1683 6026 1716 6075 (37
