4884 6717
535 543 599 607 678
1004 547 1055 604 60.
1092 547 1312 606 CONCILIUM
1334 547 1561 604 PARISIENSE
1586 548 1622 604 A.
1644 546 1719 603 829.

535 740 623 802 caleo
646 739 732 802 solus
758 752 856 802 oestro
883 740 1004 823 repotia
1027 739 1179 802 sustinere
1202 751 1231 801 et
1248 737 1377 823 pondus
1400 751 1428 800 et
1450 738 1566 823 iurgia.
1614 735 1697 800 Date
1720 760 1736 799 e
1759 737 1847 800 volsis
1871 737 1958 798 viros
1980 736 2137 821 snpr'entea
2163 748 2192 798 et

532 869 650 930 gnaros
673 859 702 908 et
724 869 855 930 quoram
879 846 1072 908 correersatr'o
1095 848 1138 908 sit
1160 845 1296 930 probata
1327 846 1361 908 ln
1391 844 1532 908 tribadas
1564 845 1682 906 cestria
1738 840 1804 907 Sed
1834 853 1868 905 et
1896 842 1930 904 iu
1960 838 2042 904 libro
2066 839 2191 904 Parali-

373 970 696 1037 s.rsrs1.1s‚pomen0n
719 951 765 1013 ita
789 949 923 1035 legitur:
945 949 1171 1035 Constituitqae
1195 974 1253 1014 rae
1267 949 1420 1035 Iosophat
1442 950 1563 1014 iudicer
1586 963 1687 1014 terrae
1711 952 1745 1013 ιἰι
1769 951 1887 1013 cunctis
1910 948 2091 1013 civilatibus
2104 947 2191 1012 Iuda

413 1023 474 1064 Η
535 1060 664 1122 mandris
680 1082 744 1143 per
766 1057 893 1144 singola
918 1057 985 1120 loca
1009 1071 1037 1120 et
1055 1058 1262 1142 praecipiens
1292 1056 1470 1120 iudicibus:
1501 1056 1618 1135 Videte,
1648 1059 1705 1136 ait,
1736 1056 1817 1142 quid
1831 1056 1961 1140 facitis.
2009 1054 2082 1118 Xon
2106 1056 2190 1118 enim

535 1166 672 1228 lerninis
695 1166 843 1228 exercetis
865 1163 1034 1242 iudicium,
1057 1163 1114 1227 aad
1135 1163 1274 1226 Domini
1278 1187 1289 1244 ,·
1311 1176 1340 1227 ct
1361 1163 1575 1248 quodcumque
1599 1162 1830 1240 iudicaveritis,
1855 1164 1889 1225 ιἰι
1912 1185 1966 1224 uos
1988 1160 2189 1225 redundabit
2212 1184 2227 1222 ι

536 1271 586 1334 Sit
609 1273 702 1334 timor
722 1270 855 1334 Domini
875 1271 1043 1348 nobiscnm,
1068 1282 1096 1334 et
1118 1293 1186 1332 cum
1207 1269 1374 1356 diligentia
1392 1283 1501 1333 cuncta
1517 1271 1633 1356 focale.
1673 1268 1747 1333 Noa
1763 1270 1845 1333 enim
1862 1282 1907 1332 est
1921 1267 2011 1354 apud
2028 1267 2191 1332 dominum

536 1377 637 1441 Deum
662 1391 797 1441 vestrum
821 1378 976 1461 iniqnitas
998 1401 1054 1440 nec
1072 1400 1283 1462 personarum
1306 1378 1445 1462 acceptio
1467 1401 1523 1440 nec
1547 1376 1663 1462 cupido
1686 1399 1858 1440 maworn.

643 1501 725 1586 (91).
756 1498 850 1585 Cap.
868 1498 1014 1563 XXIIII.
1048 1499 1235 1584 Rogamus¹
1252 1501 1350 1563 etiam
1366 1509 1508 1564 vestram
1525 1500 1680 1586 pietatem
1695 1511 1829 1585 propter
1845 1498 1990 1562 divinam
2006 1498 2189 1562 misericor·

536 1606 622 1671 diam
647 1617 853 1691 vestramque
878 1604 1015 1669 salutem
1039 1628 1077 1669 ac
1102 1607 1199 1670 totins
1224 1605 1335 1692 populi
1365 1606 1537 1670 utilitatem
1567 1627 1694 1670 necnon
1718 1616 1751 1670 et
1781 1606 1874 1691 regni
1905 1603 2061 1668 honorem
2091 1613 2190 1690 atque

536 1712 755 1794 stabilitatem,
779 1723 814 1776 ut
836 1723 946 1776 vestra
969 1713 1073 1799 pietas
1097 1711 1351 1777 sollertissimam
1375 1711 1578 1798 vigilantiam
1602 1710 1766 1793 adhibeat,
1784 1724 1943 1798 quatenus
1965 1710 2140 1775 consiliarii
2158 1720 2191 1774 et
2209 1735 2236 1774 ιι

537 1820 704 1906 dignitatis
727 1831 854 1883 vestrae
883 1820 1021 1883 ministri
1052 1818 1269 1905 custodesque
1299 1821 1427 1884 animae
1457 1833 1585 1884 vestrae
1617 1832 1649 1883 et
1679 1820 1835 1905 corporis,
1871 1819 1927 1905 qui
1962 1817 2083 1882 debent
2117 1839 2190 1881 esse

536 1928 621 1991 intra
643 1949 780 2011 regnum
803 1925 875 1989 aliis
899 1925 999 1990 decus
1023 1938 1055 1990 st
1078 1924 1232 1990 bonitatis
1256 1925 1441 2014 exemplum
1466 1937 1498 1990 et
1515 1928 1548 1990 in
1565 1927 1686 1990 exteris
1703 1923 1889 1990 nationibus
1906 1923 2011 1989 bonae
2028 1924 2189 2010 opinionis

537 2032 789 2113 condimentum,
813 2033 992 2113 caritatem,
1016 2054 1132 2119 pacem
1156 2043 1253 2118 atque
1278 2033 1495 2113 concordiam,
1520 2033 1607 2097 omni
1631 2031 1834 2096 simulatione
1851 2044 1883 2095 et
1906 2030 2083 2095 calliditate
2102 2041 2189 2117 post·

538 2142 652 2226 posita,
677 2138 719 2203 ad
742 2141 883 2203 invicem
907 2137 1059 2217 habeant,
1083 2149 1119 2202 ut
1142 2137 1320 2203 secundum
1336 2139 1402 2203 Dei
1425 2139 1624 2204 voluntatem
1648 2151 1681 2203 et
1703 2149 1845 2203 vestram
1869 2136 2072 2202 honestatem
2089 2147 2188 2223 atque

537 2249 634 2311 totius
658 2248 752 2332 regni
775 2245 956 2333 profectum
980 2245 1193 2309 communiter
1216 2243 1384 2310 decertent
1407 2246 1532 2310 otveri
1555 2244 1650 2311 vobis
1674 2244 1838 2310 adiutores
1868 2245 1903 2308 in
1932 2242 2081 2308 omnibus
2113 2266 2188 2308 con·
2207 2266 2234 2306 ιι

538 2353 679 2418 corditer
702 2353 859 2434 existant,
883 2353 1017 2437 verique
1042 2351 1207 2415 adiutores
1230 2352 1331 2416 vestri
1355 2362 1387 2416 et
1410 2354 1507 2418 totius
1538 2353 1632 2438 regni
1663 2351 1837 2417 salubriter
1867 2373 1938 2416 esse
1969 2360 2130 2437 poterunt,
2161 2349 2189 2413 si

537 2461 706 2524 unanimes
730 2460 897 2523 extiterint
919 2469 952 2522 et
974 2459 1115 2522 invicem
1139 2457 1347 2522 dilectionem
1370 2457 1542 2523 habuerint
1552 2464 1573 2522 ².
1612 2458 1719 2523 Decet
1742 2458 1873 2545 quippe,
1898 2468 1934 2522 ut
1957 2479 2051 2521 sacra
2073 2454 2188 2520 domus

537 2576 646 2630 vestra
676 2567 801 2629 eunctis
831 2563 1018 2651 spectabilis
1048 2575 1207 2651 appareat
1237 2574 1269 2628 et
1297 2563 1462 2629 imitabilis
1493 2567 1614 2629 existat
1644 2575 1676 2628 et
1707 2564 1795 2628 fama
1818 2586 1896 2628 suae
1927 2564 2088 2650 opinionis
2118 2564 2188 2626 sive

538 2672 618 2737 alios
642 2672 770 2757 imperii
793 2672 893 2734 vestri
924 2669 1087 2735 subiectos
1118 2672 1187 2734 sive
1219 2683 1349 2735 exteras
1378 2672 1526 2736 nationes
1555 2670 1859 2736 habundantissime
1891 2669 2074 2756 perfundat.
2122 2667 2189 2734 Ubi

537 2781 637 2865 igitur
659 2801 771 2842 omnes
795 2778 1013 2842 dissensiones
1037 2789 1069 2842 et
1092 2777 1275 2842 discordiae
1306 2777 1486 2843 dirimende
1517 2788 1550 2843 et
1579 2779 1682 2842 omnis
1714 2777 1838 2842 malitia
1864 2775 2025 2863 imperiali
2050 2777 2189 2840 auctori·
2207 2799 2237 2840 so

537 2897 603 2951 tate
627 2898 676 2949 est
699 2884 951 2971 comprimenda,
976 2907 1110 2948 neeesse
1134 2895 1183 2948 est
1209 2896 1246 2948 ut
1268 2884 1356 2970 quod
1386 2886 1419 2948 in
1450 2884 1522 2949 aliis
1552 2886 1715 2970 corrigere
1747 2883 1894 2948 decernit
1924 2884 1957 2946 in
1988 2905 2027 2947 ea
2057 2884 2189 2947 minime

538 2994 728 3080 reperiatur.

645 3117 728 3203 (92).
753 3115 842 3201 Cap.
856 3115 966 3181 XXV.
994 3114 1100 3180 Nam³
1115 3126 1148 3178 et
1163 3114 1225 3180 hoe
1241 3115 1405 3180 humiliter
1417 3113 1619 3180 obsecrando
1635 3115 1857 3196 admonemus,
1870 3125 1906 3179 ut
1919 3112 2040 3179 liberos
2052 3125 2189 3194 vestros,

538 3246 620 3310 quos
642 3222 737 3286 vobis
761 3222 873 3286 divina
896 3223 1001 3309 pietas
1024 3221 1135 3306 largiri
1166 3221 1278 3302 voluit,
1309 3223 1342 3285 in
1373 3223 1487 3286 timore
1511 3222 1577 3286 Dei
1606 3223 1725 3307 iugiter
1755 3221 1991 3308 diligenterque
2023 3220 2189 3300 erudiatis,

538 3330 634 3395 sicuti
657 3340 689 3392 et
712 3330 830 3411 facitis,
855 3338 897 3410 et,
921 3329 1013 3393 utin
1036 3338 1167 3392 mutuae
1193 3326 1375 3392 dilectionis
1399 3329 1534 3393 caritate
1558 3341 1590 3392 et
1613 3328 1823 3393 fraternitatis
1850 3350 1960 3393 amore
1984 3339 2081 3414 atque
2111 3349 2190 3390 una·
2207 3348 2236 3389 ss

538 3437 693 3500 nimitatis
718 3435 892 3501 concordia
914 3436 1059 3501 vicissim
1084 3436 1272 3516 consistant,
1296 3434 1411 3500 sedula
1433 3447 1633 3522 paternaque
1658 3435 1878 3500 admonitione
1902 3435 2057 3499 insistatis
2082 3443 2124 3516 et,
2147 3455 2189 3497 ne

539 3542 670 3607 inlicitis
694 3540 822 3606 actibus
849 3543 1006 3606 creatoris
1038 3542 1087 3605 sui
1119 3541 1275 3606 offensam
1305 3543 1482 3625 incurrant,
1513 3541 1652 3629 provida
1682 3541 1867 3628 sollertique
1898 3541 2190 3628 circumspectione

540 3648 768 3714 nihilhominus
791 3647 979 3733 invigiletis,
1004 3646 1217 3711 adtendentes
1241 3646 1372 3713 beatum
1395 3647 1466 3730 Iob,
1490 3649 1583 3712 cuius
1606 3647 1759 3731 studium,
1791 3659 1827 3711 ut
1849 3647 1964 3712 beatus
1989 3646 2190 3732 Gregorius⁴

539 3757 572 3819 in
595 3754 772 3819 moralibus
796 3753 887 3818 libris
910 3752 1034 3832 scribit,
1059 3754 1147 3818 circa
1169 3753 1253 3818 filios
1277 3754 1471 3819 erudiendos
1494 3754 1558 3819 tale
1582 3755 1699 3836 extitit,
1715 3766 1751 3819 ut
1773 3777 1838 3819 non
1854 3754 1956 3819 solum
1974 3777 2029 3818 eos
2046 3754 2191 3818 exterius

539 3861 701 3948 perfectos
732 3883 830 3948 opere
861 3874 893 3925 et
921 3883 1068 3925 sermone
1103 3860 1257 3942 efficeret,
1287 3883 1401 3926 verum
1436 3862 1534 3926 etiam
1569 3883 1680 3925 eorum
1711 3859 1811 3926 corda
1844 3860 1996 3925 sacrificii
2026 3858 2191 3924 oblatione
2208 3881 2237 3922 ιι

539 3967 721 4032 mundaret.
767 3966 944 4032 Adtendite
968 3968 1068 4031 etiam
1092 3979 1124 4031 et
1146 3965 1260 4030 David
1282 3968 1493 4032 instruentem
1517 3967 1724 4033 Salomonem
1747 3967 1849 4032 filiurn
1873 3990 1978 4049 suum,
2003 3966 2044 4031 de
2068 3989 2133 4052 quo
2156 3967 2191 4029 in

360 4103 520 4154 amanus.
540 4075 642 4161 primo
666 4072 749 4139 libro
773 4073 949 4139 Malachim
973 4073 1107 4159 legitur:
1139 4073 1219 4161 Epo,
1242 4074 1358 4159 inquit,
1384 4075 1547 4160 ingredior
1574 4078 1659 4139 viora
1689 4079 1830 4139 arriperes
1860 4089 1980 4156 ιινιαι,ι
2009 4075 2191 4161 confortare

539 4196 568 4247 ct
597 4196 658 4246 esto
693 4184 742 4246 cir
767 4184 872 4270 fortis
906 4196 934 4245 et
963 4183 1092 4246 observa
1127 4179 1286 4245 custodias
1320 4181 1446 4245 dornlnt'
1472 4181 1539 4246 Del
1570 4185 1626 4261 tul,
1661 4196 1695 4246 ιιι
1727 4183 1866 4246 ambules
1899 4184 1934 4244 in
1968 4183 2031 4245 vir’s
2062 4182 2130 4244 eius
2163 4193 2192 4244 ct

539 4288 698 4353 custodias
721 4291 909 4353 cerimonias
933 4290 1001 4351 elus
1023 4302 1051 4351 et
1075 4287 1198 4351 iudicia
1221 4289 1289 4351 cirta
1312 4301 1340 4351 et
1354 4302 1528 4373 praccepta
1551 4302 1579 4351 et
1600 4290 1787 4368 teatr'rnonr'a,
1810 4291 1891 4352 n'car
1911 4290 2064 4374 scriptum
2088 4300 2133 4351 est
2157 4288 2189 4349 ln

363 4422 521 4472 rna-resp.
541 4396 605 4480 lepe
627 4394 743 4481 Moysi.
790 4394 834 4459 Et
856 4395 889 4457 in
914 4392 997 4458 libro
1021 4391 1311 4478 Paralipomenon:
1341 4392 1388 4458 Tu
1411 4408 1513 4458 autem
1534 4394 1694 4474 Salomon,
1710 4396 1772 4481 fili
1791 4398 1846 4474 rui,
1869 4396 1945 4458 scito
1962 4394 2064 4458 Deum
2084 4393 2192 4479 patris
2208 4414 2237 4454 ss

540 4503 637 4565 tuiet
658 4504 799 4566 nervici
819 4501 912 4566 corde
939 4503 1083 4587 perfecto
1111 4515 1139 4564 et
1167 4503 1274 4564 aalma
1305 4500 1491 4565 volitatorio.
1546 4499 1724 4565 adtendite
1755 4501 1853 4564 etiarn
1876 4499 2025 4580 Tobiam,
2057 4497 2097 4562 do
2126 4520 2190 4584 quo

374 4636 519 4686 ‘roura-q.
539 4605 667 4692 legitur,
691 4607 789 4694 quod,
820 4635 887 4672 cunr
912 4610 1026 4696 factus
1058 4621 1135 4672 essct
1165 4609 1226 4686 vir,
1256 4609 1377 4692 accepit
1407 4633 1534 4671 sanorem
1556 4610 1684 4672 Annam
1715 4634 1754 4672 ea·
1782 4610 1866 4672 trihu
1894 4633 1953 4671 aaa
1977 4622 2005 4670 et
2023 4608 2132 4694 penult
2153 4629 2193 4670 ex

647 4810 749 4860 XXIII
778 4809 936 4859 5homines
955 4808 986 4857 P.
1059 4807 1074 4857 I
1094 4800 1247 4870 munerum]
1265 4822 1406 4858 numerum
1425 4806 1456 4857 P.

648 4899 769 4948 XXIIII.
797 4891 954 4963 Spropterl
976 4912 1025 4962 pro
1045 4895 1076 4946 P.
1149 4897 1355 4961 9vestramque
1376 4894 1402 4945 V.
1478 4900 1510 4947 10
1529 4897 1665 4947 adhebeat
1684 4896 1715 4946 P.
1790 4899 1822 4946 14
1841 4897 1990 4958 secundum
2009 4895 2037 4957 V,
2056 4911 2141 4945 secun
2160 4893 2193 4944 P.

544 4991 575 5040 19
595 4989 719 5040 nationes
737 4988 804 5038 deest
822 4986 849 5036 ι’,
922 4988 956 5036 22
975 4989 1132 5051 repereatur
1151 4983 1178 5034 V.
2209 4987 2240 5028 ιιι

648 5076 746 5214 xxv,
760 5077 794 5127 32
813 5076 967 5137 confortare
988 5074 1141 5125 confortare
1159 5068 1208 5133 (tis
1225 5069 1315 5138 ludar)
1334 5072 1361 5122 V.
1429 5075 1462 5123 34
1482 5068 1655 5138 cerimonias]
1675 5075 1843 5125 cerimonitis
1863 5074 1889 5123 ι’.
1961 5075 1994 5124 36
2013 5073 2127 5123 Tobiem
2147 5065 2192 5135 de]

542 5167 612 5218 'I'obi
630 5171 657 5217 te
676 5164 704 5220 V,
748 5165 794 5216 obi
813 5164 847 5214 de
867 5164 899 5214 P.

653 5347 682 5416 1)
700 5345 750 5418 Cf.
765 5345 866 5403 relatio
881 5345 1073 5420 episcoporum
1093 5363 1117 5400 c.
1134 5348 1175 5403 59
1191 5344 1280 5412 med.;
1299 5345 1318 5400 ι.
1335 5345 1354 5400 l.
1374 5342 1415 5414 11,
1431 5347 1481 5404 49.
1516 5343 1621 5403 Concil.
1638 5345 1868 5422 Aqarspraacme
1884 5347 1947 5404 836
1966 5344 2043 5401 decr.
2065 5362 2129 5418 cap.
2145 5341 2201 5399 ΙΙΙ

544 5475 567 5512 c.
584 5457 624 5513 12
647 5448 731 5528 (52),·
755 5452 839 5524 infra
861 5471 895 5527 p.
913 5454 983 5511 720.
1085 5449 1115 5519 2)
1137 5450 1169 5506 V.
1193 5469 1284 5525 supra
1307 5449 1352 5506 lib.
1369 5449 1406 5506 Π
1424 5455 1485 5511 c.6
1507 5445 1591 5528 (60),-
1613 5472 1646 5528 p.
1665 5455 1736 5510 656.
1837 5450 1867 5520 3)
1893 5448 1942 5522 Cf.
1966 5449 2067 5508 relatio
2089 5449 2195 5526 cpisco-

539 5579 644 5636 porum
667 5579 690 5616 c.
711 5564 768 5628 60;
791 5559 809 5615 l.
833 5559 853 5614 l.
879 5556 920 5627 11,
936 5561 1034 5633 49sq.
1083 5555 1188 5615 Concil.
1212 5555 1443 5633 Aquispranense
1465 5559 1528 5617 836
1551 5559 1627 5615 decr.
1652 5575 1716 5633 capu
1734 5557 1788 5615 ΙΙΙ
1805 5577 1829 5614 c.
1852 5560 1889 5616 13
1912 5551 1999 5634 (53);
2021 5576 2056 5632 p.
2074 5559 2193 5631 720sq.
2211 5571 2241 5614 ιι

545 5665 576 5736 l)
605 5665 654 5738 Cf.
680 5664 838 5743 Grcqorirn
862 5664 915 5734 M„
942 5663 1069 5721 Marulla
1093 5662 1114 5719 I
1131 5683 1155 5720 c.
1181 5657 1246 5738 9§
1269 5666 1325 5730 13;
1353 5661 1427 5738 Opp
1452 5662 1476 5733 I,
1500 5667 1558 5734 21,·
1585 5666 1682 5722 eadem
1704 5663 1790 5722 uerba
1816 5672 1848 5720 ut
1872 5683 1963 5739 supra
1992 5684 2029 5721 ea
2052 5661 2195 5740 Gregorio

544 5792 601 5830 non
630 5772 793 5829 verbotenus
815 5779 928 5846 recepta
951 5779 1103 5828 sommant
1124 5770 1206 5845 apud
1226 5768 1326 5826 Ionam
1350 5769 1458 5838 Aurcl„
1483 5770 1529 5828 De
1551 5770 1720 5828 instinctione
1742 5769 1840 5828 laicali
1862 5770 1896 5827 11
1916 5789 1939 5827 c.
1957 5773 2005 5840 14,
2028 5769 2076 5826 uti
2097 5769 2195 5826 eodan

544 5897 653 5955 quoque
674 5886 842 5955 argumenta
865 5897 901 5935 cx
922 5877 1066 5953 scriptura
1088 5884 1189 5934 sancta
1212 5876 1379 5951 depronmta
1397 5878 1543 5953 leguntur:
1567 5886 1640 5934 certe
1662 5885 1799 5934 tractante
1822 5876 1911 5934 Ionae
1933 5877 2032 5935 iterum
2055 5874 2196 5952 inspectus

546 5993 595 6055 est,
617 5984 744 6061 quaeraris
766 6004 824 6042 non
845 5984 881 6042 sit
902 5982 1075 6041 adverbum
1099 5982 1240 6058 repetitas.
