4884 6717
734 551 786 606 44.
823 550 1043 608 CONCILIUM
1065 549 1295 607 PARISIENSE
1319 551 1356 605 Α.
1377 547 1454 606 825.
1857 541 1922 604 529

264 741 353 805 tione
377 739 551 803 adorantes
575 740 822 825 compescuerit,
853 737 942 802 nulla
973 737 1132 803 dubitatio
1156 748 1215 802 est.
1263 737 1302 801 In
1326 759 1364 801 eo
1388 758 1477 818 vero,
1510 735 1601 823 quod
1631 734 1675 800 ad
1698 734 1922 801 Secundinum

265 848 411 934 scripsit:
437 852 516 911 Nos¹
541 857 657 927 quidem
672 872 728 909 non
745 856 826 926 quasi
849 863 916 910 ante
941 855 1120 909 divinitatem
1143 863 1210 909 ante
1235 855 1324 925 ipsam
1348 853 1559 924 prosternimur,
1584 853 1637 907 sod
1660 852 1739 907 illum
1762 853 1922 920 adoramus,

265 982 349 1036 quern
373 981 425 1036 per
448 964 597 1035 imaginem
621 969 718 1017 natum
741 969 790 1017 aut
814 980 928 1032 passum
944 961 990 1016 rcl
1013 962 1042 1016 in
1058 961 1158 1016 throno
1174 962 1325 1015 sedentem
1342 960 1532 1022 recordamur,
1557 948 1624 1024 ubi,
1648 963 1683 1013 ut
1708 951 1923 1036 praemissum

265 1067 345 1141 est²,
369 1084 408 1125 ac
428 1062 456 1124 si
474 1058 604 1123 sibimet
623 1060 787 1123 centraria
806 1059 936 1138 dixerit,
961 1058 1197 1144 intelligentiae
1221 1069 1352 1122 nostrae
1377 1079 1411 1121 se
1436 1055 1543 1142 caligo
1568 1055 1747 1120 confundit.
1791 1056 1858 1122 Sed
1881 1079 1922 1120 ne

233 1190 324 1231 snos
354 1190 418 1231 non
446 1167 634 1231 necessaria
665 1167 850 1251 ignorantia
880 1164 914 1229 id
944 1188 1010 1229 non
1040 1163 1252 1250 intelligendo
1285 1163 1406 1228 diutius
1437 1174 1598 1249 torqueat,
1630 1185 1745 1228 sensus
1776 1163 1922 1228 eiusdem

266 1274 447 1338 sententiae
471 1272 544 1337 talis
569 1285 634 1337 est:
666 1272 733 1337 Nos
759 1271 890 1359 quidem
914 1284 989 1335 ante
1014 1272 1120 1357 ipsam
1142 1294 1207 1335 non
1231 1271 1466 1356 prosternimur
1489 1270 1583 1356 quasi
1607 1281 1682 1334 ante
1707 1269 1922 1348 divinitatem,

266 1379 324 1445 sed
348 1380 437 1445 illum
462 1379 635 1444 adoramus
659 1391 692 1443 et
716 1391 835 1443 cetera.
882 1377 979 1459 Quod
1003 1377 1068 1442 tale
1093 1388 1152 1456 est,
1181 1378 1250 1442 acsi
1274 1377 1343 1463 regi
1367 1378 1402 1440 in
1424 1376 1541 1441 throno
1566 1376 1692 1440 sedenti
1717 1376 1823 1441 dicas:
1855 1377 1923 1442 Nos

266 1487 407 1573 quidem,
433 1511 453 1551 o
477 1510 546 1568 rex,
576 1510 641 1551 non
665 1487 759 1573 quasi
784 1497 860 1550 ante
884 1484 1089 1549 divinitatem
1112 1496 1188 1548 ante
1211 1496 1244 1548 te
1268 1485 1512 1570 prosternimur,
1543 1482 1601 1548 sed
1626 1482 1714 1547 illurn
1738 1482 1922 1560 odoramus,

266 1617 363 1681 quem
393 1617 453 1680 per
482 1595 658 1679 imaginem
686 1604 785 1674 tuam,
817 1594 895 1679 quia
918 1592 1014 1656 homo
1038 1614 1084 1668 es,
1115 1590 1281 1655 dominum
1306 1590 1415 1654 Iesum
1439 1589 1603 1654 Christum
1629 1589 1792 1654 hominem
1816 1613 1923 1654 recor·

221 1726 248 1765 ro
266 1700 382 1765 damur
404 1713 516 1765 natum
539 1713 596 1764 aut
618 1722 750 1787 passum
774 1699 826 1764 vel
850 1701 884 1763 in
907 1699 1023 1763 throno
1040 1697 1218 1774 sedentem,
1243 1698 1335 1762 cuius
1352 1698 1495 1761 imitator
1511 1719 1546 1761 es
1562 1708 1596 1760 tu
1613 1696 1731 1760 sedens
1748 1698 1781 1761 in
1796 1697 1923 1761 throno.

267 1806 432 1893 Numquid
456 1806 514 1871 tali
538 1806 626 1871 dicto
650 1829 727 1870 mox
752 1828 955 1893 consequens
980 1817 1039 1883 est,
1063 1816 1098 1869 ut
1122 1803 1263 1868 eundem
1280 1826 1391 1889 regem
1408 1803 1546 1867 adorare
1564 1802 1740 1889 compellar
1756 1802 1924 1867 sedentem

266 1915 299 1978 in
314 1913 456 1977 throno?
492 1913 543 1977 Ita
566 1936 626 1977 nec
651 1914 684 1976 in
708 1935 758 1989 ec,
783 1911 870 1998 quod
894 1912 1028 1975 dieitur:
1055 1916 1135 1975 Nos³
1158 1921 1273 1991 quidem
1290 1937 1345 1975 nou
1362 1921 1442 1991 quasi
1458 1927 1525 1975 ante
1542 1919 1720 1974 divinitatem
1744 1927 1810 1974 aute
1835 1920 1924 1991 ipsam

265 2030 479 2102 prosternimur,
510 2031 562 2084 sed
591 2029 668 2084 illum
692 2030 840 2084 adoramus
870 2029 903 2083 et
934 2029 1054 2098 cetera,
1085 2017 1128 2081 ad
1158 2017 1338 2103 imaginum
1369 2016 1593 2081 adorationem
1618 2017 1804 2096 invitamur,
1836 2017 1924 2103 quia,

266 2128 350 2192 sicut
373 2128 407 2191 in
430 2126 539 2191 multis
563 2126 694 2190 divinae
719 2127 922 2190 auctoritatis
947 2122 1166 2188 voluminibus
1190 2124 1368 2188 sententias
1392 2123 1505 2187 ordine
1522 2120 1696 2186 verborum
1713 2133 1924 2209 praepostero

222 2259 247 2298 rs
266 2235 403 2319 scriptas
428 2234 622 2314 invenimus,
647 2234 693 2296 ita
715 2254 845 2319 quoque
869 2232 992 2296 factum
1016 2253 1088 2296 esse
1113 2253 1151 2294 eo
1168 2252 1276 2310 sensu,
1300 2241 1336 2293 ut
1360 2228 1605 2315 supradictum
1629 2240 1688 2308 est,
1713 2228 1827 2293 hocin
1851 2228 1924 2293 loco

265 2341 397 2404 minime
422 2338 618 2404 dubitamus.

373 2445 455 2511 Cum
488 2447 574 2510 enim
606 2445 652 2510 ibi
683 2447 838 2531 seriptum
870 2446 927 2509 sit:
964 2451 1044 2508 Nos⁴
1075 2455 1191 2525 quidem
1221 2471 1278 2507 uon
1309 2454 1390 2524 quasi
1419 2459 1486 2508 ante
1519 2454 1697 2508 divinitatem
1732 2460 1800 2507 aute
1836 2453 1925 2524 ipsam

266 2563 479 2635 prosternimur,
511 2554 584 2639 quis
615 2575 680 2616 non
710 2551 951 2616 animadvertat
980 2551 1013 2615 id
1045 2552 1152 2636 ipsum
1183 2551 1288 2635 magis
1319 2549 1492 2614 refutando
1522 2573 1621 2637 quam
1652 2548 1843 2636 imperando
1871 2548 1924 2613 vel

267 2659 468 2724 adhortando
484 2659 621 2724 candem
638 2658 862 2723 adorationem
877 2659 1057 2744 imaginum
1074 2656 1197 2722 dictum
1214 2679 1297 2737 esse,
1315 2658 1361 2721 ita
1377 2669 1412 2721 ut
1427 2656 1551 2722 dictum
1568 2667 1627 2721 est.
1660 2656 1792 2737 Quanto
1809 2657 1923 2741 magis,

223 2768 353 2831 sesicut
382 2790 481 2853 supra
510 2767 633 2831 factum
665 2778 723 2846 est,
755 2765 835 2830 ordo
866 2762 1041 2828 verborum
1065 2766 1093 2828 si
1122 2786 1182 2828 suo
1213 2765 1402 2828 restituatur
1431 2765 1465 2827 in
1495 2762 1620 2844 ordine,
1652 2785 1782 2828 omnem
1812 2785 1924 2848 quem·

269 2896 408 2960 cumque
432 2872 473 2938 ob
498 2874 631 2937 nimiam
656 2871 898 2959 simplieitatem
923 2882 1084 2935 errantem
1109 2871 1141 2934 in
1166 2893 1216 2950 eo,
1249 2870 1336 2957 quod
1360 2869 1491 2935 beatum
1516 2881 1651 2935 sanctae
1676 2870 1740 2934 Dei
1765 2869 1925 2934 ecelesiae

269 2980 433 3045 doctorem
458 2979 631 3044 adversum
658 2979 800 3066 seipsum
831 2978 972 3042 sensisse
1003 2976 1207 3057 aestimabat,
1240 2978 1404 3062 corrigere
1435 2978 1565 3064 poterit,
1596 2977 1731 3063 insuper
1754 2978 1863 3056 etiam,
1896 2976 1924 3039 si

269 3109 464 3174 quemquam
489 3086 638 3151 subtilius
661 3084 896 3172 intelligentem
920 3083 982 3149 hoc
1005 3083 1233 3170 neglegentius
1256 3084 1405 3148 minusve
1436 3085 1558 3148 intente
1590 3083 1700 3168 legere
1725 3083 1924 3169 contigisset,

269 3193 422 3258 facillime
446 3195 589 3279 seipsum
614 3192 858 3272 diiudicantem,
891 3214 950 3255 cur
973 3189 1150 3277 aliquando
1174 3190 1270 3254 aliter
1299 3191 1448 3270 senserit,
1479 3190 1521 3255 ad
1552 3188 1695 3255 sobrium
1725 3189 1924 3254 intellectum

225 3325 252 3363 ss
270 3322 425 3364 revocare
456 3301 585 3386 poterit.
639 3299 674 3365 Si
706 3300 778 3386 quis
809 3311 935 3374 autem,
975 3297 1061 3384 quod
1093 3297 1226 3384 quidem
1257 3320 1277 3361 a
1308 3320 1386 3361 sane
1418 3296 1620 3384 sapientibus
1650 3294 1800 3361 omnibus
1830 3294 1926 3374 absit,

271 3408 375 3492 magis
406 3430 499 3471 suum
530 3429 662 3470 sensum
693 3404 860 3493 sequendo
891 3405 981 3469 illum
1013 3404 1152 3469 voluerit
1184 3403 1404 3468 condemnare
1435 3427 1533 3490 quam
1565 3426 1600 3468 se
1631 3404 1812 3488 corrigere,
1847 3401 1927 3466 nulli

272 3512 418 3594 dubium,
443 3515 521 3600 quin
545 3514 662 3578 merito
686 3511 728 3576 ab
752 3514 916 3588 universa,
942 3513 1084 3576 maxime
1109 3523 1218 3575 tamen
1239 3534 1259 3574 a
1276 3522 1389 3575 sancta
1404 3510 1470 3575 Dei
1485 3511 1633 3576 Romana
1651 3509 1791 3574 ecclesia
1808 3506 1928 3574 debeat

272 3619 492 3684 condemnari.
540 3620 757 3707 Nequaquam
782 3620 868 3683 enim
893 3619 964 3682 fieri
988 3629 1105 3705 potest,
1129 3629 1164 3682 ut
1188 3617 1249 3681 hae
1275 3616 1359 3681 duae
1383 3618 1564 3681 sententiae
1589 3615 1720 3681 sibimet
1744 3616 1927 3680 contrariae

272 3749 337 3790 non
361 3728 514 3808 existant,
545 3749 621 3808 una,
653 3749 717 3813 qua
741 3725 882 3813 populus
906 3723 948 3789 ab
972 3724 1162 3789 adoratione
1186 3725 1375 3809 imaginum,
1406 3746 1448 3787 ne
1473 3725 1618 3789 criminis
1643 3722 1677 3787 id
1700 3722 1828 3808 agendo
1852 3744 1927 3786 reus

227 3858 254 3896 so
273 3846 439 3920 appareat,
465 3831 664 3919 prohibetur,
689 3833 793 3897 altera
808 3855 897 3912 vero,
922 3854 1007 3919 quae
1027 3831 1116 3895 illum
1139 3829 1172 3894 id
1189 3832 1296 3917 ipsum
1314 3831 1419 3916 egisse
1436 3843 1639 3917 ceterosque,
1665 3843 1700 3894 ut
1716 3829 1778 3894 hoe
1794 3828 1927 3905 faciant,

273 3940 422 4004 docuisse
458 3939 655 4025 perhibetur.
710 3939 776 4004 Sed
811 3937 896 4003 absit
930 3938 991 4002 hoc
1026 3961 1046 4002 a
1080 3949 1169 4002 tanto
1204 3936 1327 4024 talique
1364 3937 1509 4024 generali
1548 3936 1728 4002 catholicae
1767 3934 1928 4000 ecclesiae

273 4047 438 4132 magistro,
463 4048 578 4134 utqui
602 4048 773 4111 universas
797 4045 973 4133 perplexas
997 4045 1179 4131 scripturae
1203 4045 1422 4130 quaestiones,
1447 4067 1532 4131 quae
1556 4042 1618 4108 sibi
1639 4043 1822 4107 contrariae
1838 4041 1929 4105 ride·

274 4151 393 4217 bantur
416 4155 512 4240 eique
536 4152 579 4217 ad
603 4152 846 4240 explanandum
870 4151 923 4216 vel
947 4150 1152 4216 tractandum
1177 4161 1400 4230 occurrerunt,
1425 4173 1602 4237 numquam
1622 4148 1817 4214 dissidentes
1834 4147 1930 4212 relin-

274 4282 374 4347 quere
398 4261 578 4340 consuevit,
603 4283 662 4324 sua
685 4258 816 4323 sibimet
840 4259 929 4324 dicta
954 4256 1175 4323 discordantia
1198 4256 1393 4343 reliquisset.

228 4391 256 4430 ss
382 4366 443 4430 His
478 4368 524 4431 ita
555 4379 688 4453 propter
721 4364 890 4430 vitandam
926 4365 1112 4429 huiusmodi
1147 4365 1363 4428 temeritatem
1398 4365 1584 4427 summatim
1619 4364 1808 4449 praemissis
1843 4385 1930 4427 nunc

274 4472 463 4552 videndum,
488 4485 594 4537 utrum
619 4474 649 4537 ei
674 4474 846 4559 quisquam
865 4472 1098 4536 catholicorum
1115 4483 1254 4557 patrum,
1279 4471 1429 4557 quamvis
1453 4471 1483 4534 ei
1500 4469 1687 4557 specialiter
1703 4469 1839 4533 fortasse
1855 4468 1930 4533 talis

275 4578 440 4645 scribendi
464 4582 643 4644 necessitas
668 4581 799 4644 minime
823 4576 1038 4654 incumberet,
1063 4578 1096 4641 iu
1121 4577 1239 4641 ceteris
1262 4575 1456 4641 tractatibus
1481 4577 1547 4641 suis
1571 4575 1636 4641 tale
1653 4575 1776 4662 aliquid
1793 4574 1930 4639 inclitum

275 4686 404 4766 habeat,
428 4689 461 4750 in
486 4708 550 4773 quo
574 4684 720 4750 eiusdem
744 4687 847 4771 patris
871 4686 982 4748 sensui
1006 4684 1047 4749 de
1072 4682 1270 4768 imaginibus
1294 4705 1430 4747 concors
1454 4705 1526 4746 esse
1550 4682 1710 4748 videatur.

381 4793 469 4858 Ecce
494 4794 580 4858 enim
605 4791 720 4857 beatus
737 4790 941 4868 Ambrosius,
966 4792 1118 4878 antiquus
1137 4789 1297 4854 ecclcsiae
1315 4789 1377 4853 Dei
1395 4788 1574 4876 probabilis
1598 4788 1722 4866 doctor,
1746 4790 1792 4852 ita
1809 4790 1840 4852 in
1865 4789 1932 4874 epi·

229 4932 257 4969 ⁴0
275 4899 358 4965 stola
374 4899 467 4964 Pauli
491 4899 534 4964 ad
557 4899 720 4964 Romanos
744 4910 888 4963 tractans
911 4899 973 4962 ait:
999 4903 1085 4970 Qun⁵
1107 4907 1216 4961 ratione
1235 4924 1327 4977 quare
1346 4907 1516 4961 auctoritato
1540 4906 1676 4976 imagines
1699 4905 1863 4976 angelorum
1886 4904 1933 4960 rel

276 5018 391 5072 aliorum
407 5025 564 5071 sanctorum
580 5016 743 5072 adorandae
760 5017 826 5074 sint.
842 5033 903 5070 cum
921 5015 973 5086 ipsi
985 5015 1076 5068 sancti
1092 5014 1188 5085 angeli
1204 5013 1250 5067 rel
1268 5013 1358 5066 sancti
1375 5012 1501 5068 homines
1514 5013 1591 5067 viros
1604 5031 1635 5066 se
1649 5012 1759 5066 adorari
1772 5012 1933 5066 noluerint?

383 5112 664 5179 CONSILIUMt
710 5113 914 5176 Arrctoritate
946 5134 1040 5197 ergo,
1079 5123 1113 5174 ut
1148 5110 1394 5195 proposuimus,
1432 5109 1576 5174 secundo
1608 5108 1679 5172 loco
1717 5109 1838 5172 inserta
1868 5131 1933 5174 non

276 5220 418 5307 quidem,
450 5233 606 5306 quantum
637 5242 679 5283 ex
710 5219 861 5283 thesauro
892 5216 1056 5282 uberrimo
1088 5218 1311 5282 ecclesiastico
1335 5217 1450 5303 potuit,
1482 5217 1541 5282 sed
1568 5229 1724 5304 quantum
1750 5214 1933 5300 epistolaris

383 5415 481 5485 suni]
502 5422 540 5471 ibi
561 5419 591 5471 P.
675 5423 707 5469 ts
734 5419 874 5469 adorando
895 5418 925 5469 P.
1008 5421 1042 5469 20
1066 5418 1174 5469 sideest
1194 5418 1224 5468 P.
1307 5421 1341 5469 24
1368 5419 1535 5470 diiudicante
1556 5418 1586 5468 P.
1669 5419 1703 5467 22
1723 5423 1750 5466 ct
1770 5418 1803 5467 25
1823 5411 1934 5483 poterit}

231 5525 259 5565 es
276 5511 327 5560 scil.
347 5510 397 5570 ille,
416 5511 459 5576 qui
474 5510 565 5575 probat
583 5509 809 5574 interpretationem
830 5508 998 5574 sprodalium.
1071 5509 1105 5558 4‘2
1125 5507 1273 5557 noluerunt
1294 5507 1324 5557 P.

387 5692 416 5760 1)
440 5691 471 5747 V.
495 5710 586 5766 supra
604 5710 637 5766 p.
655 5695 718 5749 528
742 5691 761 5746 l.
778 5693 820 5749 26
831 5709 892 5765 sqq.
985 5690 1015 5759 2)
1042 5687 1090 5760 Cf.
1114 5709 1205 5763 supra
1224 5709 1257 5764 p.
1275 5693 1339 5748 528
1362 5691 1380 5745 l.
1398 5693 1439 5748 40
1450 5709 1511 5765 sqq.
1604 5688 1634 5756 3)
1657 5689 1690 5745 V.
1715 5693 1779 5747 528
1802 5689 1820 5743 l.
1838 5693 1881 5746 21)·
1893 5707 1935 5762 sq.

279 5797 311 5868 4)
335 5797 453 5855 Ibidem.
551 5797 581 5867 5)
606 5795 693 5853 Hunc
715 5798 803 5852 locuta
828 5797 909 5872 aprrd
929 5795 1104 5853 Artabrosium
1129 5816 1185 5853 noa
1210 5795 1312 5864 inveni,
1344 5797 1396 5853 sed
1417 5795 1518 5871 legitur
1539 5815 1630 5870 supra
1650 5815 1685 5870 p.
1703 5798 1762 5854 494
1787 5797 1805 5851 Ι.
1823 5797 1861 5853 14
1873 5813 1936 5869 sqq.

280 5897 311 5980 o)
334 5904 365 5960 V.
389 5924 480 5979 mpra
498 5925 531 5978 p.
549 5907 612 5962 523
635 5905 653 5959 1.
672 5907 710 5962 34
722 5923 784 5978 sqq.

334 6020 377 6062 111⁴
394 6020 495 6060 Corellia
509 6021 538 6060 11.
1690 6024 1722 6072 6¹1
