4884 6717
734 560 786 618 50.
822 559 1042 618 CONCILIUM
1065 560 1292 617 PARISIENSE
1316 562 1353 617 A.
1375 559 1450 617 829.
1855 555 1919 618 665

259 757 394 812 orationis
418 756 512 811 fructu
535 757 691 828 privantes,
716 765 852 828 putantes
876 757 973 812 aDeo
996 775 1110 829 precem
1135 757 1273 824 exaudiri,
1298 776 1380 829 quarn
1404 775 1457 812 nec
1481 758 1546 828 ipsi,
1571 759 1619 829 qui
1637 758 1770 824 fundunt,
1787 759 1918 815 andiunt.

261 862 345 926 Quod
368 864 475 935 antiqui
499 863 587 918 bostis
612 864 748 919 instinctu
771 864 833 918 fieri
856 881 939 919 nemo
964 872 1007 918 est
1032 864 1079 934 qui
1104 864 1331 921 animadvertere
1355 874 1493 935 nequeat.
1540 863 1639 920 Sciens
1663 866 1736 920 enim
1767 867 1918 922 utilitatem

259 970 357 1025 orandi
382 978 412 1024 et
436 970 566 1025 invidens
589 971 746 1025 bominibus
769 971 888 1042 gratiam
912 971 1083 1042 impetrandi
1107 971 1224 1025 inmittit
1247 971 1393 1026 orantibus
1416 971 1581 1027 multimoda
1596 972 1798 1043 cogitationum
1813 972 1918 1028 levium

261 1085 290 1132 et
313 1077 466 1148 aliquando
490 1079 575 1131 etium
600 1078 724 1148 turpium
747 1078 967 1148 nocentiumque
992 1076 1171 1144 fantasmata,
1196 1077 1300 1147 quibus
1327 1078 1483 1132 orationem
1513 1079 1652 1149 inpediat,
1683 1080 1756 1133 adeo
1786 1087 1816 1132 ut
1846 1097 1916 1133 non·

222 1205 237 1243 a
260 1201 409 1255 numquam
433 1184 507 1239 tales
530 1192 681 1255 tantosque
706 1185 924 1239 discurrentium
949 1184 1150 1255 cogitationum
1174 1183 1277 1237 flnctus
1301 1185 1435 1255 prostrati
1451 1184 1479 1238 in
1496 1185 1623 1240 oratione
1640 1186 1804 1240 toleremus.
1844 1184 1917 1239 Sunt

260 1290 357 1361 itaque
381 1291 522 1362 plerique,
548 1292 649 1362 quibus
672 1291 766 1362 potius
790 1291 867 1346 cordi
884 1297 929 1345 cst
945 1291 1023 1345 vanis
1041 1297 1070 1345 et
1086 1290 1216 1345 obscenis
1237 1290 1513 1345 confabulationibus
1529 1309 1631 1346 vacare
1648 1310 1731 1362 quam
1747 1293 1917 1348 lectionibus

259 1398 359 1452 divinis
383 1415 479 1453 aurem
502 1398 725 1465 accommodare,
750 1398 853 1468 quibus
877 1398 963 1452 etiam
987 1414 1124 1468 nusquam
1148 1403 1206 1451 tam
1230 1396 1403 1452 delectabile
1427 1398 1541 1451 videtur
1565 1414 1628 1452 esse
1652 1398 1801 1464 consiliari,
1819 1417 1915 1454 susur-

258 1505 380 1560 rationes
403 1504 520 1560 aliornm
543 1505 657 1559 auribus
680 1506 823 1576 ingerere,
853 1504 978 1559 cacinnis
1002 1521 1051 1558 ora
1074 1503 1229 1558 dissolvere
1254 1520 1338 1574 quarn
1368 1504 1397 1557 iu
1421 1503 1544 1559 ecclesia
1565 1504 1633 1570 Dei,
1664 1505 1712 1558 ubi
1736 1523 1800 1559 curn
1823 1505 1914 1560 bumi-

257 1610 322 1666 liter
344 1611 508 1682 devoteque
532 1612 695 1665 delnrernnt
728 1612 858 1666 invocare
884 1621 912 1664 ct
936 1618 1059 1682 peccata
1085 1628 1137 1664 sua
1160 1609 1279 1665 deflere.
1326 1608 1385 1665 Sed
1409 1617 1439 1664 et
1463 1609 1515 1664 hoc
1540 1611 1668 1666 eiusdem
1689 1611 1779 1666 bostis
1808 1613 1915 1683 antiqui

214 1738 240 1777 ro
258 1718 392 1771 instinctu
415 1717 478 1772 lieri
500 1718 614 1772 dubium
638 1736 693 1772 non
718 1727 772 1772 cst.
813 1717 896 1782 Quod
920 1727 1016 1772 autem
1040 1718 1137 1771 domus
1154 1716 1210 1771 Dei
1234 1733 1291 1771 non
1314 1717 1350 1770 sit
1366 1717 1559 1771 huiuscemodi
1575 1717 1743 1772 inlicitorum
1759 1719 1914 1787 actionum,

258 1825 309 1878 sed
333 1825 427 1895 potius
451 1826 618 1888 orationum,
643 1825 780 1879 Dominus
804 1826 889 1880 docet
914 1826 942 1879 in
968 1825 1116 1896 evangelio
1139 1824 1255 1878 dicens:
1281 1822 1390 1878 Domus
1412 1842 1474 1877 raico
1498 1823 1595 1878 domus
1622 1822 1759 1879 orationis
1787 1833 1835 1892 est,
1867 1845 1916 1882 turs
1933 1843 2072 1896 buerant

257 1937 347 1986 utitem
365 1929 479 2000 ‚semitis
502 1950 563 1986 curu
587 1932 748 2005 apollineum
773 1932 923 1986 lutrimuru.
972 1930 1113 2002 Origenes
1144 1948 1271 2001 quoque,
1301 1930 1351 1984 ubi
1381 1930 1418 1983 de
1450 1929 1589 1984 velamine
1614 1930 1705 2002 Moysi
1735 1932 1842 1998 scribit,
1873 1933 1915 1987 itu

257 2038 342 2091 dicit:
368 2034 549 2093 Dicendmn¹
573 2038 655 2092 nobis
679 2045 724 2093 est
746 2038 834 2109 prius,
859 2038 927 2108 quid
952 2039 988 2091 sit
1011 2038 1093 2092 bomo
1117 2055 1232 2092 aversus
1256 2055 1273 2090 a
1296 2036 1427 2102 Domino,
1452 2045 1484 2090 ut
1508 2037 1580 2091 scire
1604 2038 1753 2108 possimus,
1783 2039 1852 2109 quid
1876 2039 1914 2093 sit

257 2163 418 2200 conversus.
467 2144 573 2206 Omnis,
600 2145 657 2215 qui,
683 2163 745 2198 cum
768 2145 926 2199 recitantur
948 2146 1037 2200 verba
1062 2145 1143 2216 legis,
1167 2144 1359 2199 communibus
1383 2142 1486 2198 fabulis
1517 2151 1681 2214 occupatur,
1711 2163 1827 2199 aversus
1858 2151 1911 2200 est.

214 2271 238 2309 rs
259 2250 367 2319 Omnis,
392 2252 450 2323 qni,
475 2270 537 2306 curn
560 2252 666 2323 legitur
688 2252 814 2323 Moyses,
839 2252 875 2306 de
899 2252 1021 2323 negotiis
1045 2251 1161 2316 saeculi,
1186 2251 1222 2305 de
1247 2250 1379 2321 pecunia,
1407 2250 1444 2304 de
1468 2249 1551 2304 lucris
1581 2250 1799 2306 sollicitudinem
1828 2253 1910 2322 gerit,

258 2376 374 2412 aversus
397 2366 451 2413 est.
500 2357 607 2426 Omnis,
632 2358 679 2429 qui
703 2359 910 2429 possessionum
935 2359 1007 2412 curis
1030 2359 1179 2430 stringitur
1207 2365 1237 2412 et
1268 2357 1429 2411 divitiarum
1458 2356 1616 2428 cupiditate
1649 2358 1831 2426 distenditur,
1864 2359 1912 2430 qui

257 2465 392 2536 gloriatur
414 2465 527 2520 saeculo
552 2473 581 2520 et
604 2465 700 2519 mundi
726 2463 879 2519 honoribus
909 2465 1017 2530 studet,
1048 2482 1164 2520 aversus
1197 2473 1251 2518 cst.
1310 2462 1367 2519 Sed
1398 2470 1429 2518 et
1459 2463 1540 2531 alius,
1578 2465 1624 2534 qni
1656 2464 1693 2519 ab
1723 2466 1765 2518 bis
1796 2466 1911 2536 quidem

257 2573 371 2627 videtur
392 2572 511 2638 alicnus,
536 2571 646 2627 adsistit
671 2578 766 2626 autem
791 2580 821 2626 et
845 2572 923 2625 audit
947 2572 1036 2627 verba
1057 2571 1129 2643 legis
1154 2579 1183 2625 et
1207 2575 1288 2625 vultu
1311 2578 1399 2641 atquc
1423 2570 1512 2624 oculis
1535 2570 1674 2640 intentus,
1706 2572 1790 2626 corde
1815 2581 1911 2626 tamen

258 2687 287 2732 ct
311 2679 528 2749 cogitationibus
552 2686 699 2749 evagatur,
724 2696 840 2733 aversus
864 2685 918 2733 est.
967 2677 1041 2742 Quid
1067 2695 1135 2749 ergo
1160 2685 1204 2732 est
1228 2678 1376 2732 converti?
1423 2675 1452 2731 Sl
1476 2676 1518 2731 his
1542 2677 1671 2732 omnibus
1695 2685 1777 2750 terga
1799 2679 1911 2734 vertitis

211 2805 238 2844 ao
258 2795 286 2840 et
310 2786 404 2840 studio
427 2803 459 2840 ac
483 2786 585 2840 mentis
608 2785 797 2839 sollicitudine
821 2786 909 2840 verbo
933 2785 988 2838 Dei
1012 2803 1127 2856 operam
1151 2785 1236 2852 dens,
1260 2784 1289 2837 in
1313 2783 1379 2854 lege
1405 2783 1466 2838 eius
1490 2784 1536 2837 die
1561 2801 1594 2837 ac
1617 2790 1701 2839 nocte
1725 2785 1911 2852 meditemini,

256 2892 308 2946 hoc
332 2901 377 2947 cst
400 2910 565 2947 conversum
589 2910 652 2946 csse
676 2893 714 2946 ad
737 2892 841 2946 Deum.
888 2887 1007 2962 Aliqui²
1029 2899 1165 2956 vestrum,
1196 2897 1229 2945 ut
1257 2890 1370 2945 recitari
1394 2889 1536 2945 audierint
1560 2907 1617 2960 qne
1641 2889 1784 2962 leguntur,
1816 2891 1911 2948 statim

257 2999 422 3066 ilisccilunt3
446 2999 525 3053 nulla
548 3017 581 3054 cx
605 2999 658 3062 his,
683 3015 739 3070 qne
764 2996 936 3066 lactarunt,
961 2998 1104 3069 inquisitio
1127 2999 1163 3052 ad
1186 2997 1317 3062 invicem,
1341 2996 1420 3050 nulla
1446 2995 1579 3063 conlatio,
1609 3014 1748 3068 nusquam
1778 2999 1912 3053 memoris

257 3106 380 3160 mandati
405 3104 488 3172 illins,
514 3123 569 3175 quo
593 3114 622 3159 tc
646 3105 742 3159 divina
765 3104 811 3159 lex
834 3112 1008 3160 commonet:
1034 3104 1186 3180 [ritmoqu
1204 3111 1307 3178 putrer
1330 3111 1399 3172 ntor,
1424 3109 1450 3159 et
1472 3101 1564 3158 dicens
1587 3101 1635 3158 noi
1651 3102 1812 3178 presbyteri
1829 3103 1870 3159 tui
1886 3112 1913 3160 et
1930 3095 2088 3172 nisurum.

257 3210 464 3267 adnuntiabunt
485 3209 542 3267 tibi.
581 3211 638 3266 Alii
661 3231 697 3265 ne
716 3211 770 3266 hoc
793 3212 881 3283 ipsum
902 3212 1016 3283 quidem
1038 3214 1185 3284 patienter
1201 3218 1365 3281 expectant,
1390 3211 1464 3281 qnod
1486 3209 1626 3264 lectiones
1649 3211 1678 3264 in
1696 3211 1817 3266 ecclesia
1836 3212 1909 3266 reci·

211 3338 238 3377 as
258 3327 366 3386 tentnr3
384 3319 430 3373 alii
444 3337 510 3374 vcro
527 3337 590 3386 nee,
607 3320 629 3374 si
646 3320 812 3386 recitentur,
825 3319 927 3386 sciunt,
940 3319 1031 3373 sedin
1047 3318 1243 3374 remotioribus
1256 3317 1394 3373 dominice
1408 3317 1506 3372 domus
1519 3316 1587 3371 loeis
1603 3317 1794 3373 saecularibus
1807 3317 1910 3373 fabulis

256 3433 439 3497 occupantur.
486 3426 531 3482 De
556 3427 657 3497 quibus
682 3445 735 3498 cgo
758 3444 841 3481 arrsus
864 3445 922 3480 snrn
947 3427 1056 3494 dicere,
1080 3426 1155 3497 quia,
1179 3443 1242 3480 eum
1265 3424 1373 3496 legitur
1387 3423 1511 3496 Moyses,
1536 3424 1590 3478 iam
1605 3442 1662 3479 non
1677 3425 1808 3481 velamen
1824 3443 1912 3497 super

257 3551 304 3587 cor
327 3551 432 3600 corum,
457 3534 509 3588 sed
532 3534 626 3605 paries
651 3535 764 3605 qnidam
788 3543 818 3588 ot
841 3551 936 3588 murus
960 3541 1004 3589 est
1028 3533 1147 3605 positus.
1185 3531 1361 3603 Augsntinus
1377 3531 1406 3585 in
1421 3530 1529 3585 omeliis
1546 3532 1581 3586 ad
1598 3532 1747 3603 populum:
1766 3527 1911 3597 Quando³

257 3640 424 3708 convenitis,
448 3641 550 3711 inquil,
575 3642 611 3694 ad
637 3640 796 3709 ecclesiam,
820 3657 872 3712 pro
895 3641 1020 3712 peccatis
1043 3640 1146 3696 restris
1169 3645 1258 3706 orate,
1283 3637 1371 3693 nolite
1399 3636 1536 3692 seandala
1559 3638 1701 3694 concitare
1730 3645 1780 3694 ant
1805 3639 1910 3695 otiosas

257 3746 367 3801 fabulas
390 3748 497 3802 dicere.
537 3747 569 3800 In
595 3747 716 3803 ecclesia
739 3755 849 3803 stantes
872 3747 961 3803 nolite
985 3747 1147 3814 verbosare,
1170 3747 1222 3801 sed
1247 3762 1340 3800 sacras
1363 3744 1517 3815 scripturas
1539 3745 1684 3816 patienter
1706 3746 1813 3802 audite.
1854 3743 1911 3810 Qui

211 3871 238 3911 ao
258 3855 330 3908 enirn
355 3855 383 3907 in
403 3854 525 3909 ecelesia
547 3855 635 3909 rerba
658 3872 731 3909 vana
755 3855 864 3910 locutus
888 3853 973 3908 fuerit
998 3861 1028 3908 et
1051 3871 1102 3924 pro
1126 3871 1157 3907 se
1182 3860 1212 3906 ct
1235 3869 1287 3924 pro
1310 3851 1372 3906 aliis
1395 3851 1532 3906 rationem
1556 3852 1719 3906 redditurus
1744 3859 1787 3907 est
1811 3853 1839 3907 in
1863 3854 1910 3908 dio
1962 3901 1966 3908 .

258 3960 361 4026 iudicii,
387 3960 453 4030 quia
474 3960 592 4014 verbnm
616 3960 672 4015 Dei
695 3979 749 4016 nee
777 3962 838 4032 ipse
862 3961 941 4015 audit
965 3977 1018 4014 nec
1043 3959 1111 4013 alios
1135 3960 1234 4013 andire
1258 3958 1409 4030 permittit.
1462 3957 1535 4012 ltem
1565 3957 1656 4014 idem:
1687 3955 1811 4014 Plures⁴
1832 3969 1910 4026 suut,

258 4067 294 4121 de
319 4083 437 4138 quorum
460 4067 619 4138 perditione
644 4068 757 4121 nimium
787 4067 947 4134 contristor,
979 4065 1040 4120 illos
1071 4066 1143 4132 dieo,
1176 4066 1224 4136 qni
1254 4066 1403 4120 venientes
1437 4065 1474 4119 ad
1511 4065 1659 4120 ecclesiam
1689 4067 1778 4138 magis
1808 4067 1910 4139 litigari

260 4173 377 4245 cupiunt
401 4191 485 4244 quarn
508 4192 588 4228 orare
614 4182 654 4238 et,
679 4174 791 4244 quando
815 4174 924 4228 debent
948 4173 1084 4228 lectiones
1107 4172 1216 4227 divinas
1240 4171 1268 4225 in
1293 4171 1414 4226 ecclesia
1437 4171 1553 4226 intentis
1576 4172 1690 4227 auribus
1714 4179 1773 4228 tota
1799 4173 1910 4244 pietate

262 4280 418 4352 suscipere,
441 4287 510 4335 tnnc
533 4280 599 4335 foris
623 4297 721 4335 causas
744 4280 840 4334 dicere
865 4286 894 4334 et
917 4280 1036 4334 diversis
1058 4297 1090 4334 se
1113 4279 1232 4333 student
1255 4277 1399 4332 calumniis
1421 4278 1590 4349 inpugnare.
1628 4277 1791 4350 Aliquando
1814 4281 1910 4348 etiam,

212 4404 239 4444 aa
266 4388 341 4460 quod
364 4387 446 4459 peius
470 4396 524 4454 est,
549 4387 637 4458 aliqui
660 4386 744 4442 nimia
766 4386 911 4442 iracundia
933 4386 1153 4452 succenduntur,
1178 4384 1347 4439 amarissime
1371 4384 1498 4439 rixantur
1520 4393 1551 4439 et
1573 4386 1698 4456 turpiter
1720 4385 1773 4439 sibi
1789 4386 1913 4441 convitia

258 4502 288 4550 et
311 4495 427 4549 crimina
450 4502 480 4549 et
504 4493 628 4548 calcibus
652 4501 682 4548 ot
705 4494 807 4566 pugnis
830 4494 950 4547 invicem
973 4491 1163 4547 conliduntur.
1210 4490 1313 4546 Melius
1338 4490 1411 4546 enim
1435 4490 1529 4546 fuerat
1561 4491 1665 4545 talibus
1695 4492 1731 4546 ad
1762 4492 1911 4548 ecclesiam

258 4619 313 4656 non
336 4601 433 4656 venire
458 4618 542 4671 quam
565 4607 606 4655 tot
630 4600 709 4655 malis
733 4607 830 4656 contra
852 4617 883 4655 se
908 4600 1030 4654 divinam
1053 4599 1123 4654 iram
1149 4615 1314 4670 provocare.
1360 4591 1434 4652 Isti⁵
1465 4598 1549 4664 enim,
1581 4599 1634 4652 etsi
1665 4617 1727 4653 eum
1757 4600 1910 4654 minoribus

257 4708 383 4779 peccatis
407 4709 443 4762 nd
468 4707 616 4762 eeclesiam
640 4708 767 4773 veniunt,
791 4724 854 4761 curn
877 4706 972 4761 multis
995 4706 1157 4761 criminibus
1180 4706 1217 4760 de
1242 4705 1363 4761 ecclesia
1386 4713 1580 4760 revertuntur.
1626 4704 1700 4760 Item
1722 4705 1813 4762 idem:
1838 4705 1911 4760 Sunt

365 4935 428 4985 XII.
459 4937 470 4984 l
493 4951 600 5000 precem
620 4934 647 4984 l'.
715 4935 793 4984 lest
809 4933 877 4983 deest
895 4933 923 4983 V.
942 4931 973 4982 P.
1040 4937 1056 4982 9
1076 4932 1229 4983 debuerant
1248 4930 1279 4982 P.
1348 4932 1380 4982 12
1400 4931 1529 4997 Origanis
1549 4930 1578 4981 Γ.
1646 4933 1678 4981 13
1697 4933 1731 4981 sit
1749 4927 1909 4996 convorsus]

212 5041 241 5078 co
259 5026 312 5074 scit
330 5040 479 5075 conversus
501 5023 526 5073 l'.
619 5025 651 5072 14
670 5029 821 5088 occupatus
842 5022 869 5071 V.
962 5024 994 5072 15
1013 5020 1048 5071 de
1067 5022 1186 5087 pecunia
1203 5020 1295 5070 desum
1313 5018 1343 5070 P.
1437 5023 1469 5070 18
1493 5015 1591 5082 oculis]
1613 5019 1689 5086 legis,
1710 5031 1797 5086 purten
1814 5021 1863 5072 del.
1884 5021 1910 5076 l',

260 5116 293 5164 24
319 5115 408 5179 ipsum
432 5112 498 5162 deest
523 5111 553 5162 P.
645 5117 806 5177 exspectant
831 5110 861 5160 P.
953 5111 985 5160 27
1012 5111 1163 5175 signatinus
1190 5108 1220 5159 P.
1312 5110 1345 5159 35
1371 5109 1484 5158 nimium
1508 5108 1535 5160 V.
1620 5111 1654 5159 36
1680 5109 1864 5160 conlnduntur
1884 5110 1911 5159 l'.

260 5201 387 5253 eclesiam
407 5201 434 5250 Γ.

370 5400 399 5468 1)
422 5399 514 5457 Verba
536 5400 694 5456 Dicendum
714 5428 751 5438 -
769 5400 805 5455 ad
829 5399 923 5454 Deum
946 5391 978 5472 (l.
994 5392 1047 5473 21)
1064 5397 1216 5474 struxerunt
1239 5415 1275 5453 cu
1298 5393 1423 5472 Origine,
1448 5393 1574 5452 Humilia
1593 5397 1634 5454 12
1655 5397 1684 5452 in
1709 5396 1809 5454 Exodi
1830 5417 1854 5454 c.
1872 5403 1911 5459 34

261 5507 385 5564 devultu
404 5505 509 5574 Mosie,·
533 5505 607 5582 Opp.
625 5505 649 5575 I,
667 5508 733 5565 110.
805 5504 836 5573 2)
861 5504 952 5562 Verba
967 5504 1063 5577 Aliqui
1083 5535 1120 5545 -
1139 5505 1248 5578 positus
1265 5496 1297 5577 (l.
1314 5497 1368 5578 27)
1392 5501 1491 5558 ibidem
1508 5500 1697 5559 inveniuntur.
1768 5504 1798 5560 3»
1820 5505 1913 5563 Verbo

215 5633 243 5672 co
262 5613 382 5677 Quando
406 5614 561 5669 convenitis
588 5614 625 5668 ad
653 5641 690 5652 -
715 5614 855 5684 permittit
878 5605 912 5685 (l.
938 5607 988 5686 31)
1016 5615 1147 5688 liquatam
1177 5619 1204 5668 et
1232 5609 1313 5684 upud
1334 5606 1593 5684 Ps.-Au9ustiaum,
1625 5607 1724 5667 Seiano
1753 5615 1817 5670 265
1845 5603 1870 5691 ἕ
1893 5618 1913 5672 3

261 5711 351 5795 (opp.
376 5717 525 5795 Aupmtini
550 5719 582 5789 V,
606 5724 636 5788 2,
661 5715 734 5796 437)
766 5727 791 5776 et
818 5719 899 5793 apud
929 5716 1094 5777 Camurium
1117 5717 1320 5785 Arelatensem,
1351 5713 1477 5770 Homiliu
1501 5719 1542 5774 33
1570 5709 1657 5789 (Bibl.
1689 5737 1767 5774 mur.
1792 5729 1912 5795 patrum

263 5825 460 5902 Lugdunensis
482 5824 562 5894 VIII,
579 5821 664 5900 852).
742 5825 773 5894 4)
796 5823 887 5881 Verba
910 5826 1010 5881 Plures
1030 5854 1066 5862 —
1086 5831 1269 5881 revertuntur
1292 5815 1324 5895 (l.
1343 5815 1395 5897 38)
1419 5841 1476 5877 uon
1500 5820 1602 5879 inveni.
1681 5824 1712 5894 5)
1731 5823 1798 5884 Cum
1822 5827 1914 5885 uerbis

260 5933 311 5988 Isti
331 5961 367 5971 -
385 5941 570 5988 revertuntur
590 5926 622 6006 (l.
641 5929 693 6009 38)
719 5932 759 6003 cf.
784 5931 882 5988 concil.
906 5931 1066 5988 Ronlanum
1091 5935 1155 5990 826
1178 5950 1201 5987 c.
1220 5933 1260 5988 35
1267 5950 1277 5998 ,·
1299 5947 1389 6004 supra
1407 5947 1441 6002 p.
1458 5931 1518 5988 581
1542 5929 1561 5984 l.
1577 5935 1620 5988 20
1633 5951 1676 6005 eq.

308 6048 351 6092 nn
364 6047 464 6089 macru·
480 6048 510 6090 11.
1663 6047 1698 6101 81
