4884 6717
591 419 657 483 520
1062 422 1114 480 44.
1151 423 1371 481 CONCILIUM
1394 425 1621 481 PARISIENSE
1645 426 1683 481 Α.
1703 425 1777 482 825.

590 622 731 678 maleficus
753 640 786 676 ac
801 622 917 693 diurnas,
939 620 1135 692 serantapicus
1149 622 1269 690 nomine,
1291 630 1455 692 praeceptor
1470 619 1623 691 iniquomm
1640 622 1833 676 Hebraeorum
1849 629 1876 674 et
1892 622 2015 676 inimicus
2030 620 2086 675 Dei
2103 621 2252 682 eeclesiae,

448 763 454 796 ς
541 763 544 772 ·
591 730 648 801 qui,
669 735 699 783 ut
720 730 854 799 comperit
875 728 1018 783 levitatem
1039 729 1119 782 Ezidi
1141 728 1352 800 protosymboli,
1382 728 1498 782 accessit
1526 730 1562 782 ad
1593 746 1655 783 eum
1677 729 1826 799 coepitque
1849 729 1889 782 illi
1912 730 2049 798 quaedam
2072 728 2197 781 divinare
2219 735 2251 781 et

590 837 758 907 praedicere.
803 835 850 890 Illi
880 842 973 890 mrtem
1003 854 1037 890 ex
1064 836 1117 889 hoc
1142 835 1324 906 acceptabilis
1345 836 1435 888 faetus
1456 853 1489 888 ae
1511 853 1567 889 non
1588 836 1674 889 multo
1695 842 1758 905 post
1780 836 1805 889 el
1827 836 1920 889 dicere
1942 836 2048 904 coepit:
2079 833 2250 904 Benignitati

590 951 655 998 ntae
671 960 808 1013 exponere
824 943 898 1012 volo,
919 944 1002 1010 unde,
1024 943 1106 996 mesi
1128 943 1258 1011 audieris,
1280 942 1398 996 addatur
1418 942 1469 996 tibi
1492 944 1635 1014 longitudo
1657 943 1732 996 vitae
1755 949 1783 996 et
1804 959 1965 1012 perseveres
1981 942 2008 995 in
2024 941 2075 994 boc
2091 941 2249 1011 principatu

590 1067 676 1105 annos
697 1050 792 1118 XXX,
819 1050 841 1103 si
871 1050 982 1120 quidem
1012 1049 1170 1119 impleveris
1199 1066 1339 1103 semrones
1366 1067 1451 1103 meos.
1496 1050 1549 1102 Ille
1572 1067 1638 1103 rero
1667 1049 1797 1118 insipiens
1818 1055 1951 1119 tyrannus
1972 1049 2134 1103 obscuratus
2155 1055 2283 1104 mentes

589 1156 717 1210 desiderii
739 1157 895 1227 longaevae
917 1156 1007 1210 vitae:
1035 1155 1173 1225 Quicquid
1194 1155 1269 1223 milri,
1300 1157 1398 1226 inquit,
1427 1156 1601 1226 praeceperis
1629 1163 1740 1225 paratus
1768 1157 1804 1209 ad
1826 1155 2023 1225 perficiendum
2049 1155 2136 1208 existo
2158 1163 2196 1214 et,
2223 1156 2248 1208 si

589 1269 750 1317 consecutus
772 1263 861 1330 fuero,
884 1264 958 1333 quod
981 1263 1119 1333 pollicitus
1141 1281 1180 1331 es,
1207 1263 1340 1316 maximos
1363 1262 1411 1316 tibi
1433 1263 1550 1317 honores
1572 1262 1728 1316 retribuam.
1774 1261 1919 1316 Maleficus
1939 1279 2006 1316 sero
2029 1270 2057 1315 et
2078 1263 2184 1315 divinus
2207 1263 2250 1315 ait

589 1370 631 1427 ad¹
655 1388 729 1424 eum:
760 1370 828 1424 Iube
855 1387 919 1423 mox
948 1371 1109 1441 generalem
1136 1369 1255 1423 seribere
1286 1370 1442 1440 epistolam,
1471 1369 1600 1440 quatinus
1627 1370 1713 1422 omnis
1741 1368 1901 1440 imaginaria
1929 1370 2036 1438 pictum
2063 1370 2190 1423 deleatur
2218 1370 2247 1421 in

590 1476 713 1530 omnibus
734 1475 950 1531 Christianorum
972 1476 1096 1530 ecclesiis
1118 1476 1176 1530 sive
1199 1476 1226 1530 in
1249 1464 1400 1546 parietibus
1422 1477 1479 1530 sive
1502 1473 1529 1529 in
1551 1477 1623 1529 vasis
1645 1476 1729 1529 sacris
1751 1482 1779 1530 et
1801 1475 1829 1528 in
1850 1475 1970 1528 vestibus
1992 1476 2120 1528 altarium
2143 1483 2169 1528 et
2191 1493 2247 1529 non

589 1584 677 1636 solum
698 1584 778 1650 hacc,
800 1584 849 1636 sed
870 1601 944 1653 qnae
967 1583 994 1636 in
1015 1583 1157 1638 civitatum
1179 1583 1280 1652 plateis
1302 1589 1364 1636 sunt
1385 1583 1546 1636 edomatae.
1580 1583 1660 1646 Quod
1676 1581 1790 1635 audiens
1805 1580 1925 1651 perfidus
1942 1582 1988 1634 ille
2011 1589 2144 1651 tyrarmus
2166 1599 2245 1650 prae·
2268 1601 2294 1637 ro

590 1690 665 1760 cepit
685 1691 758 1743 onrni
782 1691 973 1760 praefecturae
995 1691 1021 1743 in
1044 1690 1148 1743 curretis
1172 1690 1237 1742 locis
1260 1690 1437 1743 ecclesiarum
1461 1690 1594 1759 imagines
1616 1695 1644 1742 et
1665 1694 1772 1743 ceteras
1794 1689 1984 1741 similitudines
2014 1689 2129 1742 abolere
2153 1696 2179 1742 et
2206 1689 2247 1742 ita

591 1797 733 1851 cremavit
755 1797 888 1850 ecclesias
910 1797 973 1850 Dei.
1020 1796 1128 1850 Abhinc
1151 1797 1224 1849 enim
1247 1803 1397 1866 coeperunt
1420 1804 1591 1866 corruptores
1613 1796 1763 1865 imaginum
1784 1795 1908 1848 inveniri.
1955 1793 2010 1849 Sed
2031 1796 2091 1865 ipse
2113 1802 2246 1865 nrannus

590 1920 663 1958 anno
686 1904 774 1956 altero
797 1911 919 1956 mortuus
941 1911 991 1970 est,
1014 1909 1042 1957 et
1064 1903 1198 1974 imagines
1219 1904 1248 1956 in
1269 1902 1413 1973 pristinum
1436 1910 1537 1955 statmn
1559 1919 1620 1955 curn
1643 1902 1746 1955 bonore
1767 1902 1909 1955 restitutae
1934 1905 1966 1955 et
1990 1903 2109 1955 cetera.

698 2000 780 2063 Item
804 2000 1006 2084 Augustinus
1031 2001 1064 2062 in
1088 1999 1170 2063 libro
1195 1998 1237 2063 de
1261 2001 1435 2083 magistro:
1460 2005 1524 2063 Del
1547 2008 1598 2078 his,
1620 2026 1693 2078 quae
1709 2009 1907 2076 intelligentta,
1929 2009 2086 2062 interiorem
2102 2010 2245 2062 veritatem

591 2117 697 2170 ratione
719 2116 884 2169 consulimus
914 2117 980 2186 quid
1008 2117 1059 2169 diei
1091 2125 1193 2186 potest,
1222 2118 1294 2170 unde
1324 2117 1443 2182 clareat3
1473 2116 1565 2169 verbis
1591 2134 1642 2169 nos
1664 2117 1769 2186 aliquid
1798 2116 1904 2169 discere
1932 2123 2042 2185 praeter
2071 2116 2168 2185 ipsum,
2197 2117 2243 2185 qui
2265 2132 2290 2171 rt

590 2240 671 2276 aures
693 2224 820 2292 percutit,
842 2225 960 2277 sonum?
1005 2224 1133 2294 Namque
1157 2224 1258 2290 onmia,
1280 2241 1353 2293 cquae
1376 2224 1549 2292 percipimus.
1571 2231 1619 2276 aut
1641 2241 1722 2276 sensu
1744 2223 1866 2292 corporis
1888 2231 1935 2275 aut
1957 2230 2049 2276 mente
2071 2224 2244 2292 percipimus,

590 2330 639 2384 illa
661 2329 809 2396 sensibilia,
831 2330 900 2384 haee
923 2330 1110 2401 intelligibilia
1131 2331 1199 2396 sivo,
1221 2338 1250 2384 nt
1273 2347 1348 2383 more
1370 2337 1522 2384 nostrorum
1544 2339 1684 2383 arrctorum
1707 2330 1814 2400 loquar,
1845 2330 1894 2383 illa
1916 2330 2047 2397 carralia,
2076 2331 2145 2383 haee
2167 2331 2242 2399 spiri-

590 2436 658 2489 talia
679 2437 858 2490 nominamus.
901 2438 947 2490 De
968 2437 1023 2490 illis
1045 2455 1106 2491 cum
1128 2438 1337 2506 interrogamur,
1359 2438 1564 2506 respondemus,
1586 2436 1609 2489 si
1630 2443 1741 2506 praesto
1764 2443 1826 2489 sunt
1848 2454 1891 2504 ea,
1914 2453 1987 2506 quae
2008 2438 2146 2500 sentimus,
2168 2438 2243 2491 velut

589 2560 649 2596 eum
672 2560 690 2596 a
711 2543 789 2596 nobis
811 2543 954 2613 quaeritur
976 2544 1142 2598 intuentibus
1163 2561 1263 2596 trovam
1286 2544 1388 2610 lunam,
1410 2544 1500 2613 qualis
1522 2550 1569 2595 aut
1591 2543 1638 2595 ubi
1661 2544 1710 2596 sit:
1740 2543 1783 2595 bic
1806 2544 1863 2606 ille,
1894 2544 1941 2612 qui
1964 2544 2125 2614 interrogat,
2146 2545 2166 2597 si
2188 2563 2242 2597 non

589 2650 674 2716 sidet,
695 2650 783 2703 eredit
805 2650 896 2704 verbis
918 2658 946 2704 et
968 2668 1054 2721 saepe
1075 2668 1129 2704 non
1153 2651 1249 2716 crodit,
1276 2651 1354 2703 discit
1386 2659 1478 2703 antem
1506 2651 1582 2703 nullo
1604 2651 1695 2712 modo,
1723 2651 1775 2703 nisi
1797 2658 1825 2703 et
1845 2651 1905 2720 ipsc
1927 2652 2001 2720 quod
2022 2651 2121 2704 dicitur
2142 2652 2243 2714 rideat,
2262 2666 2289 2703 ss

588 2756 636 2811 ubi
663 2757 716 2810 ianr
744 2775 799 2809 non
825 2757 925 2825 verbis,
958 2759 1007 2811 sed
1037 2757 1120 2811 rebus
1146 2757 1212 2826 ipsis
1240 2763 1268 2810 et
1295 2757 1419 2810 sensibus
1445 2757 1533 2809 discit.
1584 2756 1656 2810 Nam
1690 2756 1775 2810 verba
1810 2765 1907 2810 serrant
1941 2757 2053 2822 videnti,
2087 2775 2159 2828 quae
2189 2776 2243 2811 non

588 2863 692 2918 ridenti
716 2864 799 2917 etiarn
822 2873 980 2917 sonuenrnt.
1024 2862 1093 2918 Cum
1116 2881 1182 2918 vero
1206 2882 1261 2917 non
1285 2866 1319 2918 de
1344 2864 1394 2927 his,
1418 2882 1490 2933 qnae
1514 2882 1607 2918 coram
1631 2865 1770 2930 sentimus,
1793 2866 1841 2917 sed
1865 2865 1900 2918 de
1923 2865 1974 2933 his,
1997 2883 2070 2934 quae
2094 2864 2242 2934 aliqnando

588 2971 729 3034 sensimus,
760 2971 918 3040 quaeritur,
952 2988 1006 3024 non
1037 2977 1092 3023 tam
1124 2989 1169 3024 res
1200 2971 1288 3040 ipsas,
1320 2972 1368 3024 sed
1399 2971 1532 3041 imagines
1563 2970 1598 3025 ab
1630 2971 1669 3024 eis
1700 2972 1835 3040 inpressas
1866 2972 2071 3041 memoriaeque
2101 2972 2245 3023 mandatas

590 3077 740 3145 loquimur3
765 3095 838 3146 quae
861 3078 972 3130 omnino
998 3079 1137 3147 quomodo
1160 3095 1226 3130 vera
1250 3078 1381 3144 dieamus
1405 3095 1466 3130 cnm
1490 3078 1563 3130 falsa
1583 3079 1744 3146 iutueamur,
1767 3078 1873 3146 ignoro,
1896 3078 1947 3131 nisi
1971 3079 2037 3148 quia
2059 3096 2114 3132 non
2137 3097 2186 3131 nos
2209 3095 2243 3130 ea

588 3183 682 3236 videre
706 3200 738 3236 ac
762 3183 873 3253 scniire,
904 3185 952 3237 sed
983 3185 1082 3238 vidisse
1113 3201 1145 3237 ac
1177 3185 1292 3237 sensisse
1322 3202 1472 3237 narramus.
1519 3185 1562 3237 Ita
1593 3185 1656 3237 illas
1679 3185 1811 3256 imagines
1835 3185 1861 3237 in
1886 3185 2033 3238 memoriae
2057 3184 2244 3254 penetralrbus
2263 3198 2289 3237 rt

588 3306 678 3346 renun
701 3297 765 3343 ante
789 3309 928 3344 sensarum
953 3292 1091 3361 quaedam
1115 3292 1277 3344 documenta
1301 3299 1450 3361 gestarum,
1474 3309 1547 3361 quae
1569 3292 1660 3344 animo
1685 3292 1904 3361 contemplantes
1919 3290 1992 3344 bona
2008 3293 2174 3345 conscientia
2189 3309 2244 3344 non

588 3397 743 3462 mentuunt,
769 3416 831 3452 cum
858 3398 1006 3468 loquimur,
1032 3400 1081 3450 sed
1104 3398 1184 3452 nobis
1208 3404 1268 3451 sunt
1292 3399 1343 3451 ista
1367 3399 1541 3451 documenta.
1587 3399 1614 3451 Is
1642 3398 1724 3466 enim,
1751 3398 1798 3468 qui
1826 3399 1911 3466 audit,
1939 3398 1960 3450 si
1989 3415 2023 3452 ea
2048 3399 2132 3452 sensit
2159 3406 2244 3467 atque

589 3505 679 3574 affuit,
701 3523 757 3558 non
780 3506 859 3558 discit
882 3506 949 3558 meis
972 3505 1073 3572 verbis,
1096 3506 1144 3558 sed
1168 3505 1340 3576 recognoscit
1364 3505 1466 3558 ablatis
1489 3523 1579 3558 secum
1605 3512 1632 3556 et
1656 3505 1714 3574 ipse
1738 3505 1909 3575 imaginibus.
1952 3505 1980 3558 si
2004 3511 2096 3558 autem
2119 3505 2166 3559 ille
2189 3523 2243 3558 non

590 3613 673 3665 sensit
696 3612 758 3682 quis
781 3631 835 3665 rron
858 3629 920 3665 enm
945 3613 1057 3665 credere
1082 3613 1172 3681 potius
1195 3612 1287 3664 verbis
1310 3630 1393 3682 quam
1417 3612 1522 3665 discere
1546 3612 1705 3682 intelligat?
1737 3609 1828 3665 (snm2
1851 3630 1916 3664 vcro
1933 3614 1967 3665 dc
1983 3613 2025 3665 his
2048 3613 2147 3682 agitsrr,
2171 3629 2243 3682 quae

589 3725 680 3772 urente
705 3719 895 3788 conspicimus,
918 3720 945 3772 id
969 3725 1011 3772 est
1033 3717 1176 3774 intellectu
1200 3728 1284 3789 atque
1309 3721 1426 3784 ratione,
1450 3737 1482 3772 ea
1507 3720 1619 3789 quidem
1643 3719 1790 3789 loquimur,
1813 3737 1886 3788 quae
1902 3720 2059 3788 praesentia
2074 3721 2291 3793 conaremursss

410 3837 569 3887 scnemata.
589 3826 616 3879 in
631 3826 680 3879 illa
696 3826 824 3879 interiore
840 3826 903 3879 luce
927 3827 1059 3890 veritatis,
1083 3845 1139 3898 qua
1163 3827 1231 3896 ipse,
1255 3827 1302 3896 qni
1326 3827 1424 3880 dicitur
1451 3827 1532 3879 horno
1557 3828 1677 3894 interior,
1701 3827 1851 3880 illustratur
1875 3834 1902 3879 ct
1925 3827 2023 3880 fruitur
2045 3828 2077 3881 et
2102 3821 2242 3880 eeterat.

697 3941 784 4021 Quia
815 3965 893 4026 ergo
925 3964 984 4028 per
1016 3943 1186 4005 caritatem
1215 3942 1291 4022 Dei,
1324 3965 1407 4028 quae
1438 3939 1480 4004 ab
1511 3942 1581 4027 ipso
1612 3941 1769 4026 largiente
1801 3941 1919 4005 diffusa
1949 3953 1998 4005 est
2027 3943 2060 4005 in
2091 3941 2243 4007 cordibus

589 4050 706 4112 nostris
731 4071 789 4135 per
806 4049 962 4135 Spiritum
986 4059 1145 4129 sanctum,
1171 4049 1225 4134 qui
1251 4048 1344 4111 datus
1370 4060 1418 4112 cst
1441 4047 1546 4130 nobie,
1570 4050 1742 4112 universae
1767 4049 1925 4112 eeclesiae
1948 4061 2061 4112 notum
2084 4071 2155 4112 esse
2178 4071 2245 4112 non

591 4153 766 4237 dubitatur,
802 4155 890 4242 quod
926 4156 1050 4234 omnia,
1087 4177 1171 4241 quae
1207 4156 1292 4218 intra
1328 4155 1464 4218 eandem
1500 4169 1647 4219 sanctam
1681 4155 1745 4218 Dei
1782 4154 1955 4218 ecclesiam
1990 4154 2032 4218 ad
2066 4177 2242 4240 perennem

590 4261 785 4347 capiendam
809 4262 945 4327 salutem
969 4263 1166 4348 pertinentia
1189 4272 1340 4347 aguntur,
1371 4263 1416 4325 ita
1439 4286 1499 4348 per
1522 4263 1668 4326 eiusdem
1692 4264 1797 4326 sancti
1822 4262 1962 4347 Spiritus
1985 4263 2124 4347 gratiam
2149 4271 2242 4325 caute
2262 4281 2289 4321 n

590 4368 720 4452 agenda
735 4381 819 4451 sunt,
843 4368 978 4434 utillud
1001 4370 1199 4455 praecipuae
1225 4369 1370 4432 caritatis
1394 4370 1601 4455 privilegium
1626 4380 1845 4450 conservetur,
1871 4369 1958 4454 quod
1981 4370 2050 4454 ipse
2075 4379 2189 4432 auctor
2211 4379 2244 4430 et

700 4642 731 4690 18
751 4635 823 4704 sunt]
844 4647 885 4691 est
905 4639 935 4690 P.
1009 4643 1043 4691 24
1063 4643 1137 4692 omui
1156 4641 1186 4691 P.
1261 4644 1296 4692 30
1315 4642 1486 4707 praesentiae
1506 4639 1536 4689 P.
1610 4644 1641 4692 31
1664 4637 1766 4704 cetera]
1785 4642 1813 4690 in
1831 4641 1886 4691 edd.
1905 4648 2044 4706 amnentur
2063 4640 2151 4706 Caput
2169 4641 2242 4689 utu.

588 4728 662 4795 (qnae
682 4729 707 4778 P
722 4727 831 4792 ἀεειιηί),
850 4730 940 4780 deinde
958 4731 1031 4780 cerba
1049 4731 1129 4781 Unde
1148 4731 1263 4796 primum
1278 4757 1311 4763 -
1325 4745 1387 4779 cum
1400 4731 1502 4780 honore
1517 4732 1658 4780 restitutae
1673 4738 1700 4780 et
1712 4738 1812 4790 cetera,
1831 4748 1910 4794 supra
1923 4748 1953 4794 p.
1967 4734 2019 4779 519
2038 4731 2055 4778 t.
2069 4732 2146 4780 38-
2148 4748 2177 4796 p.
2190 4734 2244 4779 520

589 4819 606 4868 l.
621 4825 661 4880 13,
676 4819 787 4884 sortasse
804 4827 875 4879 recte,
901 4836 957 4869 nrm
975 4820 1114 4884 Augustini
1139 4820 1211 4869 cerba
1231 4820 1318 4884 potam
1335 4836 1391 4868 crim
1410 4819 1502 4868 Isidori
1523 4815 1613 4883 (nrpra
1627 4837 1655 4883 p.
1669 4823 1721 4869 519
1741 4820 1756 4868 l.
1771 4815 1901 4879 atr-37)
1919 4817 2065 4868 cohaereant
2089 4837 2164 4884 pram
2187 4836 2244 4868 mm

588 4909 640 4958 illis
658 4926 687 4958 en
705 4908 807 4958 mnritio
826 4906 936 4958 dimerso
961 4908 1129 4974 delnonqrtis5
1152 4908 1181 4958 in
1201 4910 1226 4960 P
1242 4917 1380 4973 seqrrnntnr
1392 4908 1442 4973 fol.
1459 4904 1584 4958 ts‘—ss‘
1604 4907 1751 4972 Jiapntenta
1777 4908 1848 4957 bsici
1878 4907 2018 4957 tironium.
2109 4910 2143 4958 32
2163 4902 2242 4972 Quia]
2262 4912 2290 4950 4⁰

589 4997 712 5062 Epistola
731 5000 841 5048 nomine
860 4998 995 5048 Ludorici
1014 4999 1184 5064 imperatorie
1204 4999 1239 5049 ad
1260 4998 1413 5064 pontificem
1427 4995 1577 5048 Romanum
1597 4998 1668 5063 qrrasi
1687 4998 1775 5048 lnrrnta
1790 4998 1958 5061 praemittunt
1975 4997 2031 5047 edd.
2087 4999 2193 5047 assint
2212 4994 2242 5046 P.

700 5240 729 5326 1)
754 5250 933 5326 strepentium,
960 5249 1045 5306 Liber
1061 5252 1096 5308 de
1111 5252 1246 5328 ntapt'stro
1262 5273 1285 5306 c.
1303 5254 1343 5309 12
1357 5245 1381 5325 ἕ
1395 5254 1450 5308 39.·
1476 5249 1550 5325 Opp.
1566 5251 1591 5321 Ι,
1609 5255 1724 5327 sonsq.
1795 5241 1825 5328 2)
1846 5250 1921 5307 Ibid.
1938 5247 1962 5325 gi
1977 5253 2035 5318 405
2058 5249 2241 5320 l.l.1,561.

592 5348 622 5431 3)
653 5355 760 5413 Notata
791 5357 904 5433 digitum
936 5367 977 5414 est
1005 5357 1190 5415 collectionem
1221 5365 1417 5432 excerptorum
1448 5377 1504 5413 non
1536 5357 1677 5432 repressis
1707 5358 1798 5414 verbis
1829 5359 1983 5415 classariam
2012 5356 2136 5426 adicere,
2171 5374 2244 5431 qrrae

591 5462 711 5518 ornnimn
736 5465 857 5520 locorum
881 5464 964 5539 qnasi
981 5464 1122 5539 praebeat
1143 5483 1289 5521 susannam.
1325 5464 1447 5533 Accedit,
1472 5466 1549 5539 qnod
1563 5466 1668 5535 sorana
1691 5465 1823 5540 epistolae
1846 5464 1882 5520 ab
1897 5464 2066 5521 Htudowr'co
2081 5464 2124 5520 ad
2134 5481 2244 5538 papam

591 5567 758 5645 dirigendae
780 5569 851 5626 nisit
873 5572 949 5628 dicat
971 5572 1007 5627 de
1030 5570 1153 5640 consilio,
1177 5590 1232 5647 qno
1256 5590 1317 5627 earn
1342 5571 1546 5645 composuerint
1567 5573 1725 5644 synodales.
1761 5571 1827 5627 Non
1843 5571 2055 5628 obliviscendam
2071 5570 2190 5645 darique
2205 5577 2246 5626 est
2262 5586 2290 5625 ts

590 5675 712 5751 pra'nqae
728 5675 810 5747 folia
832 5677 934 5735 codicis
949 5675 979 5734 P
998 5673 1036 5753 (v.
1060 5697 1151 5754 snpra
1174 5675 1192 5734 l.
1209 5672 1262 5750 40)
1287 5673 1405 5734 obdneri
1420 5677 1597 5754 fragmentis
1620 5678 1704 5734 lexici
1732 5677 1888 5734 Tironiani.
1926 5676 2008 5740 Quae
2031 5695 2091 5732 cam
2115 5677 2155 5732 ita
2177 5677 2242 5746 sint,

590 5803 647 5840 non
671 5782 711 5838 ita
729 5803 828 5858 panca
852 5785 988 5841 excidisse
1005 5786 1137 5856 sortasse
1158 5785 1334 5842 statuendam
1358 5793 1406 5841 est.
