4884 6717
666 459 739 550 es.
775 492 995 551 concursu
1017 494 1339 552 messusmnuss
1362 495 1399 552 s.
1420 494 1495 553 eso.
1852 490 1916 554 803

369 686 454 764 13301
470 691 532 747 Ebc
547 691 679 763 indignus
695 691 856 762 episcopus,
878 707 1085 762 recognoscens
1100 690 1282 763 fragilitatem
1298 709 1389 748 meam
1406 699 1436 748 et
1451 694 1580 764 pondera
1593 699 1777 765 peccatorum
1791 710 1918 750 meorum

263 806 352 856 testes
375 797 553 855 confessores
575 815 662 866 meos,
686 793 835 852 Aiulfum²
858 797 992 853 videlicet
1016 797 1258 870 archiepiscopum
1290 805 1320 853 et
1344 788 1545 854 Badaradnm8
1568 799 1730 872 episcopum
1753 817 1863 857 necnon
1887 808 1918 856 et

262 900 447 961 Modoinum⁴
471 905 634 976 episcopum
657 904 791 958 constitui
812 903 878 958 mihi
901 903 1010 958 indices
1033 904 1202 959 delictorum
1224 922 1348 960 meorum
1372 913 1403 962 et
1418 924 1517 978 puram
1532 906 1601 978 ipsis
1616 906 1820 964 confessionem
1837 908 1916 978 dcdi,

263 1029 404 1084 quaerens
433 1012 590 1067 remedium
619 1011 788 1083 poenitendi
819 1017 849 1065 et
879 1010 1000 1065 salutem
1023 1010 1133 1065 animae
1157 1028 1250 1079 meae,
1280 1018 1313 1065 ut
1342 1013 1510 1068 recederem
1532 1013 1569 1068 ab
1592 1011 1685 1068 oflicio
1710 1021 1740 1071 et
1762 1015 1917 1071 ministerio

231 1117 427 1190 apostilicali,
459 1136 516 1190 quo
546 1134 591 1173 me
621 1134 794 1189 recognosco
826 1135 890 1172 esse
914 1117 1071 1189 indignum,
1104 1124 1134 1172 et
1164 1118 1288 1173 alienum
1316 1136 1361 1174 me
1393 1121 1518 1176 reddens
1547 1138 1599 1192 pro
1622 1121 1749 1176 reatibus
1777 1122 1858 1192 meis,
1887 1123 1917 1176 in

263 1226 365 1297 quibus
387 1244 432 1281 me
455 1241 590 1296 peccasse
614 1231 726 1279 secreto
749 1225 818 1295 ipsis
841 1222 988 1279 confessus
1011 1242 1081 1291 sum,
1107 1242 1141 1279 eo
1164 1224 1276 1280 scilicet
1298 1226 1392 1294 modo,
1417 1234 1449 1281 ut
1472 1227 1526 1298 ipsi
1548 1227 1605 1281 sint
1627 1233 1721 1283 testes
1744 1228 1799 1283 alio
1817 1247 1916 1285 sncce-

262 1333 349 1387 dendi
373 1339 402 1388 et
424 1332 610 1388 consecrandi
631 1331 861 1402 subrogandique
885 1332 914 1385 in
938 1330 999 1386 loco
1021 1347 1097 1399 meo,
1121 1331 1169 1402 qni
1192 1331 1278 1402 digne
1301 1349 1437 1402 praeesse
1462 1339 1492 1388 et
1507 1334 1643 1404 prodesse
1659 1334 1748 1405 possit
1766 1335 1917 1403 ecclesiae,

262 1438 306 1493 cui
329 1439 470 1494 hactenus
492 1438 625 1510 indignus
648 1437 777 1509 praefui3
810 1444 840 1492 et
870 1445 903 1491 nt
933 1437 1000 1493 inde
1031 1437 1137 1492 nullam
1164 1438 1366 1509 repetitionem
1389 1445 1437 1494 aut
1461 1439 1721 1512 interpellationem
1745 1442 1915 1497 anctoritate

262 1545 397 1601 canoniea
419 1545 515 1600 iacere
539 1545 660 1612 valeam,
684 1561 769 1599 mann
791 1561 856 1599 mea
877 1544 992 1616 proprie
1014 1543 1195 1600 subscribens
1218 1542 1336 1599 firmavi.

218 1669 244 1722 ro
367 1641 484 1707 Nonne
508 1663 570 1727 ego
593 1640 680 1705 hanc
704 1641 976 1727 conscriptionem
999 1662 1073 1704 mea
1096 1662 1139 1704 ex
1162 1652 1256 1727 parte
1280 1641 1469 1706 inviolatam
1493 1642 1648 1707 servavi?
1684 1642 1752 1709 Cur
1775 1666 1864 1730 ergo,
1889 1645 1917 1709 si

262 1751 418 1815 canonice
442 1771 514 1814 esse
538 1749 653 1835 potuit,
685 1749 835 1834 septenni
864 1747 933 1811 fere
964 1748 1029 1811 iam
1060 1748 1164 1833 spatio
1195 1757 1370 1830 transacto,
1401 1746 1448 1812 ibi
1479 1747 1596 1835 aliquis
1620 1761 1827 1815 consecratus
1850 1773 1917 1815 non

218 1845 221 1850 ’
261 1856 347 1920 fuit?
382 1855 535 1920 Ecclesia
557 1855 671 1940 utique
694 1855 777 1941 ipsa,
802 1855 855 1919 cni
870 1853 1087 1940 procinctam,
1112 1876 1170 1939 pro
1188 1876 1254 1939 qua
1269 1864 1302 1917 et
1317 1852 1475 1936 vexabar,
1498 1856 1598 1919 variis
1614 1858 1775 1943 pressuris
1791 1856 1915 1943 afflige-

262 1961 373 2046 batur3
405 1971 438 2026 et
467 1963 549 2048 ipsa,
579 1962 644 2026 iem
676 1960 790 2025 alienis
821 1961 995 2025 commissa
1024 1957 1208 2024 visibilibus
1238 1959 1522 2048 invisibilibusque
1553 1961 1699 2027 hostibus
1728 1963 1915 2045 lacerande,

262 2069 418 2157 compulit
440 2090 493 2133 me
509 2067 552 2133 sd
572 2067 650 2131 talia
670 2065 833 2131 evadendi
848 2067 1036 2131 necessaris
1051 2077 1254 2152 argumenta,
1277 2065 1468 2132 imitabilem
1485 2067 1664 2133 Dominum
1680 2069 1915 2152 demonstrans,

218 2202 244 2242 rs
263 2178 319 2263 qui
334 2198 449 2241 manns
468 2175 732 2262 persequentium
755 2173 860 2237 vitare
876 2172 990 2237 volens
1013 2167 1177 2239 abscondit
1198 2198 1231 2239 se
1254 2189 1283 2239 et
1304 2176 1403 2239 crivit
1425 2175 1463 2239 dc
1486 2176 1612 2262 templo,
1636 2186 1847 2264 sanctumque
1864 2199 1914 2241 se·
1933 2200 2054 2252 susan.

262 2295 355 2348 cutus
377 2282 558 2363 Abraham,
590 2282 647 2368 qui
676 2281 710 2344 in
740 2279 893 2367 perieulis
917 2302 937 2343 a
960 2279 1160 2366 praelatione
1190 2280 1302 2353 uxoris
1331 2302 1409 2344 suae
1433 2303 1467 2344 se
1490 2282 1596 2366 magis
1619 2281 1733 2347 meluit
1756 2305 1914 2349 excusare
1933 2306 2072 2357 nomn,

262 2413 359 2477 quam
383 2412 456 2455 cum
480 2386 654 2475 rapacibus
678 2386 875 2451 avidissimis
898 2385 1049 2450 manibus
1069 2385 1208 2471 litigare.
1244 2386 1433 2451 Praevaluit
1456 2409 1534 2472 ergo
1551 2387 1624 2474 plus
1640 2386 1750 2454 debito
1766 2402 1915 2477 repeten·
1961 2362 2040 2410 mqq,

261 2499 340 2562 uum
364 2494 535 2561 miultitudo
565 2517 663 2582 quam
693 2516 767 2558 mea
797 2492 895 2557 solius
919 2491 1110 2578 quiescendi
1133 2491 1274 2574 devotio,
1306 2491 1392 2557 unde
1423 2505 1455 2557 et
1485 2493 1644 2580 praedicti
1675 2505 1740 2560 tres
1765 2496 1915 2562 consules

262 2603 374 2668 salutis
404 2624 497 2667 meae
533 2602 679 2688 episcopi
715 2601 818 2666 secuti
853 2600 1087 2663 conscientiam
1122 2621 1238 2680 meam,
1275 2599 1502 2686 compatiendo
1537 2601 1787 2667 necessitatibus
1822 2605 1914 2685 meis,

216 2735 243 2775 so
262 2710 537 2774 communicantes
560 2708 729 2795 hucusque
753 2704 862 2771 debite
888 2704 1087 2770 celaverunt.
1133 2705 1203 2770 Nec
1232 2707 1337 2770 minus
1360 2704 1527 2792 publicata
1551 2706 1631 2772 haec
1656 2708 1772 2774 eadem
1795 2709 1916 2775 delicta

262 2818 295 2881 in
326 2839 378 2881 me
408 2826 506 2902 atque
538 2825 698 2902 correpta,
729 2812 873 2900 gaudere
904 2812 1140 2876 restitutionem
1171 2834 1276 2876 meam
1307 2814 1342 2876 in
1373 2811 1489 2877 diebus
1521 2815 1587 2877 suis
1611 2838 1676 2878 una
1700 2839 1773 2881 cnm
1798 2819 1915 2882 ceteris

261 2925 348 2988 veris
371 2921 526 2988 fratribus
548 2944 726 3008 numquam
750 2918 933 2985 cessabant.
979 2918 1063 2984 Nam
1087 2917 1207 2983 talibus
1232 2920 1265 2982 in
1289 2921 1448 3005 pressuris
1478 2922 1664 2985 necessario
1695 2923 1758 2987 ista
1784 2935 1915 3011 reperta

262 3032 331 3095 sine
355 3041 444 3095 certo
468 3030 603 3094 erimine
627 3028 822 3114 conscriptio
846 3049 910 3091 non
935 3025 1162 3106 damnationis,
1194 3024 1253 3090 sed
1283 3028 1458 3112 ereptionis
1490 3026 1656 3114 publicata
1685 3031 1799 3095 merito
1831 3030 1914 3095 cele·

260 3136 374 3201 bratur
402 3137 597 3217 testimonio,
627 3157 687 3221 per
717 3156 813 3220 quam
844 3157 909 3198 non
940 3132 1043 3197 solum
1074 3133 1223 3217 mitigata
1254 3133 1302 3195 ira
1333 3134 1521 3218 potentium,
1553 3134 1611 3199 sed
1643 3137 1742 3200 etiam
1772 3136 1916 3223 levigata

216 3244 360 3330 solonge
382 3242 531 3308 hiemalis
554 3243 686 3306 vesano
711 3239 854 3327 palatina
877 3239 1022 3320 fratrum,
1046 3240 1180 3326 insuper
1204 3238 1408 3304 confessione
1432 3261 1471 3305 ae
1495 3243 1695 3327 poenitentia
1711 3243 1862 3330 supplici,
1887 3246 1915 3308 si

261 3352 483 3415 remissionem
506 3350 662 3415 meruerit
684 3359 904 3434 peccatomm,
929 3346 1016 3427 dum,
1041 3347 1126 3410 sicut
1148 3369 1248 3433 supra
1271 3345 1394 3411 dictum
1418 3357 1476 3429 est,
1501 3347 1630 3412 humilis
1654 3348 1914 3415 satisfactiones

260 3468 385 3521 tanturn
409 3457 496 3544 apud
520 3455 732 3536 Christianos,
764 3477 878 3518 verum
906 3464 939 3518 et
961 3451 1050 3539 apud
1073 3474 1219 3539 paganos
1244 3453 1374 3539 saepius
1398 3456 1678 3540 recuperationem
1704 3479 1802 3543 qnam
1825 3456 1914 3522 darn·

261 3565 424 3628 nationem
455 3564 573 3629 meruit
602 3561 644 3627 ab
675 3562 777 3627 initio.
825 3560 902 3647 Ipsa
933 3560 1019 3624 enirn
1052 3559 1229 3645 ereptionis
1259 3570 1374 3623 coacta
1397 3560 1566 3647 inscriptio
1591 3573 1623 3626 et
1647 3586 1711 3627 non
1735 3574 1915 3650 spontanea

261 3671 400 3757 ideoque
430 3693 492 3734 nec
524 3671 692 3752 canoniea,
721 3668 778 3733 sed
809 3677 916 3732 tamen
941 3666 1058 3730 devote
1083 3689 1103 3729 a
1126 3667 1328 3752 memetipso,
1360 3689 1457 3752 quem
1482 3668 1651 3755 premebat
1674 3668 1735 3734 sub
1766 3670 1915 3736 custodis

216 3807 243 3846 so
261 3776 368 3841 aliena
391 3776 522 3841 diversa
545 3775 689 3858 afflictio,
714 3797 843 3862 semper
866 3785 996 3838 servate
1020 3783 1053 3837 et
1075 3795 1242 3859 nunqnam
1258 3771 1380 3837 violata
1399 3772 1587 3856 dinoscitur,
1611 3775 1689 3841 dum
1704 3787 1787 3842 teste
1803 3777 1916 3842 divina

260 3885 429 3949 maiestate
453 3882 668 3947 robustiorem
693 3904 744 3945 me
769 3879 996 3966 utilioremque
1020 3880 1126 3944 virum
1150 3875 1273 3944 eisdem
1290 3880 1324 3943 in
1341 3881 1427 3943 cums
1444 3879 1675 3947 ecclesiasticis
1690 3906 1915 3949 successorem

261 4013 332 4055 esse
348 3988 512 4077 optabam,
530 3988 606 4053 dum
622 3989 800 4053 offensione
818 3988 975 4074 principis
992 3987 1206 4050 occasioneve
1224 3984 1334 4050 valida
1349 3986 1544 4052 infirmitatis
1559 4011 1624 4053 non
1641 3991 1830 4076 proficuum,
1855 3990 1914 4056 sed

260 4098 364 4183 magis
388 4097 522 4161 noxium
553 4095 628 4159 liliis
659 4096 740 4160 meis
770 4092 817 4158 ibi
845 4090 1097 4158 consistentibus
1122 4114 1194 4157 esse
1218 4090 1368 4156 verebar.
1415 4092 1588 4180 Aquinus
1613 4106 1720 4160 tamen
1745 4099 1822 4183 quia
1845 4100 1913 4162 vio-

259 4203 363 4269 lenter
385 4201 550 4289 nbreptus,
576 4223 778 4288 quorumque
801 4223 863 4265 nec
887 4222 1048 4265 consensu
1072 4210 1198 4286 sponte,
1231 4198 1289 4263 sed
1316 4200 1421 4285 magis
1445 4211 1558 4265 coacte
1582 4224 1779 4289 quamquam
1803 4202 1913 4269 debite

217 4311 436 4393 inconfessus,
461 4307 547 4373 unde
571 4330 632 4373 nec
657 4308 814 4373 canonice
837 4305 1013 4388 absolutus,
1038 4330 1058 4371 a
1081 4305 1193 4371 debita
1215 4306 1409 4392 repetitione
1426 4329 1505 4391 ergo
1521 4329 1580 4393 pro
1596 4306 1720 4372 viribus
1736 4332 1913 4396 numquam

238 4428 479 4506 cessaverunt,
511 4414 626 4496 donec,
658 4413 811 4501 precibus
835 4413 975 4478 assiduis
999 4412 1143 4477 divinam
1169 4423 1343 4477 exorantes
1368 4412 1584 4496 clementiam,
1616 4438 1739 4480 moram
1769 4415 1833 4480 sibi
1856 4439 1912 4503 op·

259 4521 357 4588 tando
381 4522 551 4608 parvitatis
574 4543 667 4586 meae
692 4541 803 4584 curam
827 4520 1087 4584 constantissime
1112 4518 1376 4605 praevaluerunt.

365 4628 433 4694 Iste
456 4628 597 4715 denique
622 4638 671 4692 est
694 4648 774 4690 vera
797 4626 984 4690 intentionis
1014 4647 1107 4690 meae
1138 4627 1263 4712 puritas
1287 4626 1471 4712 devoteque
1501 4626 1660 4712 professio
1684 4629 1718 4691 in
1741 4631 1911 4715 pressuris,

260 4758 358 4822 quam
380 4758 446 4800 non
470 4746 594 4800 tanturn
618 4735 684 4799 iarn
707 4731 812 4797 tribus
837 4730 1088 4814 confessoribus,
1121 4731 1180 4796 sed
1211 4731 1361 4796 omnibus
1385 4731 1506 4797 Christi
1536 4732 1687 4798 fidelibus
1710 4737 1910 4801 notissimam

214 4871 241 4911 so
259 4865 330 4907 esse
354 4843 461 4930 cupio,
486 4862 686 4929 quorumque
711 4840 834 4904 meritis
858 4851 890 4904 et
912 4837 1065 4925 precibus
1089 4837 1175 4902 ultra
1197 4837 1358 4923 proluisse
1383 4838 1501 4904 debitis
1525 4840 1558 4903 in
1581 4843 1721 4926 negotiis
1745 4865 1796 4907 me
1815 4866 1910 4929 posse

258 4972 465 5036 nequaquam
489 4946 613 5030 dubito,
644 4969 768 5012 memor
792 4945 832 5010 de
856 4946 1041 5033 praeteritis
1072 4942 1365 5032 praesentibusque
1396 4957 1493 5031 atque
1517 4944 1634 5010 futuris
1657 4946 1840 5013 visibilibus
1864 4951 1910 5014 in·

258 5053 507 5140 visibilibusque
531 5054 746 5119 offensionum
769 5052 933 5140 perieulis,
967 5050 1121 5138 quamdiu
1149 5051 1251 5132 fuero,
1283 5050 1436 5116 fiduciam
1466 5050 1591 5116 habens
1621 5076 1750 5141 semper
1779 5056 1813 5119 in
1837 5055 1910 5121 Deo

259 5162 420 5227 salvatore
454 5171 574 5226 nostro.
633 5159 759 5241 Quodsi
794 5182 891 5246 quern
925 5157 1115 5245 supradicta
1150 5158 1348 5244 conscriptio
1383 5159 1452 5222 sine
1484 5169 1573 5223 certo
1604 5159 1739 5225 crimine
1774 5161 1912 5228 formata

365 5383 381 5430 9
404 5373 519 5444 firmavi]
546 5379 605 5428 Ebo
632 5378 768 5444 quondam
795 5378 938 5442 episcopus
957 5377 1113 5441 subscripsi,
1139 5393 1202 5442 quoe
1227 5393 1306 5441 snpra
1323 5393 1349 5441 p.
1366 5379 1416 5426 702
1434 5377 1544 5443 l.19sq.
1571 5373 1604 5440 (n.
1623 5378 1699 5429 etiem
1712 5396 1742 5445 p.
1759 5385 1812 5429 699
1830 5381 1848 5431 Ι.
1866 5377 1912 5444 27)

213 5483 240 5523 to
257 5469 429 5530 ιἰιυειιίιιιιὲιιν,
447 5468 492 5518 boe
510 5468 561 5519 loon
577 5467 669 5518 desum
685 5467 749 5517 aeut
765 5483 845 5530 snpra
859 5483 888 5531 p.
905 5469 955 5514 797
973 5466 1039 5516 l.13
1056 5473 1080 5515 ct
1098 5465 1170 5530 infin
1184 5482 1214 5531 p.
1228 5469 1281 5515 898
1298 5465 1316 5516 l.
1330 5468 1372 5516 12.
1445 5467 1479 5516 24
1498 5468 1648 5532 potentium
1666 5485 1697 5519 ee
1715 5469 1910 5535 poenitentium

257 5575 321 5609 corr.
336 5557 364 5609 S.
419 5559 453 5608 29
472 5556 574 5607 devota
593 5555 623 5608 S.
695 5557 726 5607 sl
750 5547 953 5620 utilioremque]
972 5552 1150 5619 vilioremque
1170 5553 1199 5605 S.
1272 5555 1305 5606 st
1325 5570 1402 5606 meae
1420 5553 1481 5605 add.
1499 5572 1513 5606 e
1530 5556 1593 5607 coni.

369 5738 397 5808 l)
420 5738 453 5795 V.
468 5757 559 5813 snpra
576 5757 610 5813 p.
629 5739 686 5797 701
698 5756 741 5813 sq.
762 5739 824 5796 797
847 5744 873 5793 et
894 5735 980 5809 infra
998 5756 1031 5812 p.
1049 5739 1120 5796 808.
1217 5733 1249 5806 2)
1272 5734 1486 5793 Bitsricensem.
1584 5737 1615 5808 3)
1639 5737 1910 5799 Poderborncmcm.

260 5847 291 5917 4)
315 5845 601 5922 Aspasmrirsncnsem.

1631 5962 1698 6016 101*
