4884 6717
710 532 763 589 56.
801 531 1020 590 CONCILIUM
1043 533 1372 599 AQUISGRANENSE
1395 535 1433 590 A.
1454 533 1529 590 836.
1881 528 1944 592 709

291 731 389 807 atque
413 719 548 785 credere
573 719 809 784 conveniatne
833 731 959 785 ceteros
983 720 1127 807 perfecte
1151 722 1322 802 instruere,
1355 719 1494 807 qualiter
1524 732 1557 784 et
1586 720 1649 807 ipsi
1674 719 1838 785 credendo
1862 721 1944 786 salvi

291 826 362 890 fieri
386 828 520 913 possint.

400 950 482 1037 (14).
507 950 550 1015 H.
587 951 737 1016 Summos
767 953 877 1037 itaque
908 951 1094 1016 sacerdotes
1118 950 1388 1016 inexcusabiliter
1410 973 1506 1015 nosse
1531 962 1668 1037 oportet,
1699 964 1735 1016 ut
1758 974 1800 1016 ex
1823 954 1943 1017 veteris

291 1058 433 1144 novique
457 1059 641 1122 testamenti
672 1059 800 1143 scriptis
832 1080 915 1144 quae
939 1081 1018 1122 vera
1051 1069 1125 1121 sunt
1145 1058 1316 1144 ,salutique
1345 1060 1486 1123 omnium
1511 1058 1657 1143 proficua
1680 1058 1824 1145 proferre
1850 1058 1944 1123 docte

259 1166 407 1245 saciant,
431 1164 584 1230 videlicet
607 1175 763 1251 qnantum
789 1165 900 1228 divina
923 1167 1028 1250 gratia
1052 1165 1187 1230 caelitus
1206 1166 1350 1251 aspirare
1367 1167 1485 1251 cuique
1502 1164 1665 1251 dignatur,
1690 1167 1767 1252 quia
1782 1166 1944 1229 neminem

292 1272 326 1336 in
349 1269 411 1336 hac
434 1270 663 1335 incertitudine
688 1272 828 1356 positum
852 1273 982 1357 assequi
1006 1274 1115 1336 omnia
1130 1294 1227 1358 posse
1244 1282 1369 1336 certum
1385 1282 1444 1353 est,
1469 1293 1639 1357 quousque
1655 1271 1710 1336 illo
1727 1273 1944 1358 perveniatur,

292 1376 350 1442 nbi
374 1379 435 1441 erit
458 1377 550 1442 Deus
573 1378 682 1441 omnia
705 1378 738 1440 in
763 1375 922 1441 omnibus.

401 1500 483 1587 (15).
519 1500 580 1565 ΙΙΙ.
627 1500 696 1565 Nec
735 1501 842 1564 minus
880 1501 1077 1566 medicinam
1112 1502 1291 1589 spiritalem
1327 1502 1562 1589 consiliumque
1599 1501 1728 1567 salubre
1764 1504 1945 1568 animarum

294 1619 439 1694 pastores
473 1606 585 1693 populi
620 1608 703 1671 scire
735 1617 863 1693 oportet
891 1609 938 1671 uti
969 1607 1114 1672 medicos
1145 1609 1317 1695 spiritales,
1353 1619 1518 1673 asserente
1554 1610 1757 1673 sanctissimo
1791 1610 1945 1696 pontifice

249 1742 276 1781 so
295 1712 455 1799 Gregorio
479 1723 575 1799 atque
599 1713 738 1794 dicente,
763 1718 850 1795 quia¹
874 1724 976 1778 artium
999 1741 1044 1777 ars
1069 1732 1114 1779 est
1136 1725 1263 1796 regimen
1287 1726 1450 1779 animarum.
1487 1723 1557 1788 Quis
1581 1743 1647 1798 ergo
1671 1726 1806 1781 interiora
1828 1726 1947 1781 vulnera

293 1830 447 1886 occultiora
470 1847 531 1885 esse
556 1831 665 1885 nesciat
688 1830 853 1885 vulneribus
875 1830 1037 1885 viscerum?
1089 1831 1127 1884 Et
1157 1831 1222 1886 ideo
1252 1833 1437 1887 metuendum
1468 1839 1513 1886 est
1544 1833 1634 1886 cordis
1664 1851 1695 1888 se
1726 1833 1850 1887 medicos
1880 1851 1944 1904 pro·

294 1936 368 1993 titeri
393 1938 557 1991 sacerdotes
580 1937 728 1992 ministerii
752 1937 796 1990 sui
818 1937 940 2008 ignaros.

401 2050 586 2137 (16).1ΠΙ.
626 2049 788 2116 Convenit
822 2051 954 2137 insuper
988 2050 1181 2115 sacerdotali
1214 2052 1393 2116 ministerio
1425 2053 1510 2115 scire
1534 2052 1671 2116 formam
1701 2052 1945 2139 euangelicam,

294 2158 490 2224 documenta
524 2157 711 2244 apostolica,
747 2180 908 2222 canonum
942 2158 1099 2237 instituta,
1134 2179 1282 2222 normam
1318 2157 1449 2243 regulae
1484 2159 1657 2244 pastoralis
1687 2182 1707 2224 a
1741 2161 1945 2225 sanctissimo

250 2292 276 2331 ss
295 2265 446 2353 pontifice
472 2263 632 2350 Gregorio
657 2264 776 2345 editae,
800 2287 842 2328 ne
866 2265 958 2328 iuxta
988 2263 1128 2328 eundem
1158 2265 1398 2329 sanctissimum
1427 2266 1557 2329 virum²
1586 2265 1628 2330 ab
1658 2267 1827 2352 imperitis,
1858 2266 1946 2353 quod

294 2371 389 2453 absit,
414 2369 576 2457 pastorale
600 2372 824 2457 magisterium
847 2369 958 2457 aliqua
981 2372 1163 2435 temeritate
1188 2381 1362 2457 usurpetur
1385 2381 1442 2435 aut
1464 2371 1609 2436 vilescat.

402 2497 484 2582 (17).
509 2495 550 2559 V.
587 2495 654 2560 Sed
677 2507 710 2558 et
733 2494 794 2559 hoe
818 2496 902 2559 scire
927 2496 1089 2574 convenit,
1121 2505 1279 2581 quantum
1308 2506 1415 2560 rector
1438 2517 1551 2559 sacrae
1575 2496 1657 2581 legis
1681 2495 1945 2562 meditationibus

295 2624 366 2667 esse
391 2601 509 2666 debeat
531 2603 674 2666 intentus
698 2603 790 2666 iuxta
820 2601 908 2688 quod
937 2603 971 2665 in
1001 2600 1085 2666 libro
1109 2600 1264 2688 pastorali
1296 2599 1443 2681 habetur,
1474 2601 1508 2665 id
1532 2601 1691 2688 estquod
1716 2607 1945 2668 omne⁸b0nnm

294 2720 349 2774 rite
374 2737 391 2772 a
413 2728 524 2775 rectore
548 2719 652 2790 agitur,
682 2719 705 2773 si
728 2735 870 2789 supernae
901 2718 1056 2772 formidinis
1081 2725 1111 2772 et
1133 2717 1294 2772 dilectionis
1324 2719 1424 2789 spiritu
1453 2717 1567 2776 afflatus
1598 2718 1723 2774 studiose
1747 2720 1850 2774 cotidie
1874 2722 1945 2775 sacri

251 2842 278 2881 so
296 2826 401 2897 eloquii
424 2833 581 2896 praecepta
603 2825 766 2892 meditetur,
791 2834 822 2878 ut
845 2825 874 2878 in
898 2842 932 2880 eo
955 2825 1009 2879 vim
1033 2823 1230 2879 sollicitudinis
1254 2833 1284 2880 et
1308 2843 1377 2896 erga
1400 2825 1553 2881 caelestem
1577 2825 1663 2880 vitam
1687 2827 1803 2897 provide
1827 2828 1945 2882 circum·

296 2932 459 3003 spectionia,
491 2949 575 3003 quam
604 2931 743 2986 humanae
774 2931 995 2986 conversationis
1018 2949 1084 2984 usus
1108 2931 1305 2986 indesinenter
1327 2932 1459 3000 destruit,
1492 2932 1603 2988 divinae
1631 2934 1836 2988 ammonitionis
1860 2934 1948 2990 rerba

296 3047 458 3094 restaurent
490 3045 520 3092 et
550 3039 598 3108 qni
628 3039 664 3091 sd
695 3045 869 3093 vetustatem
899 3038 975 3092 ritae
1006 3055 1059 3108 per
1088 3038 1255 3092 societatem
1286 3039 1471 3093 saecularium
1495 3039 1607 3094 ducitur
1630 3041 1666 3094 ad
1690 3058 1812 3095 asnorum
1835 3059 1947 3112 semper

296 3144 430 3217 spiritalis
452 3144 561 3215 patriae
585 3145 797 3215 conpunctionis
820 3144 991 3215 aspiratione
1014 3151 1176 3200 renovetur.

404 3261 487 3346 (18).
512 3259 569 3323 VI.
606 3258 661 3325 Sic
697 3259 837 3346 denique
872 3260 1015 3345 ignorari
1045 3282 1110 3324 non
1140 3258 1226 3340 licet,
1262 3271 1384 3346 quanta
1413 3258 1512 3324 debet
1542 3283 1613 3325 esse
1644 3261 1816 3327 diversitas
1848 3274 1946 3350 atque

252 3392 278 3432 ss
296 3366 448 3432 discretio
472 3367 504 3430 in
529 3379 598 3431 arte
622 3366 886 3454 praedicationis,
909 3378 1006 3453 prout
1028 3366 1062 3430 in
1084 3365 1168 3430 libro
1192 3366 1345 3453 pastorali
1370 3367 1533 3453 digestum
1556 3366 1702 3451 habetur,
1727 3370 1772 3434 ita
1795 3370 1947 3456 inquiens

296 3485 428 3538 sanctus
445 3470 640 3559 Gregorius:
667 3480 725 3538 Ut*
751 3484 908 3539 animante
925 3501 976 3538 nos
998 3482 1083 3554 longe
1107 3484 1284 3538 reverendae
1308 3484 1458 3539 memoriae
1476 3483 1629 3555 Gregorius
1645 3481 1854 3541 Naaanzenus⁶
1878 3487 1945 3542 edo-

297 3591 366 3656 cuit,
396 3608 452 3645 non
481 3608 539 3644 nna
568 3591 727 3662 eademqne
759 3590 867 3645 cunctis
899 3589 1036 3644 exortatio
1060 3589 1200 3659 congruit.
1232 3590 1299 3661 quia
1328 3607 1382 3644 nec
1405 3598 1521 3645 cunctos
1544 3608 1596 3661 par
1618 3605 1724 3646 morum
1749 3593 1872 3663 qualitas
1895 3593 1946 3648 ad-

296 3698 421 3768 stringit.
456 3695 550 3768 Saepe
573 3714 694 3768 nsmqne
719 3697 780 3752 aliis
804 3696 932 3752 osticinnt
956 3713 1028 3768 quae
1053 3695 1114 3750 aliis
1137 3704 1263 3766 prosunt.
1299 3685 1444 3772 Ideoque
1468 3688 1552 3752 seire
1577 3686 1675 3751 debet
1696 3700 1804 3753 rector
1826 3688 1947 3754 discre-

298 3795 402 3859 tiones
426 3816 647 3880 personarum,
672 3816 755 3880 quae
780 3795 813 3858 in
837 3793 952 3858 eodem
976 3791 1058 3857 libro
1082 3814 1102 3855 a
1123 3791 1251 3878 plenius
1276 3794 1359 3857 seire
1383 3793 1567 3858 volentibus
1591 3794 1729 3859 inveniri
1752 3807 1897 3881 possunt.

253 3943 280 3982 so
405 3919 488 4005 (19).
514 3918 588 3981 VII.
625 3917 781 3982 Similiter
805 3919 888 3981 scire
913 3918 1066 3981 convenit
1088 3915 1292 4003 praesulibus
1311 3939 1364 3981 res
1381 3918 1641 3983 aecclesiasticas
1656 3942 1720 3983 non
1737 3930 1773 3984 ut
1787 3922 1946 4007 proprias,

298 4024 357 4088 sed
381 4048 401 4089 a
424 4024 565 4089 Domino
589 4023 651 4089 sibi
675 4047 733 4110 pro
757 4023 894 4089 aliorum
917 4022 1166 4088 necessitatibus
1190 4024 1379 4088 commissas
1407 4036 1504 4111 atque
1535 4025 1628 4089 iuxta
1649 4023 1826 4112 Prosp'cri⁰
1849 4025 1946 4090 docu-

297 4143 440 4197 mentum
470 4130 551 4195 nihil
581 4130 662 4196 aliut
691 4153 762 4196 esse
794 4153 845 4194 res
875 4130 1055 4194 aecclesiae
1087 4152 1185 4215 quam
1215 4141 1293 4195 voto
1326 4130 1479 4212 fidelium,
1515 4132 1642 4217 praetia
1675 4143 1884 4218 peccatorum
1916 4143 1949 4197 et

297 4239 492 4325 patrimonia
514 4260 704 4325 pauperum.
751 4237 879 4302 idcirco
903 4258 1107 4323 summopere
1131 4247 1180 4300 est
1203 4234 1448 4319 decertandum,
1478 4259 1519 4301 ne
1544 4236 1660 4324 aliquis
1684 4238 1872 4324 pontificum
1898 4262 1947 4322 ea,

298 4367 383 4432 quae
408 4342 660 4409 aecclesiasticis
684 4344 804 4409 tradita
827 4353 903 4407 sunt
924 4344 1111 4407 ministeriis
1135 4365 1194 4429 pro
1214 4344 1404 4407 remissione
1422 4354 1629 4430 peccatorum
1645 4357 1700 4408 aut
1715 4344 1787 4409 aliis
1804 4344 1948 4432 aptanda

252 4473 280 4514 ss
298 4451 414 4516 officiis
445 4463 501 4515 aut
529 4450 727 4538 pauperibus
757 4449 932 4535 eroganda,
962 4487 1005 4498 -
1035 4470 1076 4513 ne
1108 4448 1226 4535 aliquis
1256 4471 1296 4512 ea
1325 4451 1458 4536 propria
1488 4449 1664 4536 cupiditate
1695 4461 1750 4514 aut
1778 4463 1948 4537 potentum

297 4568 421 4623 terrore
444 4569 679 4643 parentumque
704 4557 931 4644 procuratione
955 4555 997 4620 ad
1022 4555 1101 4620 alios
1124 4577 1201 4620 usus
1225 4565 1420 4642 retorqueat,
1451 4579 1493 4620 ne
1516 4556 1610 4638 forte,
1635 4557 1721 4644 quod
1746 4557 1818 4621 aliis
1842 4568 1948 4623 exstat

404 4808 471 4874 (14).
491 4812 527 4861 11.
556 4812 571 4862 1
591 4804 646 4873 ubi]
663 4811 701 4861 ita
717 4811 783 4872 edd,
803 4826 856 4875 quo
877 4809 909 4860 G.

404 4897 470 4964 (15).
490 4902 544 4951 ΙΙΙ.
575 4902 604 4950 11
626 4893 664 4962 εε]
684 4915 744 4951 esse
765 4899 795 4949 G.

405 4987 470 5053 (16).
491 4990 559 5039 1111.
590 4990 621 5038 15
641 4984 686 5051 nc]
706 4997 735 5038 ut
755 4986 787 5037 G.
860 4982 957 5050 virum]
979 5004 1012 5037 na
1030 4987 1091 5037 edd.
1112 4987 1144 5038 G.

250 5080 279 5119 ⁴⁰
405 5075 471 5140 (17).
491 5079 522 5128 V.
553 5081 585 5128 19
605 5077 752 5128 dilectione
774 5076 805 5126 θ.
879 5079 910 5127 21
932 5077 1026 5127 divina
1046 5077 1077 5126 G.
1151 5079 1184 5127 22
1205 5085 1357 5128 restaurant
1377 5077 1409 5129 G.

407 5165 474 5226 (18).
494 5167 543 5216 VI.
571 5168 605 5217 25
624 5164 768 5232 pastoralis
790 5165 822 5215 0.
912 5167 945 5216 21
965 5167 1105 5231 asstringit
1126 5165 1157 5215 G.
1249 5169 1283 5217 28
1302 5161 1437 5232 oificinnt]
1457 5168 1580 5219 inliciunt
1600 5169 1632 5218 0.
1721 5168 1894 5218 discretionis
1915 5169 1947 5219 θ.

297 5258 330 5307 29
350 5273 366 5306 a
384 5256 450 5306 deest
469 5255 501 5306 G.

406 5343 557 5405 (19).vl1.
586 5344 759 5409 stuprando
780 5342 811 5393 G.

333 5643 340 5657 .
408 5560 436 5631 1)
455 5559 613 5638 &epodus
630 5560 683 5630 M,
700 5560 772 5637 Κεφ.
787 5569 865 5635 past.
883 5560 904 5617 Ι
915 5579 937 5617 c.
952 5564 986 5629 1;
1011 5558 1085 5635 Opp.
1103 5560 1142 5630 11,
1159 5563 1188 5619 2.
1275 5560 1305 5630 2)
1323 5559 1373 5632 Cf.
1392 5560 1500 5618 itidem.
1591 5560 1946 5631 3)1otarlc.11;tt

251 5685 280 5724 ss
297 5668 338 5737 ΙΙ,
363 5671 411 5728 33.
502 5667 533 5738 4)
555 5667 632 5724 loia.
656 5667 721 5724 libri
743 5666 797 5723 ΙΙΙ
808 5668 931 5742 praes.;
961 5669 979 5723 l.
1000 5668 1018 5722 l.
1042 5666 1082 5736 H,
1100 5670 1149 5726 31.
1242 5667 1273 5737 5)
1303 5667 1352 5738 Cf.
1378 5665 1534 5744 Greqorius
1557 5666 1768 5738 Nazianzenus,
1794 5666 1894 5725 Oratio
1916 5668 1954 5726 ΙΙ

298 5795 337 5832 cc.
356 5779 405 5834 30.
423 5778 460 5835 31
468 5797 479 5844 ,·
499 5773 573 5850 Opp
591 5775 634 5830 ed.
653 5774 782 5831 Μαιινίπ.
804 5773 828 5843 I,
845 5776 897 5832 27.
990 5773 1021 5842 6)
1047 5771 1095 5845 Cf.
1115 5773 1244 5831 Iulianus
1261 5773 1416 5844 Feretrius,
1440 5773 1487 5830 De
1508 5772 1567 5830 vita
1590 5774 1804 5849 contemplativa
1820 5774 1856 5831 II
1870 5795 1892 5831 c.
1911 5778 1947 5844 9,-

299 5879 373 5958 opp.
397 5881 536 5957 Prospem
557 5900 626 5956 app.
651 5884 700 5940 32.
