4884 6717
690 540 742 596 56.
779 539 997 597 coxcmlun
1022 538 1351 603 AQt'lsauAumuss
1376 540 1412 594 A.
1433 537 1509 594 836.
1864 533 1924 595 741

272 731 480 806 constitutum,
511 728 750 793 venundabitur.
799 729 858 793 Sin
889 743 988 794 autem
1023 731 1088 808 ille,
1119 731 1179 815 qui
1206 743 1342 809 uouerat,
1377 729 1512 792 coluerit
1540 728 1695 792 redimere
1725 752 1804 808 eam,
1840 728 1930 792 dubit
1948 745 2043 837 [lep-¹25.

272 837 414 920 quintam
432 849 558 921 partem
582 838 789 900 estimationis
811 861 910 923 supra
942 852 969 900 et
1001 837 1124 900 babebit
1154 836 1289 900 domum.
1340 834 1464 913 Quodsi
1488 859 1600 922 aprum
1620 837 1830 920 possessionis
1852 860 1928 900 suae
2035 829 2041 842 ⁸

272 944 393 1006 erorerit
410 956 438 1005 et
461 946 690 1006 consecraverit
704 942 854 1022 Domino,
878 947 966 1008 iuxta
991 968 1168 1007 retensuram
1192 944 1336 1006 sementes
1360 943 1556 1006 estimabitur
1571 943 1723 1027 pretium.
1758 940 1803 1005 Et
1826 940 1926 1005 infra:

273 1047 315 1112 Si
336 1049 470 1113 uoluerit
491 1048 647 1113 redimere
672 1050 736 1116 itte.
762 1054 978 1135 quivoverat,
1002 1050 1099 1114 addet
1121 1051 1262 1136 quintam
1280 1062 1408 1134 portem
1427 1051 1587 1112 estimatae
1605 1049 1762 1133 pecuniae
1777 1063 1806 1112 et
1821 1050 1927 1134 possi·
1947 1072 2107 1122 naurs-21.

240 1155 358 1221 edebit
380 1179 457 1218 eusrn.
496 1153 555 1218 Sia
578 1169 678 1218 autem
704 1157 842 1220 nutrierit
864 1157 1028 1234 redimere,
1052 1157 1109 1219 sed
1131 1157 1228 1220 alteri
1249 1156 1377 1219 cuilibet
1392 1156 1502 1241 fuerit
1523 1154 1728 1232 venundatus,
1754 1155 1836 1219 trimo
1860 1180 1927 1219 eum

272 1263 333 1346 qui
353 1276 479 1325 uouerat
501 1261 655 1326 redimere
679 1286 738 1325 non
755 1265 886 1347 poterit,
910 1267 997 1348 quio,
1021 1289 1090 1326 cum
1116 1264 1234 1326 iubelei
1251 1265 1369 1326 uenerit
1384 1261 1462 1341 dies,
1485 1263 1700 1347 sanctificatus
1716 1264 1776 1325 erit
1792 1261 1928 1326 Domino

273 1381 302 1433 et
320 1371 477 1452 possessio
500 1383 680 1432 consecrata
703 1368 749 1431 ad
773 1372 822 1431 ius
843 1373 978 1454 pertinet
999 1369 1205 1433 sacerdotum.
1255 1366 1446 1446 Considera,
1479 1366 1623 1452 prudens
1647 1365 1778 1430 auditor
1800 1377 1834 1430 et
1856 1366 1924 1431 dili-

272 1494 353 1558 gens
378 1472 489 1554 lector,
520 1472 660 1559 qualiter
688 1485 848 1559 augeatur
878 1474 982 1539 cultus
1007 1475 1145 1539 divinus.
1194 1473 1351 1561 Superius
1376 1495 1516 1558 namque
1546 1472 1690 1558 pretiosa
1721 1495 1871 1560 quaeque
1895 1474 1928 1536 in

272 1579 464 1665 pecudibus,
496 1581 529 1642 in
560 1602 638 1644 auro
671 1591 702 1644 et
733 1591 869 1666 argento
894 1593 926 1645 et
949 1583 1085 1667 gemmis
1117 1593 1149 1645 et
1179 1582 1283 1644 serico
1308 1590 1341 1644 et
1364 1581 1482 1644 ceteris
1507 1578 1645 1642 diversis
1669 1578 1841 1664 speciebus
1865 1577 1928 1646 sibi

228 1714 255 1752 m
273 1686 435 1750 Dominus
460 1708 581 1771 suoque
607 1698 719 1750 sancto
743 1673 956 1752 tabernaculo
980 1689 1119 1751 iusserat
1135 1687 1254 1766 offerii,
1278 1686 1331 1750 hic
1348 1699 1457 1750 autem
1474 1687 1539 1749 iam
1555 1685 1750 1750 inchoantur
1765 1696 1798 1750 et
1814 1685 1928 1750 domus

273 1803 306 1857 et
328 1794 399 1877 agri
420 1793 563 1857 Domino
587 1795 784 1872 consecrari,
809 1805 842 1857 ct
865 1816 913 1874 ea,
938 1816 1022 1881 quae
1038 1793 1181 1859 Domino
1206 1805 1447 1876 consecrantur,
1472 1791 1516 1856 ad
1539 1793 1589 1856 ius
1613 1792 1798 1878 pertineant
1821 1814 1926 1856 sacer·

272 1897 394 1963 danim.
429 1898 511 1963 Item
535 1900 568 1962 in
593 1900 725 1964 eodem:
755 1901 862 1981 tineae,
886 1902 972 1987 quod
994 1903 1132 1965 Domino
1156 1915 1365 1980 consecratur,
1388 1902 1455 1965 siue
1478 1900 1568 1964 bomo
1584 1901 1695 1985 fuerit
1715 1902 1782 1964 siue
1805 1901 1930 1964 animal
1947 1922 2062 1972 manes.

271 2009 338 2070 sire
361 2032 447 2091 aper,
477 2031 538 2070 non
562 2011 701 2071 renietur
731 2033 786 2072 nec
808 2009 929 2072 redimi
953 2011 1077 2095 poterit.
1128 2008 1291 2092 Quicquid
1311 2008 1407 2070 semel
1421 2008 1531 2094 fuerit
1553 2020 1762 2070 consecratum
1785 2021 1926 2069 sanctum

270 2127 448 2178 satiatorum
473 2116 535 2177 erit
556 2115 704 2178 Dortiino.
751 2114 837 2178 Vide
862 2116 959 2178 etism
982 2116 1015 2178 in
1039 2113 1100 2178 hoc
1124 2113 1206 2193 locu,
1238 2112 1316 2199 quid
1340 2111 1380 2175 dc
1404 2112 1535 2176 homine
1560 2110 1622 2175 sibi
1646 2123 1835 2176 consecrato
1859 2111 1927 2176 Do-

229 2245 254 2285 rs
272 2220 378 2282 minus
409 2220 578 2305 precipiat,
610 2231 642 2283 et
671 2220 848 2307 perpende,
880 2221 968 2308 quod
998 2222 1145 2285 homines
1176 2222 1363 2284 consecrari
1389 2221 1613 2306 precipiantur
1643 2219 1796 2284 Domino.
1843 2219 1926 2283 Item

272 2324 369 2411 paulo
393 2337 466 2411 pust
489 2327 523 2389 in
547 2326 678 2390 eodem:
714 2329 827 2393 (taines
851 2329 990 2393 decimae
1013 2344 1125 2408 terrae,
1154 2332 1220 2392 siue
1252 2328 1289 2391 de
1306 2329 1464 2414 fruyibus
1486 2329 1553 2404 siue
1580 2326 1618 2390 de
1638 2329 1744 2412 pomis
1767 2328 1926 2405 arborum,
1946 2349 2057 2400 nune

273 2432 410 2496 Domini
430 2447 502 2496 sient
523 2448 551 2496 et
576 2434 630 2497 illi
649 2438 898 2522 sartatiticantur.
944 2434 989 2499 Et
1011 2434 1112 2498 infra:
1138 2435 1240 2498 Bovis
1263 2448 1291 2498 et
1313 2436 1381 2497 ocis
1404 2447 1433 2497 et
1455 2457 1582 2519 caprae,
1607 2457 1686 2518 quae
1709 2434 1765 2496 sub
1787 2436 2104 2518 pomeranensem.

273 2542 364 2622 rirqa
395 2553 565 2618 transeunt,
596 2542 752 2625 quicquid
782 2542 934 2605 decimum
966 2542 1094 2620 uerterit,
1124 2541 1376 2626 sanctificabitur
1406 2540 1553 2603 Domino.
1608 2539 1681 2602 Non
1712 2540 1843 2627 stipetur
1872 2565 1927 2604 nec

273 2646 384 2709 bonum
410 2670 464 2709 nec
488 2647 603 2709 malum
635 2670 690 2709 nec
719 2648 817 2710 altero
840 2650 1087 2711 commiscebitur.
1136 2647 1178 2711 Si
1197 2649 1270 2732 quis
1293 2648 1474 2724 mutabitur,
1505 2660 1533 2709 et
1559 2646 1645 2731 quod
1667 2660 1764 2710 mutat
1793 2660 1821 2708 et
1843 2645 1929 2732 quod

228 2779 255 2819 eo
273 2766 422 2816 mutatum
447 2767 492 2816 est
513 2767 541 2816 et
559 2777 621 2839 pro
645 2777 705 2837 quo
731 2767 877 2817 mutatum
902 2769 955 2835 est,
979 2755 1231 2840 sarrcteflcubitur
1254 2753 1392 2816 Domino
1416 2767 1445 2816 et
1465 2776 1528 2816 non
1550 2752 1731 2816 redimetur.

380 2893 544 2957 XXXIII.
581 2895 669 2959 Haec
698 2909 771 2958 sterit
792 2911 954 2982 precepta,
985 2922 1065 2982 quae
1096 2896 1261 2960 mandarit
1289 2895 1448 2958 Dominus
1477 2894 1588 2981 Mopsi
1614 2894 1659 2957 ad
1679 2895 1773 2981 filios
1803 2894 1929 2958 lsrabel
1947 2917 2084 2966 mamm.

273 3004 306 3065 in
332 3016 430 3064 inante
454 3001 564 3087 Synai.
614 2999 773 3080 Observa,
805 3001 892 3088 quod
922 3012 956 3065 et
985 3001 1081 3088 paulo
1112 3002 1283 3087 superius¹
1314 2998 1354 3063 de
1380 2998 1528 3064 omnibus
1553 2999 1689 3064 decimis
1712 3009 1828 3082 terrae,
1859 3010 1926 3063 tam

273 3105 314 3171 de
338 3104 486 3192 frugibus
510 3129 607 3193 quam
632 3107 673 3170 de
697 3108 802 3193 pomis
827 3106 989 3188 arborum,
1014 3108 1067 3172 hic
1084 3119 1193 3172 autem
1210 3107 1251 3171 de
1268 3106 1404 3172 decimis
1420 3129 1576 3194 pecorum
1592 3107 1735 3171 Domino
1752 3105 1926 3170 offerendis

272 3226 428 3300 precepta
458 3212 585 3278 dentur.
638 3213 703 3278 Sed
735 3225 767 3278 et
799 3213 860 3279 boc
890 3214 1122 3279 nihilhominus
1153 3215 1327 3300 vigilanter
1357 3212 1505 3294 observa,
1542 3212 1621 3300 quid
1654 3212 1819 3278 conclusio
1851 3213 1926 3278 libri

227 3347 254 3387 ss
272 3320 412 3384 Levitici
436 3321 610 3400 contineat,
635 3343 719 3406 quae
743 3322 788 3384 ita
812 3321 855 3384 se'
872 3320 985 3385 babet:
1019 3322 1107 3386 ilaec
1130 3337 1211 3400 stent,
1235 3322 1350 3407 inquit,
1374 3335 1537 3407 precepto,
1569 3346 1649 3406 quoe
1672 3321 1838 3386 mandarit
1861 3322 1925 3385 Do-
1944 3344 1974 3386 u.

272 3431 377 3492 rniuus
399 3427 510 3514 Mopsi
529 3427 575 3492 ad
589 3429 681 3514 filios
705 3427 832 3492 Israhel
854 3431 886 3492 iu
908 3443 1009 3492 moute
1034 3428 1143 3515 Spnni.
1184 3428 1324 3492 Videtur
1346 3428 1456 3514 itaque
1480 3427 1636 3514 parvitati
1659 3437 1787 3492 nostrae
1811 3426 1926 3491 eadem

273 3533 438 3599 conclusio
468 3534 713 3619 precedentium
744 3533 927 3597 divinorum
958 3545 1185 3621 preceptorum
1216 3536 1308 3621 quasi
1341 3533 1505 3619 quoddam
1534 3533 1695 3598 firmitatis
1724 3555 1795 3597 esse
1820 3535 1926 3620 signa·

272 3640 391 3705 culum.
438 3640 491 3720 Et,
516 3642 543 3703 si
567 3663 670 3726 parva
694 3642 821 3726 magnis
846 3642 1017 3728 conparari
1042 3652 1186 3727 possunt,
1218 3642 1302 3705 sicut
1333 3640 1467 3726 quidam
1491 3651 1548 3705 aut
1572 3663 1685 3726 regum
1709 3650 1766 3704 aut
1788 3641 1926 3726 impera·

271 3760 387 3828 torum,
412 3757 448 3811 ut
470 3769 530 3811 sua
553 3758 672 3812 statuta
696 3750 841 3833 vigorem
866 3759 1058 3834 perpetuum
1083 3746 1261 3830 obtineant,
1286 3769 1343 3811 suo
1368 3746 1475 3833 sigillo
1500 3769 1539 3811 ea
1562 3745 1793 3829 subterfirmat,
1825 3749 1871 3810 ita
1894 3759 1927 3810 et

226 3882 253 3922 so
271 3854 432 3919 Dominus
464 3877 523 3918 sua
553 3867 708 3941 precepta
739 3877 758 3918 a
788 3877 822 3917 sc
854 3856 1028 3918 constituta
1058 3865 1090 3918 et
1125 3853 1328 3940 promulgata
1363 3876 1506 3940 veraque
1542 3865 1574 3917 ct
1608 3856 1741 3918 minime
1773 3853 1927 3918 violanda

271 3983 343 4025 esse
367 3961 576 4025 demonstrat.

379 4067 534 4154 Sequitur
556 4068 589 4131 in
614 4066 696 4131 libro
721 4067 953 4132 Numerorum:

378 4209 560 4274 XXXIIII.
600 4210 737 4274 Locutus
761 4225 805 4274 est
824 4211 980 4274 Donu'uus
1004 4211 1049 4274 ad
1071 4211 1201 4298 ,lloysen
1226 4211 1351 4274 dicens:
1374 4211 1518 4297 Loquere
1533 4213 1622 4298 filiis
1645 4210 1788 4276 israhel:
1814 4211 1927 4276 Omnes
1943 4232 2059 4325 {agapio

265 4319 445 4404 primitiae,
470 4342 550 4402 quas
573 4319 709 4402 qff'erenu
723 4319 798 4404 filii
812 4317 946 4396 lsrobd,
962 4317 1008 4381 ad
1021 4318 1211 4382 sacerdotem
1232 4320 1408 4404 pertinent,
1432 4333 1460 4382 et
1482 4317 1637 4403 quicquid
1651 4317 1696 4381 ad
1709 4320 1924 4382 sanctuarium
1960 4316 1964 4325 ’
1988 4313 1993 4324 ’
2018 4316 2022 4326 ’
2059 4314 2066 4327 ’

225 4449 252 4490 sa
270 4425 402 4510 offertur
425 4451 444 4487 a
469 4425 606 4510 sinqulis
629 4438 657 4486 et
679 4423 818 4487 traditur
840 4425 987 4487 monibus
1001 4424 1185 4502 sacerdotis,
1211 4426 1314 4510 ipsius
1330 4426 1398 4488 erit.
1434 4422 1586 4487 Adtende
1604 4422 1788 4508 diligenter,
1812 4421 1924 4504 lector,

270 4529 358 4617 quod
383 4542 415 4594 et
438 4551 549 4593 omnes
573 4529 736 4614 primitiae
768 4540 800 4592 et
831 4528 987 4616 quicquid
1018 4528 1061 4593 ad
1084 4531 1304 4593 sanctuarium
1329 4529 1463 4593 Domini
1494 4552 1513 4593 a
1537 4528 1674 4614 singulis
1705 4539 1761 4593 aut
1792 4529 1926 4592 offertur

270 4649 325 4700 aut
349 4634 492 4701 oblatum
518 4647 577 4717 est,
603 4634 780 4700 sacerdotis
804 4637 868 4700 sint
892 4636 990 4700 etad
1014 4638 1083 4700 eius
1107 4638 1157 4700 ius
1181 4639 1375 4723 pertineant.
1410 4638 1492 4701 Item
1517 4637 1700 4701 incudem:
1728 4637 1859 4702 Faenum
1883 4652 1927 4702 est
1944 4664 1972 4704 u.
1985 4662 2074 4712 t,1-s.

269 4759 370 4808 autem
397 4747 429 4808 in
454 4744 516 4822 die,
541 4769 603 4829 qua
628 4745 793 4830 eonrpteeu
807 4744 933 4830 Moyses
948 4745 1181 4808 tubernaculum
1202 4760 1231 4809 et
1246 4748 1345 4809 erexit
1369 4745 1469 4826 iilud,
1493 4748 1642 4830 tereretque
1666 4759 1695 4808 et
1716 4745 1926 4830 satrctificacit

378 5034 492 5084 xxxfl.
521 5034 608 5083 asini
628 5034 763 5084 Dominus
781 5033 872 5083 desum
892 5035 918 5084 (J,
995 5037 1022 5083 ll
1045 5036 1182 5101 pertinent
1202 5034 1227 5084 B
1237 5038 1260 5083 2.
1275 5039 1299 5084 3.
1319 5029 1357 5085 M.
1431 5037 1463 5085 13
1483 5036 1575 5086 veniet
1594 5034 1693 5085 ΒΗ,
1713 5038 1749 5087 Μ.
1824 5036 1856 5085 14
1876 5035 1924 5086 ho·

224 5133 252 5171 to
269 5119 351 5186 mine]
371 5124 467 5174 hamne
488 5124 525 5174 M.
600 5125 631 5173 15
651 5123 878 5173 Item—eodem
897 5123 988 5173 danim
1006 5123 1104 5172 Bne.
1124 5120 1160 5169 11.
1236 5125 1267 5174 Π
1289 5139 1372 5189 aspra
1391 5127 1429 5177 M.
1510 5126 1543 5174 la
1561 5129 1717 5174 uanescunt
1736 5125 1773 5176 Μ.
1847 5125 1923 5188 quic·

269 5207 344 5276 quid]
366 5211 401 5260 ad
419 5212 479 5261 add.
498 5211 530 5262 L.
550 5211 609 5262 Be.
623 5215 648 5265 3.
669 5210 705 5264 11.
780 5214 812 5262 19
832 5207 988 5275 mutabitur]
1008 5213 1154 5263 mutaverit
1172 5211 1232 5261 Be.
1246 5217 1270 5263 3.
1290 5213 1327 5264 M.
1401 5219 1429 5262 et
1448 5213 1522 5277 quod
1541 5220 1628 5263 mutat
1645 5213 1736 5263 desum
1755 5216 1792 5266 Μ.

377 5317 508 5367 xxxin.
537 5319 571 5368 22
590 5327 709 5368 montem
729 5313 765 5366 dl.
839 5313 934 5382 Syriai]
953 5319 990 5368 ita
1010 5321 1037 5367 t'.
1057 5312 1087 5361 J!
1103 5317 1249 5383 (etinsrqi,
1269 5320 1345 5369 Sinai
1363 5327 1418 5368 cett.
1490 5317 1587 5384 paulus
1607 5319 1666 5370 Bt.
1740 5321 1774 5370 23
1794 5336 1924 5386 pecorum

269 5402 399 5469 Domina]
421 5407 539 5457 Domino
560 5422 702 5471 peccorum
723 5406 782 5456 lte.
850 5409 884 5458 at>
903 5408 1037 5457 Laevitiei
1056 5407 1116 5457 Be.
1190 5408 1377 5473 etquodnam
1396 5408 1463 5458 deest
1481 5412 1517 5461 M.
1591 5411 1624 5459 29
1644 5425 1703 5460 eam
1725 5409 1752 5458 C.
1819 5410 1924 5460 subter-

269 5497 377 5546 firmant
396 5495 455 5544 Be.
529 5497 562 5545 32
581 5490 719 5560 Sequitur]
735 5496 904 5560 praemittunt
921 5496 1068 5546 xxxllll.
1087 5496 1158 5546 codd.
1178 5496 1238 5546 132.
1252 5503 1276 5546 3.
1296 5494 1332 5546 Ji.
1406 5498 1552 5547 Numerum
1572 5497 1604 5548 L.

222 5611 251 5650 su
377 5602 522 5651 xxxnn.
558 5603 590 5652 st
618 5602 756 5652 sacerdoti
781 5601 840 5652 Be.
932 5605 966 5652 38
992 5609 1019 5652 et
1046 5604 1131 5652 erexit
1149 5619 1263 5653 -vass
1281 5603 1340 5654 aius
1363 5603 1454 5653 desunt
1478 5604 1538 5654 Be.
1552 5609 1576 5655 3.
1597 5604 1633 5655 Μ.
1724 5606 1873 5671 uncxitque
1892 5604 1924 5655 L.

381 5857 409 5919 1)
437 5853 485 5926 Cf.
509 5875 599 5930 supra
624 5875 646 5911 c.
665 5858 721 5922 32;
746 5857 762 5910 Ι.
780 5858 819 5914 16
829 5875 891 5931 sqq.
