4884 6717
539 461 604 523 528
1004 469 1055 524 44.
1092 469 1310 528 CONCILIUM
1333 471 1560 527 PARISIENSE
1583 472 1621 527 A.
1642 470 1716 527 825.

537 661 665 718 transisse
688 665 715 718 in
739 665 926 719 adorationem
946 666 1063 732 videras,
1086 668 1187 721 idcirco
1210 675 1360 722 commotus
1384 685 1422 734 es,
1444 675 1474 721 ut
1501 685 1549 722 eas
1571 668 1703 739 imagines
1726 667 1817 739 hangi
1832 668 2017 738 praeciperes,
2039 674 2125 738 atque
2149 669 2188 723 eis

537 759 697 824 dicendum:
722 770 750 825 Si
774 772 809 824 ad
833 772 903 825 hauc
928 772 1139 842 instructionem,
1162 774 1198 826 ad
1214 793 1298 845 quarn
1318 775 1450 846 imagines
1465 775 1614 844 antiquitus
1629 774 1721 828 factae
1737 780 1808 840 smrt,
1823 773 1926 827 habere
1942 775 2025 829 sultis
2047 775 2075 827 in
2099 775 2187 829 eccle·

537 877 592 946 siis,
615 894 663 930 eas
685 878 773 931 modis
795 878 919 932 omnibus
943 886 970 932 et
993 880 1085 934 offerri
1109 889 1137 934 et
1160 881 1255 935 haberi
1279 882 1430 951 permittas.
1476 881 1514 935 At
1528 882 1628 950 indica,
1651 882 1726 952 quod
1741 898 1797 934 uon
1811 880 1860 934 tibi
1877 881 1937 950 ipsa
1956 881 2025 934 visio
2048 881 2188 949 historiae,

537 1002 609 1055 quac
636 984 742 1054 pictura
768 992 838 1054 teste
866 985 1047 1056 pandebatur,
1079 988 1257 1058 displicuerit,
1290 990 1339 1042 sed
1366 989 1414 1042 illa
1442 989 1580 1056 adoratio,
1614 1005 1686 1058 quae
1713 988 1827 1058 picturis
1853 987 1944 1042 fuerat
1971 988 2189 1058 incompetenter

537 1091 666 1144 exhibita.
712 1091 805 1162 Atque
830 1093 855 1145 in
880 1093 921 1146 his
944 1092 1034 1146 verbis
1057 1111 1150 1148 eorum
1174 1101 1279 1148 mentes
1302 1095 1459 1149 demulcens
1483 1113 1530 1149 eos
1554 1096 1589 1148 ad
1612 1095 1785 1148 concordiam
1808 1111 1910 1148 revoca
1934 1102 1971 1162 et,
1994 1095 2014 1147 si
2039 1096 2101 1164 quis
2119 1095 2218 1149 ima-a

535 1198 614 1268 gincs
636 1198 728 1251 facere
751 1199 878 1260 volucrit,
901 1199 1009 1252 minime
1032 1200 1155 1270 prohibe,
1184 1202 1300 1255 adorare
1324 1219 1390 1255 vero
1414 1202 1546 1273 imagines
1569 1202 1731 1255 omnimodis
1753 1202 1854 1255 devita.
1901 1200 1956 1256 Sed
1986 1201 2038 1255 hoc
2068 1203 2187 1256 sollicite

535 1304 692 1358 fraternitas
715 1311 762 1357 tua
786 1307 941 1372 admoneat,
963 1314 994 1359 ut
1017 1325 1050 1360 ex
1073 1308 1176 1361 visione
1201 1307 1241 1362 rei
1255 1315 1351 1380 gestae
1372 1310 1497 1363 ardorem
1513 1308 1726 1379 compunctionis
1741 1309 1895 1378 percipiant
1912 1315 1940 1362 et
1955 1309 1983 1362 in
1999 1310 2187 1364 adorationem

536 1412 586 1464 soli
610 1411 682 1465 illius
705 1412 900 1481 omnipotentis
922 1420 1034 1467 sanctae
1057 1414 1184 1468 trinitatis
1206 1415 1344 1469 humiliter
1365 1423 1580 1485 prosternantur.

643 1508 725 1571 Item
749 1508 836 1572 idem
860 1509 903 1572 ad
925 1509 1112 1574 Ianuarium
1137 1513 1342 1598 episcopum:
1371 1509 1503 1591 Iudaeil,
1519 1514 1634 1598 inquit,
1659 1523 1693 1576 de
1717 1523 1829 1577 civitate
1852 1529 1945 1577 vestra
1968 1523 2020 1576 huc
2043 1524 2187 1576 venientes

536 1625 626 1696 questi
652 1625 732 1678 nobis
758 1632 828 1684 sunt,
855 1627 929 1696 quod
956 1645 1126 1698 synagogam
1154 1645 1257 1690 eorum,
1283 1646 1356 1699 quae
1383 1627 1491 1683 Caralis
1517 1630 1569 1683 sita
1597 1635 1647 1694 est,
1674 1629 1787 1698 Petnis,
1821 1630 1870 1700 qui
1896 1647 1930 1683 ex
1965 1647 2059 1683 comm
2092 1647 2185 1700 strper·
2206 1642 2232 1681 io

535 1733 644 1785 stitione
661 1733 697 1785 ad
712 1730 883 1786 Christianae
906 1731 969 1786 fidei
993 1735 1096 1788 cultum
1119 1735 1181 1788 Deo
1205 1736 1315 1789 volente
1339 1737 1486 1805 perductus
1508 1743 1559 1805 est,
1582 1735 1712 1789 adhibitis
1728 1736 1777 1790 sibi
1794 1736 1959 1807 quibusdam
1978 1736 2186 1806 indisciplinatis

535 1838 662 1909 sequenti
686 1839 730 1892 die
753 1838 924 1908 baptismatis
947 1840 997 1906 sui,
1020 1840 1071 1893 hoc
1096 1849 1138 1895 est
1161 1842 1296 1895 dominica
1312 1842 1372 1912 ipsa
1387 1841 1537 1895 festiritate
1552 1842 1685 1912 paschali,
1701 1860 1762 1896 cum
1777 1844 1855 1912 gravi
1874 1844 2005 1897 scandalo
2021 1843 2079 1896 siue
2095 1851 2187 1897 vestra

536 1945 678 1999 volmrtate
701 1953 861 2015 occupasset
884 1953 969 2016 atque
993 1946 1140 2019 imaginem
1163 1949 1219 2002 illic
1242 1949 1380 2018 genitricis
1403 1949 1457 2002 Dei
1481 1949 1648 2019 Dominiqne
1669 1949 1754 2003 nostri
1771 1955 1799 2003 et
1815 1951 2000 2004 venerandam
2016 1967 2124 2004 crucem
2140 1950 2186 2004 vel

535 2052 637 2105 birrum
660 2051 763 2120 album,
787 2070 842 2122 quo
866 2053 942 2106 fonte
966 2071 1079 2124 surgens
1103 2055 1210 2109 indutus
1234 2055 1334 2120 fuerat,
1357 2056 1538 2126 apposuisset.

642 2149 686 2212 Et
716 2160 787 2234 post
810 2172 932 2235 pauca:
963 2158 1204 2228 Considsmntes‘t,
1235 2154 1349 2238 inquii,
1372 2162 1424 2216 hac
1452 2163 1486 2216 de
1513 2180 1543 2215 re
1570 2169 1678 2216 vestrae
1705 2163 1854 2216 volmrtatis
1879 2164 2013 2217 intentum
2040 2180 2072 2216 ac
2100 2163 2188 2234 magis
2207 2174 2232 2214 aa

536 2266 662 2320 iudicium
686 2266 727 2319 his
750 2266 890 2319 hortamur
919 2266 1058 2334 affatibus,
1087 2276 1117 2321 ut
1147 2269 1257 2323 sublata
1284 2269 1382 2323 exinde
1409 2287 1469 2323 cum
1498 2287 1541 2336 ea,
1567 2288 1623 2340 qua
1649 2270 1760 2341 dignum
1788 2276 1838 2336 est,
1865 2270 2042 2324 veneratione
2066 2270 2187 2340 imagine

536 2381 620 2442 atque
644 2390 724 2426 cruce
748 2372 873 2426 debeatis
897 2375 971 2443 quod
995 2375 1130 2429 violenter
1152 2375 1276 2429 ablatum
1299 2384 1341 2430 est
1363 2376 1522 2430 refonnare.

642 2469 725 2532 Item
748 2468 834 2533 idem
859 2469 901 2534 ad
926 2470 1146 2535 Secundinum
1171 2495 1301 2537 servum
1324 2472 1390 2536 Dei
1413 2472 1609 2536 inclausum:
1642 2483 1780 2553 Imagines
1791 2477 1812 2550 ³,
1835 2474 1950 2559 inquit,
1975 2501 2044 2554 quas
2068 2500 2084 2536 a
2107 2483 2187 2538 nobis

535 2585 586 2639 tibi
609 2586 764 2657 dirigendas
785 2604 836 2656 per
859 2587 1016 2641 Dulcidinm
1038 2588 1182 2642 diaconum
1206 2597 1283 2642 tuum
1305 2590 1417 2661 rogasti,
1440 2589 1521 2643 valde
1545 2589 1624 2643 nobis
1647 2597 1694 2642 tua
1717 2589 1865 2659 postulatio
1889 2590 2004 2660 placuit,
2027 2591 2093 2661 qnia
2109 2591 2186 2644 illum

536 2692 563 2745 in
585 2694 666 2747 corde
690 2699 750 2746 tota
773 2693 922 2747 intentione
947 2694 1073 2764 quaeris,
1100 2695 1175 2749 cuius
1199 2696 1346 2767 imaginem
1369 2714 1437 2766 prae
1460 2697 1547 2750 oculis
1572 2696 1677 2750 habere
1705 2696 1861 2762 desideras,
1888 2704 1918 2750 ut
1940 2697 2009 2750 visio
2035 2698 2187 2767 corporalis
2203 2716 2232 2754 ao

535 2800 671 2854 cotidiana
695 2800 793 2853 reddat
818 2809 949 2864 exortmn,
977 2808 1015 2868 ut,
1042 2802 1106 2855 dum
1133 2803 1267 2872 picturam
1290 2803 1377 2870 sides,
1403 2804 1438 2856 ad
1466 2803 1544 2857 illum
1571 2804 1661 2857 animo
1687 2803 1854 2869 inardescas,
1880 2804 1957 2857 cuius
1983 2810 2011 2857 te
2038 2804 2185 2876 imaginem

535 2907 627 2960 sidere
654 2907 819 2960 consideras.
866 2907 910 2960 Ab
937 2925 966 2960 re
994 2926 1047 2961 non
1075 2907 1199 2972 facimus,
1226 2910 1248 2962 si
1275 2926 1324 2979 per
1349 2909 1468 2963 visibilia
1495 2909 1641 2963 invisibilia
1668 2911 1894 2964 demonstramus.
1940 2909 1985 2964 Sic
2012 2910 2110 2976 homo,
2137 2911 2185 2982 qui

535 3014 618 3067 alium
641 3014 771 3067 ardenter
792 3014 886 3066 sidere
909 3015 1048 3068 desiderat
1081 3021 1129 3069 aut
1159 3034 1287 3085 sponsam
1314 3017 1432 3069 amando
1458 3017 1605 3080 desiderat,
1633 3035 1716 3088 quam
1739 3017 1833 3070 videre
1857 3025 1981 3087 conatur,
2007 3018 2030 3072 si
2052 3018 2186 3089 contingit

535 3127 582 3173 aut
605 3121 641 3173 ad
663 3119 792 3173 balnerms
816 3121 854 3174 ire
879 3128 926 3174 aut
949 3122 985 3174 ad
1008 3122 1154 3175 ecclesiam
1176 3124 1336 3192 procedere,
1359 3122 1472 3176 festinus
1495 3123 1522 3176 in
1545 3124 1591 3176 ria
1614 3141 1643 3178 sc
1666 3130 1824 3194 praeparat,
1851 3131 1881 3177 ut
1904 3125 1938 3178 de
1963 3125 2067 3178 visione
2090 3125 2186 3179 hilaris

535 3227 655 3280 recedat.
701 3226 815 3294 Scimus,
839 3227 905 3297 quia
929 3233 958 3280 tu
982 3227 1128 3298 imaginem
1151 3229 1296 3282 salvatoris
1313 3229 1404 3312 ¹nostri
1426 3230 1488 3283 ideo
1512 3248 1567 3283 uon
1588 3233 1668 3299 petis,
1690 3237 1720 3283 ut
1743 3231 1822 3300 quasi
1846 3230 1937 3284 Deum
1960 3232 2046 3296 colas,
2076 3233 2125 3286 sed
2147 3231 2183 3286 ob
2202 3246 2230 3287 ae

535 3334 752 3386 recordationem
775 3332 823 3387 tilii
848 3334 912 3400 Dei,
936 3341 966 3386 ut
990 3335 1016 3387 in
1040 3335 1098 3388 cius
1121 3352 1213 3388 amore
1238 3337 1400 3402 recalescas,
1430 3336 1506 3389 cuius
1529 3345 1557 3390 te
1581 3337 1726 3408 imaginem
1750 3338 1843 3390 videre
1867 3338 2031 3392 consideras.
2077 3338 2113 3391 Et
2135 3357 2186 3392 nos

535 3440 646 3510 quidem
669 3457 723 3493 non
747 3441 825 3510 quasi
849 3450 912 3493 ante
936 3441 1106 3495 divinitatem
1130 3451 1193 3496 ante
1210 3442 1297 3512 ipsam
1312 3443 1515 3511 prostemimur,
1538 3444 1586 3496 sed
1602 3443 1679 3497 illurn
1696 3445 1851 3510 adoramus,
1875 3462 1957 3514 quenr
1972 3462 2023 3515 per
2037 3445 2185 3514 irnaginem

535 3554 582 3600 aut
604 3555 697 3600 natum
721 3554 769 3599 aut
792 3565 900 3617 passum
923 3547 968 3600 rel
992 3547 1019 3600 in
1042 3546 1139 3600 throno
1163 3549 1304 3602 sedentem
1328 3549 1509 3603 recordamur.
1556 3550 1592 3602 Et
1614 3551 1678 3603 dum
1700 3567 1750 3603 nos
1773 3551 1833 3621 ipsa
1859 3552 1967 3620 pictura
1995 3552 2074 3621 qnasi
2101 3552 2184 3622 scrip·

534 3661 595 3706 tina
618 3653 654 3705 ad
677 3653 836 3706 memoriam
859 3652 909 3707 tilii
933 3654 985 3707 llei
1009 3655 1170 3722 reducimus,
1194 3655 1313 3708 animum
1336 3663 1456 3709 nostrum
1483 3662 1531 3708 aut
1556 3658 1591 3710 de
1614 3657 1813 3710 resurrectione
1838 3656 1970 3711 laetificat
1993 3666 2040 3712 aut
2063 3659 2097 3712 de
2121 3676 2183 3728 pas·

534 3761 610 3814 sione
634 3760 744 3814 mulcet.
791 3761 913 3830 Ideoque
937 3760 1083 3814 direximus
1105 3760 1154 3814 tibi
1178 3761 1308 3815 erimarias
1330 3763 1398 3815 diras
1421 3771 1450 3814 et
1472 3762 1619 3834 imaginem
1642 3764 1786 3817 salvatoris
1809 3773 1837 3816 ct
1864 3771 1976 3818 sanctae
1999 3764 2105 3818 Mariae
2129 3764 2184 3818 Dei
2203 3780 2231 3820 ao

533 3868 681 3938 genitricis,
707 3867 781 3920 beati
805 3867 880 3921 l'etri
908 3875 935 3920 et
960 3868 1040 3921 Pauli
1067 3868 1254 3938 apostolorum
1280 3886 1330 3938 per
1356 3869 1540 3938 supradictum
1566 3868 1653 3923 filiurn
1679 3877 1799 3923 uostnrm
1823 3871 1966 3924 diacomm
1994 3877 2022 3924 et
2045 3889 2100 3924 una
2122 3889 2185 3925 cum

534 3994 615 4029 crucc
637 3976 745 4029 clavem
768 3991 817 4045 pro
841 3974 1041 4040 benedictione,
1067 3979 1097 4028 ut
1123 3974 1159 4028 ab
1186 3975 1245 4044 ipso
1273 3976 1392 4044 maligno
1422 3975 1552 4030 defensus
1578 3976 1630 4042 sis,
1657 3976 1733 4030 cuius
1760 3986 1854 4030 sancto
1882 3978 1957 4048 liguo
1984 3985 2011 4031 te
2039 3995 2098 4032 esse
2127 3996 2184 4032 mu·

534 4082 620 4136 uitmn
642 4083 738 4135 credis.

642 4178 716 4242 Huc
740 4201 842 4264 usqne
866 4177 1002 4264 epistola
1019 4176 1181 4260 Gregorii.
1218 4176 1284 4241 Sed
1302 4178 1378 4263 quia
1401 4177 1453 4242 bic
1478 4178 1557 4242 ordo
1573 4178 1747 4243 verborum
1764 4181 1809 4243 ita
1833 4191 2062 4266 praeposterus
2086 4193 2184 4268 atque

536 4308 556 4349 a
578 4309 643 4349 nou
666 4283 921 4370 intelligentibus
945 4285 1097 4347 confusus
1122 4284 1226 4348 videri
1251 4297 1366 4370 potest,
1391 4297 1435 4364 ut,
1460 4287 1522 4348 nisi
1547 4297 1641 4350 caute
1667 4285 1900 4366 consideretur,
1924 4288 1970 4351 ita
1986 4310 2006 4351 a
2021 4287 2184 4352 nonnullis
2203 4320 2231 4360 ss

536 4392 642 4455 minus
673 4391 849 4478 capacibus
880 4391 1015 4476 intelligi
1046 4392 1157 4476 possit,
1189 4393 1282 4476 quasi
1306 4390 1420 4455 beatus
1446 4390 1625 4476 Gregorius
1649 4390 1693 4468 id,
1725 4392 1812 4478 quod
1842 4394 1931 4479 prius
1962 4393 2113 4458 omnibus
2136 4396 2184 4458 in·

536 4498 660 4563 licitum
684 4522 755 4562 esse
779 4498 955 4584 praedixit,
980 4521 1014 4561 se
1039 4499 1156 4561 fecisse
1181 4496 1307 4583 sibique
1331 4497 1473 4562 faciendi
1496 4498 1620 4562 licitum
1645 4522 1716 4562 esse
1740 4511 1885 4581 testetur,
1909 4500 1997 4587 quod
2014 4524 2111 4587 quam
2128 4500 2184 4565 ab·

536 4604 669 4668 surdum
693 4627 855 4691 quamque
880 4616 991 4669 contra
1014 4616 1146 4668 sanctae
1164 4604 1227 4667 Dei
1245 4602 1402 4668 ecclesiae
1419 4603 1610 4690 religionem
1626 4605 1667 4669 de
1691 4617 1780 4670 tanto
1805 4607 2026 4672 ecclesiastico
2051 4607 2184 4672 doctore

536 4712 655 4775 sentire
686 4710 855 4797 indiguum
886 4713 936 4792 sit,
967 4710 1083 4790 nullm,
1115 4711 1170 4797 qui
1203 4709 1290 4773 dicta
1314 4711 1384 4774 eius
1409 4710 1583 4774 scrutando
1607 4711 1659 4775 vel
1683 4711 1821 4798 legendo
1846 4715 2009 4799 cognovit,
2034 4716 2184 4801 ignorare

535 4819 740 4904 permittitur.
787 4818 871 4882 Nam
895 4830 931 4881 ut
953 4816 1147 4902 sibimetipsi
1172 4818 1352 4880 contrarius
1376 4839 1447 4881 esse
1472 4816 1602 4898 debeat,
1633 4819 1756 4882 iustitia
1785 4819 1838 4883 vel
1867 4820 2026 4884 rectitudo
2051 4833 2185 4885 sanctae
2203 4853 2232 4893 ω

535 4925 600 4988 Dei
625 4926 831 5011 maximeque
848 4923 1012 4988 Romanae
1030 4923 1189 4987 ecclesiae
1206 4924 1365 4987 sustinere
1382 4946 1446 4987 non
1462 4923 1560 5004 valet,
1585 4923 1682 5010 quod,
1704 4926 1764 4988 etsi
1788 4937 1962 5012 paupertas
1978 4928 2184 5013 insipientiae

535 5043 664 5095 nostrae
694 5030 728 5095 id
758 5030 938 5115 intelligere
968 5054 1033 5094 non
1064 5029 1160 5108 valet,
1197 5029 1321 5108 melius,
1356 5040 1391 5093 ut
1422 5042 1535 5094 contra
1565 5031 1785 5116 insipientiam
1816 5055 1907 5097 suam
1939 5056 2037 5120 quam
2072 5047 2186 5098 contra

536 5149 657 5202 tantam
689 5161 709 5202 a
738 5138 810 5201 Deo
841 5137 950 5201 datam
981 5137 1175 5222 sapientiam
1206 5138 1374 5222 insurgere
1405 5150 1601 5222 praesumat.
1655 5137 1721 5203 Sed
1757 5151 1789 5203 et
1819 5140 1847 5202 si
1879 5142 1985 5226 ipsum
2018 5140 2184 5205 modicum

535 5268 666 5309 sensum
690 5255 834 5308 nostrum
858 5245 960 5307 virtus
984 5241 1227 5307 misericordiae
1252 5243 1316 5308 Dei
1340 5243 1578 5330 aliquantulum
1603 5244 1796 5310 inluminare
1828 5245 1990 5332 dignatur,
2022 5247 2184 5334 quomodo

535 5350 569 5415 id
593 5352 699 5437 ipsum
723 5352 918 5414 contrarium
943 5350 1003 5414 sibi
1028 5373 1092 5413 non
1117 5351 1168 5431 sit,
1192 5350 1344 5414 facillime
1368 5350 1569 5436 intelligitur.
1609 5353 1692 5416 Nam
1717 5354 1795 5438 quia
1814 5352 1855 5417 ab
1876 5354 2054 5440 imaginum
2070 5353 2184 5418 adora·
2202 5385 2231 5426 ss

644 5536 675 5585 16
695 5535 839 5585 affectibus
860 5532 889 5582 P.
962 5535 996 5583 29
1015 5532 1100 5582 tilium
1121 5532 1151 5582 P.
1224 5536 1258 5583 30
1277 5535 1404 5597 syrterias
1425 5533 1455 5583 P.

646 5698 674 5766 l)
697 5697 728 5752 V.
751 5716 841 5772 snpra
860 5716 892 5771 p.
910 5700 973 5754 488
996 5698 1014 5751 l.
1035 5699 1074 5754 33
1089 5716 1150 5771 sqq.
1170 5716 1203 5772 p.
1220 5701 1283 5756 503
1307 5698 1324 5753 l.
1343 5700 1453 5773 iisqq.
1547 5697 1577 5764 2)
1602 5698 1632 5753 V.
1657 5719 1746 5773 supra
1764 5719 1797 5774 p.
1815 5703 1880 5760 488
1899 5703 1917 5756 I.
1935 5705 1975 5759 39
1990 5721 2051 5777 sqq.
2071 5723 2104 5777 p.
2122 5705 2186 5760 508

536 5806 554 5860 l.
579 5809 620 5864 23
634 5824 696 5880 sqq.
789 5805 819 5870 3)
844 5803 874 5858 V.
897 5822 988 5878 supra
1012 5822 1044 5878 p.
1070 5806 1132 5862 489
1159 5804 1177 5858 l.
1205 5807 1296 5878 laqq.
1322 5823 1356 5878 p.
1380 5808 1443 5863 508
1469 5805 1486 5860 l.
1512 5807 1529 5863 1
1545 5824 1606 5880 sqq.
