<?xml version="1.0" encoding="UTF-8"?>
<!DOCTYPE html PUBLIC "-//W3C//DTD XHTML 1.0 Transitional//EN"
    "http://www.w3.org/TR/xhtml1/DTD/xhtml1-transitional.dtd">
<html xmlns="http://www.w3.org/1999/xhtml" xml:lang="en" lang="en">
 <head>
  <title>
</title>
<meta http-equiv="Content-Type" content="text/html;charset=utf-8" />
  <meta name='ocr-system' content='tesseract 3.04.00' />
  <meta name='ocr-capabilities' content='ocr_page ocr_carea ocr_par ocr_line ocrx_word'/>
</head>
<body>
  <div class='ocr_page' id='page_1' title='image "./monumentagerman02gescgoog_0454.png"; bbox 0 0 4884 6717; ppageno 0'>
   <div class='ocr_carea' id='block_1_1' title="bbox 507 404 1952 468">
    <p class='ocr_par' dir='ltr' id='par_1_1' title="bbox 507 404 1952 468">
     <span class='ocr_line' id='line_1_1' title="bbox 507 404 1952 468; baseline -0.001 -1"><span class='ocrx_word' id='word_1_1' title='bbox 507 404 573 468; x_wconf 83' lang='grc'>858</span> <span class='ocrx_word' id='word_1_2' title='bbox 715 411 927 466; x_wconf 82' lang='lat' dir='ltr'><strong>APPENDIX.</strong></span> <span class='ocrx_word' id='word_1_3' title='bbox 977 411 1027 466; x_wconf 90' lang='grc'>11.</span> <span class='ocrx_word' id='word_1_4' title='bbox 1060 408 1280 466; x_wconf 85' lang='lat' dir='ltr'><em>CONCILIUM</em></span> <span class='ocrx_word' id='word_1_5' title='bbox 1303 408 1600 465; x_wconf 82' lang='lat' dir='ltr'><strong>AUDOMARENSE</strong></span> <span class='ocrx_word' id='word_1_6' title='bbox 1624 408 1798 467; x_wconf 80' lang='lat' dir='ltr'>SPURIUM</span> <span class='ocrx_word' id='word_1_7' title='bbox 1821 411 1859 465; x_wconf 85' lang='lat' dir='ltr'>A.</span> <span class='ocrx_word' id='word_1_8' title='bbox 1877 409 1952 467; x_wconf 78' lang='lat'><strong>839.</strong></span> 
     </span>
    </p>
   </div>
   <div class='ocr_carea' id='block_1_2' title="bbox 614 595 2162 683">
    <p class='ocr_par' dir='ltr' id='par_1_2' title="bbox 614 595 2162 683">
     <span class='ocr_line' id='line_1_2' title="bbox 614 595 2162 683; baseline -0.001 -21"><span class='ocrx_word' id='word_1_9' title='bbox 614 597 733 662; x_wconf 87' lang='lat' dir='ltr'>Actum</span> <span class='ocrx_word' id='word_1_10' title='bbox 757 595 908 661; x_wconf 86' lang='lat' dir='ltr'>Floriaco</span> <span class='ocrx_word' id='word_1_11' title='bbox 939 596 1070 661; x_wconf 90' lang='lat' dir='ltr'>domino</span> <span class='ocrx_word' id='word_1_12' title='bbox 1094 619 1180 683; x_wconf 86' lang='lat' dir='ltr'>papa</span> <span class='ocrx_word' id='word_1_13' title='bbox 1211 606 1244 660; x_wconf 91' lang='lat' dir='ltr'>et</span> <span class='ocrx_word' id='word_1_14' title='bbox 1274 596 1455 681; x_wconf 86' lang='lat' dir='ltr'>imperante</span> <span class='ocrx_word' id='word_1_15' title='bbox 1486 605 1519 659; x_wconf 87' lang='lat' dir='ltr'>et</span> <span class='ocrx_word' id='word_1_16' title='bbox 1548 596 1781 683; x_wconf 82' lang='lat' dir='ltr'>gloriosissimo</span> <span class='ocrx_word' id='word_1_17' title='bbox 1804 595 1974 662; x_wconf 87' lang='lat' dir='ltr'>Ludovico</span> <span class='ocrx_word' id='word_1_18' title='bbox 2005 618 2082 682; x_wconf 83' lang='lat' dir='ltr'>rege</span> <span class='ocrx_word' id='word_1_19' title='bbox 2105 596 2162 661; x_wconf 86' lang='lat' dir='ltr'>ad·</span> 
     </span>
    </p>
   </div>
   <div class='ocr_carea' id='block_1_3' title="bbox 506 702 2162 892">
    <p class='ocr_par' dir='ltr' id='par_1_3' title="bbox 506 702 2162 892">
     <span class='ocr_line' id='line_1_3' title="bbox 507 702 2161 790; baseline 0 -22"><span class='ocrx_word' id='word_1_20' title='bbox 507 715 613 769; x_wconf 83' lang='lat' dir='ltr'>stante</span> <span class='ocrx_word' id='word_1_21' title='bbox 638 705 671 767; x_wconf 92' lang='lat' dir='ltr'>in</span> <span class='ocrx_word' id='word_1_22' title='bbox 701 702 833 790; x_wconf 87' lang='lat' dir='ltr'>publico</span> <span class='ocrx_word' id='word_1_23' title='bbox 865 715 1028 768; x_wconf 86' lang='lat' dir='ltr'>conventu</span> <span class='ocrx_word' id='word_1_24' title='bbox 1059 727 1132 768; x_wconf 90' lang='lat' dir='ltr'>cum</span> <span class='ocrx_word' id='word_1_25' title='bbox 1163 725 1326 767; x_wconf 80' lang='lat' dir='ltr'>consensu</span> <span class='ocrx_word' id='word_1_26' title='bbox 1349 703 1502 785; x_wconf 85' lang='lat' dir='ltr'>omnium,</span> <span class='ocrx_word' id='word_1_27' title='bbox 1533 726 1618 769; x_wconf 86' lang='lat' dir='ltr'>anno</span> <span class='ocrx_word' id='word_1_28' title='bbox 1649 704 1882 768; x_wconf 82' lang='lat' dir='ltr'>incarnationis</span> <span class='ocrx_word' id='word_1_29' title='bbox 1913 703 2036 768; x_wconf 87' lang='lat' dir='ltr'>domini</span> <span class='ocrx_word' id='word_1_30' title='bbox 2060 704 2161 768; x_wconf 86' lang='lat' dir='ltr'>nostri</span> 
     </span>
     <span class='ocr_line' id='line_1_4' title="bbox 506 808 2162 892; baseline -0.001 -17"><span class='ocrx_word' id='word_1_31' title='bbox 506 810 583 875; x_wconf 82' lang='lat' dir='ltr'>Iesu</span> <span class='ocrx_word' id='word_1_32' title='bbox 606 808 728 874; x_wconf 84' lang='lat' dir='ltr'>Christi</span> <span class='ocrx_word' id='word_1_33' title='bbox 750 808 1100 890; x_wconf 69' lang='lat' dir='ltr'>Decoxxxvffll„</span> <span class='ocrx_word' id='word_1_34' title='bbox 1131 809 1308 874; x_wconf 82' lang='lat' dir='ltr'>indictione</span> <span class='ocrx_word' id='word_1_35' title='bbox 1336 808 1490 891; x_wconf 87' lang='lat' dir='ltr'>secunda,</span> <span class='ocrx_word' id='word_1_36' title='bbox 1521 808 1582 874; x_wconf 79' lang='lat' dir='ltr'>sub</span> <span class='ocrx_word' id='word_1_37' title='bbox 1606 809 1689 875; x_wconf 88' lang='lat' dir='ltr'>ciclo</span> <span class='ocrx_word' id='word_1_38' title='bbox 1712 809 2004 875; x_wconf 81' lang='lat' dir='ltr'>decemnovennali</span> <span class='ocrx_word' id='word_1_39' title='bbox 2027 810 2065 892; x_wconf 86' lang='lat'>1.,</span> <span class='ocrx_word' id='word_1_40' title='bbox 2095 832 2162 874; x_wconf 86' lang='lat' dir='ltr'>me·</span> 
     </span>
    </p>
   </div>
   <div class='ocr_carea' id='block_1_4' title="bbox 508 915 1199 998">
    <p class='ocr_par' dir='ltr' id='par_1_4' title="bbox 508 915 1199 998">
     <span class='ocr_line' id='line_1_5' title="bbox 508 915 1199 998; baseline 0.003 -18"><span class='ocrx_word' id='word_1_41' title='bbox 508 915 619 981; x_wconf 87' lang='lat' dir='ltr'>dianto</span> <span class='ocrx_word' id='word_1_42' title='bbox 641 915 741 998; x_wconf 78' lang='lat' dir='ltr'>Maio,</span> <span class='ocrx_word' id='word_1_43' title='bbox 765 917 843 981; x_wconf 86' lang='lat' dir='ltr'>luna</span> <span class='ocrx_word' id='word_1_44' title='bbox 865 916 1004 997; x_wconf 71' lang='lat' dir='ltr'>XXVI„</span> <span class='ocrx_word' id='word_1_45' title='bbox 1028 916 1133 980; x_wconf 83' lang='lat' dir='ltr'>feria¹</span> <span class='ocrx_word' id='word_1_46' title='bbox 1156 916 1199 982; x_wconf 91' lang='grc' dir='ltr'><strong>ΙΙ.</strong></span> 
     </span>
    </p>
   </div>
   <div class='ocr_carea' id='block_1_5' title="bbox 506 1111 2194 1269">
    <p class='ocr_par' dir='ltr' id='par_1_5' title="bbox 506 1111 2194 1269">
     <span class='ocr_line' id='line_1_6' title="bbox 616 1111 2194 1184; baseline -0.002 -17"><span class='ocrx_word' id='word_1_47' title='bbox 616 1120 627 1167; x_wconf 93' lang='lat' dir='ltr'><strong>l</strong></span> <span class='ocrx_word' id='word_1_48' title='bbox 657 1117 767 1168; x_wconf 86' lang='lat' dir='ltr'>domino</span> <span class='ocrx_word' id='word_1_49' title='bbox 787 1134 858 1183; x_wconf 79' lang='lat' dir='ltr'>papa</span> <span class='ocrx_word' id='word_1_50' title='bbox 877 1124 905 1168; x_wconf 86' lang='lat' dir='ltr'>et</span> <span class='ocrx_word' id='word_1_51' title='bbox 924 1113 969 1182; x_wconf 87' lang='lat' dir='ltr'>(cd</span> <span class='ocrx_word' id='word_1_52' title='bbox 989 1114 1023 1178; x_wconf 83' lang='grc' dir='ltr'>Ρ)</span> <span class='ocrx_word' id='word_1_53' title='bbox 1044 1111 1204 1183; x_wconf 84' lang='lat' dir='ltr'>imperante]</span> <span class='ocrx_word' id='word_1_54' title='bbox 1231 1118 1303 1167; x_wconf 76' lang='lat' dir='ltr'>uerba</span> <span class='ocrx_word' id='word_1_55' title='bbox 1326 1117 1463 1167; x_wconf 79' lang='lat' dir='ltr'>admodum</span> <span class='ocrx_word' id='word_1_56' title='bbox 1487 1125 1606 1182; x_wconf 77' lang='lat' dir='ltr'>corrrepta</span> <span class='ocrx_word' id='word_1_57' title='bbox 1629 1117 1718 1168; x_wconf 86' lang='lat' dir='ltr'>eanari</span> <span class='ocrx_word' id='word_1_58' title='bbox 1735 1118 1777 1169; x_wconf 80' lang='lat' dir='ltr'>uia</span> <span class='ocrx_word' id='word_1_59' title='bbox 1790 1126 1906 1184; x_wconf 74' lang='lat' dir='ltr'>potrum.</span> <span class='ocrx_word' id='word_1_60' title='bbox 1996 1120 2012 1169; x_wconf 80' lang='lat'><strong>2</strong></span> <span class='ocrx_word' id='word_1_61' title='bbox 2037 1120 2194 1169; x_wconf 76' lang='lat' dir='ltr'>incarne-t</span> 
     </span>
     <span class='ocr_line' id='line_1_7' title="bbox 506 1201 1546 1269; baseline 0 -13"><span class='ocrx_word' id='word_1_62' title='bbox 506 1207 582 1258; x_wconf 88' lang='lat' dir='ltr'>tione</span> <span class='ocrx_word' id='word_1_63' title='bbox 604 1205 634 1256; x_wconf 87' lang='lat' dir='ltr'>P.</span> <span class='ocrx_word' id='word_1_64' title='bbox 707 1209 722 1257; x_wconf 82' lang='lat'><strong>3</strong></span> <span class='ocrx_word' id='word_1_65' title='bbox 743 1201 776 1269; x_wconf 89' lang='lat'>1.]</span> <span class='ocrx_word' id='word_1_66' title='bbox 797 1207 834 1257; x_wconf 86' lang='lat' dir='ltr'>ita</span> <span class='ocrx_word' id='word_1_67' title='bbox 853 1206 884 1267; x_wconf 88' lang='lat' dir='ltr'>P,</span> <span class='ocrx_word' id='word_1_68' title='bbox 902 1206 1007 1256; x_wconf 80' lang='lat' dir='ltr'>rectiue:</span> <span class='ocrx_word' id='word_1_69' title='bbox 1027 1207 1098 1260; x_wconf 86' lang='lat'>1111.</span> <span class='ocrx_word' id='word_1_70' title='bbox 1172 1206 1292 1258; x_wconf 80' lang='lat' dir='ltr'>4Maiio</span> <span class='ocrx_word' id='word_1_71' title='bbox 1311 1206 1343 1257; x_wconf 87' lang='grc' dir='ltr'><strong>Ρ.</strong></span> <span class='ocrx_word' id='word_1_72' title='bbox 1416 1205 1496 1257; x_wconf 75' lang='lat' dir='ltr'>lunae</span> <span class='ocrx_word' id='word_1_73' title='bbox 1516 1207 1546 1256; x_wconf 92' lang='lat' dir='ltr'>P.</span> 
     </span>
    </p>
   </div>
   <div class='ocr_carea' id='block_1_6' title="bbox 507 1386 2163 1563">
    <p class='ocr_par' dir='ltr' id='par_1_6' title="bbox 507 1386 2163 1563">
     <span class='ocr_line' id='line_1_8' title="bbox 618 1386 2163 1472; baseline 0.001 -29"><span class='ocrx_word' id='word_1_74' title='bbox 618 1387 647 1456; x_wconf 84' lang='lat'>1)</span> <span class='ocrx_word' id='word_1_75' title='bbox 680 1387 769 1444; x_wconf 84' lang='lat' dir='ltr'>Feria</span> <span class='ocrx_word' id='word_1_76' title='bbox 799 1389 924 1444; x_wconf 76' lang='lat' dir='ltr'>secunda</span> <span class='ocrx_word' id='word_1_77' title='bbox 946 1407 1004 1445; x_wconf 84' lang='lat' dir='ltr'>uon</span> <span class='ocrx_word' id='word_1_78' title='bbox 1027 1386 1157 1464; x_wconf 68' lang='lat' dir='ltr'>conqruit</span> <span class='ocrx_word' id='word_1_79' title='bbox 1178 1407 1238 1444; x_wconf 86' lang='lat' dir='ltr'>cum</span> <span class='ocrx_word' id='word_1_80' title='bbox 1262 1389 1348 1457; x_wconf 83' lang='lat' dir='ltr'>luna;</span> <span class='ocrx_word' id='word_1_81' title='bbox 1377 1387 1446 1445; x_wconf 85' lang='lat' dir='ltr'>luna</span> <span class='ocrx_word' id='word_1_82' title='bbox 1476 1387 1548 1444; x_wconf 77' lang='lat' dir='ltr'>enim</span> <span class='ocrx_word' id='word_1_83' title='bbox 1571 1391 1622 1448; x_wconf 96' lang='grc'>26.</span> <span class='ocrx_word' id='word_1_84' title='bbox 1645 1389 1773 1472; x_wconf 75' lang='lat' dir='ltr'>quadrat</span> <span class='ocrx_word' id='word_1_85' title='bbox 1794 1395 1901 1444; x_wconf 70' lang='lat' dir='ltr'>tanaim</span> <span class='ocrx_word' id='word_1_86' title='bbox 1924 1386 1954 1445; x_wconf 85' lang='lat' dir='ltr'>in</span> <span class='ocrx_word' id='word_1_87' title='bbox 1970 1387 2084 1460; x_wconf 83' lang='lat' dir='ltr'>feriam</span> <span class='ocrx_word' id='word_1_88' title='bbox 2107 1395 2163 1444; x_wconf 87' lang='lat' dir='ltr'>ter·</span> 
     </span>
     <span class='ocr_line' id='line_1_9' title="bbox 507 1491 1241 1563; baseline 0.001 -14"><span class='ocrx_word' id='word_1_89' title='bbox 507 1491 585 1563; x_wconf 73' lang='lat' dir='ltr'>dam,</span> <span class='ocrx_word' id='word_1_90' title='bbox 610 1494 642 1551; x_wconf 88' lang='lat' dir='ltr'>id</span> <span class='ocrx_word' id='word_1_91' title='bbox 663 1502 704 1551; x_wconf 84' lang='lat' dir='ltr'>eet</span> <span class='ocrx_word' id='word_1_92' title='bbox 724 1495 754 1551; x_wconf 87' lang='lat' dir='ltr'>in</span> <span class='ocrx_word' id='word_1_93' title='bbox 778 1494 849 1551; x_wconf 83' lang='lat' dir='ltr'>diem</span> <span class='ocrx_word' id='word_1_94' title='bbox 874 1497 920 1553; x_wconf 82' lang='lat'>13.</span> <span class='ocrx_word' id='word_1_95' title='bbox 945 1494 1046 1551; x_wconf 74' lang='lat' dir='ltr'>menaie</span> <span class='ocrx_word' id='word_1_96' title='bbox 1073 1493 1147 1550; x_wconf 77' lang='lat' dir='ltr'>Maii</span> <span class='ocrx_word' id='word_1_97' title='bbox 1168 1496 1241 1553; x_wconf 86' lang='grc'><strong>839.</strong></span> 
     </span>
    </p>
   </div>
   <div class='ocr_carea' id='block_1_7' title="bbox 582 2283 2088 2397">
    <p class='ocr_par' dir='ltr' id='par_1_7' title="bbox 582 2283 2088 2397">
     <span class='ocr_line' id='line_1_10' title="bbox 582 2283 2088 2397; baseline 0.001 -4"><span class='ocrx_word' id='word_1_98' title='bbox 582 2288 641 2394; x_wconf 91' lang='grc'>11.</span> <span class='ocrx_word' id='word_1_99' title='bbox 690 2284 1099 2396; x_wconf 81' lang='lat' dir='ltr'><em>OONCILIUM</em></span> <span class='ocrx_word' id='word_1_100' title='bbox 1134 2283 1699 2397; x_wconf 77' lang='lat' dir='ltr'>AUDOMARnNsn</span> <span class='ocrx_word' id='word_1_101' title='bbox 1743 2283 2088 2397; x_wconf 85' lang='lat' dir='ltr'><strong>SPURIUM.</strong></span> 
     </span>
    </p>
   </div>
   <div class='ocr_carea' id='block_1_8' title="bbox 1214 2515 1458 2587">
    <p class='ocr_par' dir='ltr' id='par_1_8' title="bbox 1214 2515 1458 2587">
     <span class='ocr_line' id='line_1_11' title="bbox 1214 2515 1458 2587; baseline -0.016 -2"><span class='ocrx_word' id='word_1_102' title='bbox 1214 2518 1291 2587; x_wconf 76' lang='lat'><strong>839.</strong></span> <span class='ocrx_word' id='word_1_103' title='bbox 1316 2515 1387 2581; x_wconf 91' lang='lat' dir='ltr'>Iun.</span> <span class='ocrx_word' id='word_1_104' title='bbox 1405 2518 1458 2581; x_wconf 79' lang='lat'>20.</span> 
     </span>
    </p>
   </div>
   <div class='ocr_carea' id='block_1_9' title="bbox 615 2737 2165 2836">
    <p class='ocr_par' dir='ltr' id='par_1_9' title="bbox 615 2737 2165 2836">
     <span class='ocr_line' id='line_1_12' title="bbox 615 2737 2165 2836; baseline 0.001 -22"><span class='ocrx_word' id='word_1_105' title='bbox 615 2737 840 2836; x_wconf 64' lang='lat' dir='ltr'>Pn&#39;vtleyium</span> <span class='ocrx_word' id='word_1_106' title='bbox 865 2748 1023 2834; x_wconf 84' lang='lat' dir='ltr'>Folquini</span> <span class='ocrx_word' id='word_1_107' title='bbox 1043 2750 1187 2834; x_wconf 63' lang='lat' dir='ltr'>epiceopi</span> <span class='ocrx_word' id='word_1_108' title='bbox 1206 2747 1402 2812; x_wconf 77' lang='lat' dir='ltr'>Morinenaio</span> <span class='ocrx_word' id='word_1_109' title='bbox 1426 2749 1476 2812; x_wconf 84' lang='lat' dir='ltr'>cel</span> <span class='ocrx_word' id='word_1_110' title='bbox 1502 2747 1701 2813; x_wconf 81' lang='lat' dir='ltr'>Toraweneie</span> <span class='ocrx_word' id='word_1_111' title='bbox 1725 2749 1786 2832; x_wconf 86' lang='lat' dir='ltr'>(ca.</span> <span class='ocrx_word' id='word_1_112' title='bbox 1804 2757 1871 2816; x_wconf 89' lang='grc'>816</span> <span class='ocrx_word' id='word_1_113' title='bbox 1878 2758 1990 2816; x_wconf 85' lang='grc'><strong>-855</strong></span> <span class='ocrx_word' id='word_1_114' title='bbox 1996 2774 2008 2830; x_wconf 86' lang='lat'>,·</span> <span class='ocrx_word' id='word_1_115' title='bbox 2034 2750 2073 2816; x_wconf 84' lang='lat' dir='ltr'>de</span> <span class='ocrx_word' id='word_1_116' title='bbox 2096 2754 2165 2816; x_wconf 86' lang='lat' dir='ltr'>eiua</span> 
     </span>
    </p>
   </div>
   <div class='ocr_carea' id='block_1_10' title="bbox 504 2853 2208 5079">
    <p class='ocr_par' dir='ltr' id='par_1_10' title="bbox 504 2853 2208 3900">
     <span class='ocr_line' id='line_1_13' title="bbox 506 2853 2163 2943; baseline 0.001 -22"><span class='ocrx_word' id='word_1_117' title='bbox 506 2857 578 2922; x_wconf 82' lang='lat' dir='ltr'>cede</span> <span class='ocrx_word' id='word_1_118' title='bbox 595 2856 800 2921; x_wconf 86' lang='lat' dir='ltr'>Tbe&#39;rouonnc</span> <span class='ocrx_word' id='word_1_119' title='bbox 815 2855 860 2943; x_wconf 85' lang='lat' dir='ltr'>cf.</span> <span class='ocrx_word' id='word_1_120' title='bbox 876 2854 1037 2935; x_wconf 80' lang='lat' dir='ltr'>Sebroera,</span> <span class='ocrx_word' id='word_1_121' title='bbox 1053 2853 1228 2918; x_wconf 79' lang='lat' dir='ltr'>‘Hinknrar</span> <span class='ocrx_word' id='word_1_122' title='bbox 1240 2855 1437 2943; x_wconf 81' lang='lat' dir='ltr'>Erzbiecbof</span> <span class='ocrx_word' id='word_1_123' title='bbox 1448 2880 1506 2919; x_wconf 85' lang='lat' dir='ltr'>von</span> <span class='ocrx_word' id='word_1_124' title='bbox 1519 2854 1644 2919; x_wconf 83' lang='lat' dir='ltr'>Reime’</span> <span class='ocrx_word' id='word_1_125' title='bbox 1659 2860 1708 2922; x_wconf 86' lang='grc'>27</span> <span class='ocrx_word' id='word_1_126' title='bbox 1723 2880 1795 2919; x_wconf 85' lang='lat' dir='ltr'>anu.</span> <span class='ocrx_word' id='word_1_127' title='bbox 1809 2858 1858 2940; x_wconf 78' lang='grc'>2),</span> <span class='ocrx_word' id='word_1_128' title='bbox 1875 2880 1936 2941; x_wconf 84' lang='lat' dir='ltr'>quo</span> <span class='ocrx_word' id='word_1_129' title='bbox 1952 2881 2032 2943; x_wconf 82' lang='lat' dir='ltr'>quae</span> <span class='ocrx_word' id='word_1_130' title='bbox 2045 2857 2163 2923; x_wconf 86' lang='lat' dir='ltr'>Frido·</span> 
     </span>
     <span class='ocr_line' id='line_1_14' title="bbox 504 2961 2164 3052; baseline 0.001 -24"><span class='ocrx_word' id='word_1_131' title='bbox 504 2966 595 3052; x_wconf 73' lang='lat' dir='ltr'>qiaue</span> <span class='ocrx_word' id='word_1_132' title='bbox 610 2965 707 3028; x_wconf 81' lang='lat' dir='ltr'>abbae</span> <span class='ocrx_word' id='word_1_133' title='bbox 724 2961 894 3026; x_wconf 80' lang='lat' dir='ltr'>Sitbienaie</span> <span class='ocrx_word' id='word_1_134' title='bbox 917 2961 956 3025; x_wconf 89' lang='lat' dir='ltr'>dc</span> <span class='ocrx_word' id='word_1_135' title='bbox 979 2963 1141 3025; x_wconf 79' lang='lat' dir='ltr'>canonicie</span> <span class='ocrx_word' id='word_1_136' title='bbox 1163 2986 1187 3034; x_wconf 74' lang='lat' dir='ltr'>a.</span> <span class='ocrx_word' id='word_1_137' title='bbox 1205 2961 1391 3026; x_wconf 84' lang='lat' dir='ltr'>Audomari</span> <span class='ocrx_word' id='word_1_138' title='bbox 1403 2976 1432 3025; x_wconf 87' lang='lat' dir='ltr'>et</span> <span class='ocrx_word' id='word_1_139' title='bbox 1445 2962 1607 3026; x_wconf 73' lang='lat' dir='ltr'>monacbis</span> <span class='ocrx_word' id='word_1_140' title='bbox 1622 2986 1646 3025; x_wconf 79' lang='lat' dir='ltr'>a.</span> <span class='ocrx_word' id='word_1_141' title='bbox 1664 2961 1796 3026; x_wconf 87' lang='lat' dir='ltr'>Bertini</span> <span class='ocrx_word' id='word_1_142' title='bbox 1814 2977 1966 3027; x_wconf 60' lang='lat' dir='ltr'>amoenat</span> <span class='ocrx_word' id='word_1_143' title='bbox 1987 2966 2083 3029; x_wconf 82' lang='lat' dir='ltr'>irrita</span> <span class='ocrx_word' id='word_1_144' title='bbox 2099 2990 2164 3030; x_wconf 81' lang='lat' dir='ltr'>eece</span> 
     </span>
     <span class='ocr_line' id='line_1_15' title="bbox 507 3067 2165 3156; baseline 0.001 -21"><span class='ocrx_word' id='word_1_145' title='bbox 507 3072 663 3150; x_wconf 81' lang='lat' dir='ltr'>iubentur,</span> <span class='ocrx_word' id='word_1_146' title='bbox 680 3071 810 3156; x_wconf 74' lang='lat' dir='ltr'>primun</span> <span class='ocrx_word' id='word_1_147' title='bbox 830 3067 866 3131; x_wconf 87' lang='lat' dir='ltr'>O.</span> <span class='ocrx_word' id='word_1_148' title='bbox 883 3067 1144 3155; x_wconf 59' lang='lat' dir='ltr'>Raida-Ecca</span> <span class='ocrx_word' id='word_1_149' title='bbox 1167 3067 1298 3151; x_wconf 82' lang='lat' dir='ltr'>(‘Ncuee</span> <span class='ocrx_word' id='word_1_150' title='bbox 1313 3067 1451 3132; x_wconf 76' lang='lat' dir='ltr'>Arabio&#39;</span> <span class='ocrx_word' id='word_1_151' title='bbox 1475 3068 1529 3148; x_wconf 84' lang='lat' dir='ltr'>VI,</span> <span class='ocrx_word' id='word_1_152' title='bbox 1545 3073 1612 3135; x_wconf 79' lang='grc'>421</span> <span class='ocrx_word' id='word_1_153' title='bbox 1628 3093 1701 3132; x_wconf 87' lang='lat' dir='ltr'>ann.</span> <span class='ocrx_word' id='word_1_154' title='bbox 1718 3071 1766 3154; x_wconf 72' lang='lat'>4),</span> <span class='ocrx_word' id='word_1_155' title='bbox 1789 3068 1943 3134; x_wconf 68' lang='lat' dir='ltr'>occandus</span> <span class='ocrx_word' id='word_1_156' title='bbox 1965 3069 2011 3134; x_wconf 88' lang='lat' dir='ltr'>W.</span> <span class='ocrx_word' id='word_1_157' title='bbox 2028 3070 2165 3137; x_wconf 81' lang='lat' dir='ltr'>Pie&#39;ckert</span> 
     </span>
     <span class='ocr_line' id='line_1_16' title="bbox 508 3174 2208 3262; baseline 0.002 -21"><span class='ocrx_word' id='word_1_158' title='bbox 508 3177 660 3261; x_wconf 82' lang='lat' dir='ltr'>(‘Aniane</span> <span class='ocrx_word' id='word_1_159' title='bbox 684 3176 751 3240; x_wconf 88' lang='lat' dir='ltr'>und</span> <span class='ocrx_word' id='word_1_160' title='bbox 775 3174 932 3254; x_wconf 58' lang='lat' dir='ltr'>Gellnnffl,</span> <span class='ocrx_word' id='word_1_161' title='bbox 963 3174 1098 3260; x_wconf 61' lang='lat' dir='ltr'>Lipsiae</span> <span class='ocrx_word' id='word_1_162' title='bbox 1121 3182 1222 3254; x_wconf 80' lang='lat'><strong><em>1899,</em></strong></span> <span class='ocrx_word' id='word_1_163' title='bbox 1246 3199 1283 3261; x_wconf 79' lang='lat' dir='ltr'>p.</span> <span class='ocrx_word' id='word_1_164' title='bbox 1301 3179 1368 3241; x_wconf 88' lang='grc'>261</span> <span class='ocrx_word' id='word_1_165' title='bbox 1379 3177 1462 3260; x_wconf 83' lang='lat' dir='ltr'>eqq.)</span> <span class='ocrx_word' id='word_1_166' title='bbox 1491 3177 1695 3261; x_wconf 64' lang='grc' dir='ltr'>οᾳναυιέείφηίε</span> <span class='ocrx_word' id='word_1_167' title='bbox 1724 3175 1901 3240; x_wconf 77' lang='lat' dir='ltr'>rationibue</span> <span class='ocrx_word' id='word_1_168' title='bbox 1930 3180 2075 3262; x_wconf 72' lang='lat' dir='ltr'>spurium</span> <span class='ocrx_word' id='word_1_169' title='bbox 2099 3203 2163 3243; x_wconf 75' lang='lat' dir='ltr'>eece</span> <span class='ocrx_word' id='word_1_170' title='bbox 2182 3203 2208 3244; x_wconf 70' lang='grc' dir='ltr'>ιι</span> 
     </span>
     <span class='ocr_line' id='line_1_17' title="bbox 509 3281 2162 3369; baseline 0.001 -20"><span class='ocrx_word' id='word_1_171' title='bbox 509 3285 807 3349; x_wconf 71' lang='lat' dir='ltr'>demonstraverunt.</span> <span class='ocrx_word' id='word_1_172' title='bbox 856 3281 975 3345; x_wconf 84' lang='lat' dir='ltr'>Deerat</span> <span class='ocrx_word' id='word_1_173' title='bbox 1004 3283 1038 3345; x_wconf 87' lang='lat' dir='ltr'>in</span> <span class='ocrx_word' id='word_1_174' title='bbox 1068 3281 1264 3369; x_wconf 75' lang='lat' dir='ltr'>autoqrapbo</span> <span class='ocrx_word' id='word_1_175' title='bbox 1288 3281 1454 3367; x_wconf 84' lang='lat' dir='ltr'>Folqnini,</span> <span class='ocrx_word' id='word_1_176' title='bbox 1485 3284 1544 3367; x_wconf 83' lang='lat' dir='ltr'>qui</span> <span class='ocrx_word' id='word_1_177' title='bbox 1569 3282 1689 3346; x_wconf 85' lang='lat' dir='ltr'>decimo</span> <span class='ocrx_word' id='word_1_178' title='bbox 1717 3283 1842 3346; x_wconf 80' lang='lat' dir='ltr'>caecubo</span> <span class='ocrx_word' id='word_1_179' title='bbox 1873 3285 2082 3348; x_wconf 83' lang='lat' dir='ltr'>cartularium</span> <span class='ocrx_word' id='word_1_180' title='bbox 2110 3283 2162 3350; x_wconf 83' lang='lat' dir='ltr'>Si·</span> 
     </span>
     <span class='ocr_line' id='line_1_18' title="bbox 508 3388 2161 3476; baseline 0.001 -21"><span class='ocrx_word' id='word_1_181' title='bbox 508 3391 624 3455; x_wconf 73' lang='lat' dir='ltr'>tbienee</span> <span class='ocrx_word' id='word_1_182' title='bbox 648 3391 831 3476; x_wconf 76' lang='lat' dir='ltr'>composuit,</span> <span class='ocrx_word' id='word_1_183' title='bbox 861 3390 958 3474; x_wconf 85' lang='lat' dir='ltr'>quaei</span> <span class='ocrx_word' id='word_1_184' title='bbox 978 3388 1194 3453; x_wconf 80' lang='lat' dir='ltr'>illinendum</span> <span class='ocrx_word' id='word_1_185' title='bbox 1216 3402 1332 3468; x_wconf 70' lang='lat' dir='ltr'>nomm,</span> <span class='ocrx_word' id='word_1_186' title='bbox 1363 3391 1409 3452; x_wconf 84' lang='lat' dir='ltr'>ita</span> <span class='ocrx_word' id='word_1_187' title='bbox 1441 3403 1474 3453; x_wconf 89' lang='lat' dir='ltr'>ut</span> <span class='ocrx_word' id='word_1_188' title='bbox 1503 3388 1687 3454; x_wconf 86' lang='lat' dir='ltr'>duodecimo</span> <span class='ocrx_word' id='word_1_189' title='bbox 1718 3389 1842 3453; x_wconf 86' lang='lat' dir='ltr'>demum</span> <span class='ocrx_word' id='word_1_190' title='bbox 1864 3392 1988 3456; x_wconf 76' lang='lat' dir='ltr'>soeculo</span> <span class='ocrx_word' id='word_1_191' title='bbox 2013 3394 2161 3476; x_wconf 67' lang='lat' dir='ltr'>e&#39;naertum</span> 
     </span>
     <span class='ocr_line' id='line_1_19' title="bbox 508 3494 2163 3583; baseline 0.001 -22"><span class='ocrx_word' id='word_1_192' title='bbox 508 3497 654 3561; x_wconf 86' lang='lat' dir='ltr'>videatur</span> <span class='ocrx_word' id='word_1_193' title='bbox 669 3521 733 3560; x_wconf 78' lang='lat' dir='ltr'>eoae</span> <span class='ocrx_word' id='word_1_194' title='bbox 749 3496 932 3560; x_wconf 88' lang='lat' dir='ltr'>cartulario.</span> <span class='ocrx_word' id='word_1_195' title='bbox 969 3495 1111 3574; x_wconf 79' lang='lat' dir='ltr'>Accedit,</span> <span class='ocrx_word' id='word_1_196' title='bbox 1135 3495 1222 3580; x_wconf 80' lang='lat' dir='ltr'>quod</span> <span class='ocrx_word' id='word_1_197' title='bbox 1235 3494 1282 3560; x_wconf 90' lang='lat' dir='ltr'>ad</span> <span class='ocrx_word' id='word_1_198' title='bbox 1295 3496 1420 3559; x_wconf 82' lang='lat' dir='ltr'>verbum</span> <span class='ocrx_word' id='word_1_199' title='bbox 1431 3497 1509 3583; x_wconf 82' lang='lat' dir='ltr'>fere</span> <span class='ocrx_word' id='word_1_200' title='bbox 1528 3495 1679 3559; x_wconf 80' lang='lat' dir='ltr'>describit</span> <span class='ocrx_word' id='word_1_201' title='bbox 1692 3495 1839 3583; x_wconf 72' lang='lat' dir='ltr'>Huqouie</span> <span class='ocrx_word' id='word_1_202' title='bbox 1854 3497 1977 3561; x_wconf 76' lang='lat' dir='ltr'>abbatie</span> <span class='ocrx_word' id='word_1_203' title='bbox 1994 3497 2163 3563; x_wconf 74' lang='lat' dir='ltr'>Sitbieuaie</span> 
     </span>
     <span class='ocr_line' id='line_1_20' title="bbox 505 3602 2161 3690; baseline 0 -22"><span class='ocrx_word' id='word_1_204' title='bbox 505 3605 713 3690; x_wconf 69' lang='lat' dir='ltr'>pricileqium</span> <span class='ocrx_word' id='word_1_205' title='bbox 736 3616 921 3689; x_wconf 79' lang='lat' dir='ltr'>eucpectum,</span> <span class='ocrx_word' id='word_1_206' title='bbox 946 3602 1157 3688; x_wconf 75' lang='lat' dir='ltr'>complurium</span> <span class='ocrx_word' id='word_1_207' title='bbox 1176 3616 1342 3688; x_wconf 80' lang='lat' dir='ltr'>praeterea</span> <span class='ocrx_word' id='word_1_208' title='bbox 1366 3605 1487 3666; x_wconf 67' lang='lat' dir='ltr'>testium</span> <span class='ocrx_word' id='word_1_209' title='bbox 1506 3603 1686 3666; x_wconf 77' lang='lat' dir='ltr'>noueinibua</span> <span class='ocrx_word' id='word_1_210' title='bbox 1703 3605 1833 3682; x_wconf 65' lang='lat' dir='ltr'>iteratae,</span> <span class='ocrx_word' id='word_1_211' title='bbox 1850 3605 2028 3690; x_wconf 82' lang='lat' dir='ltr'>protocollo</span> <span class='ocrx_word' id='word_1_212' title='bbox 2044 3618 2161 3669; x_wconf 84' lang='lat' dir='ltr'>tautum</span> 
     </span>
     <span class='ocr_line' id='line_1_21' title="bbox 508 3708 2208 3796; baseline 0.001 -23"><span class='ocrx_word' id='word_1_213' title='bbox 508 3724 632 3774; x_wconf 71' lang='lat' dir='ltr'>nnumin.</span> <span class='ocrx_word' id='word_1_214' title='bbox 672 3709 758 3787; x_wconf 76' lang='lat' dir='ltr'>Quae</span> <span class='ocrx_word' id='word_1_215' title='bbox 781 3709 915 3794; x_wconf 82' lang='lat' dir='ltr'>denique</span> <span class='ocrx_word' id='word_1_216' title='bbox 935 3710 968 3772; x_wconf 87' lang='lat' dir='ltr'>in</span> <span class='ocrx_word' id='word_1_217' title='bbox 985 3708 1162 3794; x_wconf 56' lang='lat' dir='ltr'>privitan</span> <span class='ocrx_word' id='word_1_218' title='bbox 1186 3709 1330 3794; x_wconf 69' lang='lat' dir='ltr'>loquutur</span> <span class='ocrx_word' id='word_1_219' title='bbox 1353 3709 1586 3773; x_wconf 76' lang='lat' dir='ltr'>conditionibus</span> <span class='ocrx_word' id='word_1_220' title='bbox 1610 3711 1693 3773; x_wconf 73' lang='lat' dir='ltr'>iuris</span> <span class='ocrx_word' id='word_1_221' title='bbox 1716 3734 1776 3773; x_wconf 82' lang='lat' dir='ltr'>nou</span> <span class='ocrx_word' id='word_1_222' title='bbox 1800 3713 1994 3790; x_wconf 82' lang='lat' dir='ltr'>conueniunt,</span> <span class='ocrx_word' id='word_1_223' title='bbox 2019 3711 2057 3775; x_wconf 89' lang='lat' dir='ltr'>id</span> <span class='ocrx_word' id='word_1_224' title='bbox 2078 3711 2164 3796; x_wconf 80' lang='lat' dir='ltr'>quod</span> <span class='ocrx_word' id='word_1_225' title='bbox 2180 3737 2208 3775; x_wconf 73' lang='lat' dir='ltr'>eo</span> 
     </span>
     <span class='ocr_line' id='line_1_22' title="bbox 507 3814 1342 3900; baseline -0.001 -21"><span class='ocrx_word' id='word_1_226' title='bbox 507 3815 644 3881; x_wconf 81' lang='lat' dir='ltr'>Pitckert</span> <span class='ocrx_word' id='word_1_227' title='bbox 667 3817 687 3880; x_wconf 82' lang='lat' dir='ltr'>l.</span> <span class='ocrx_word' id='word_1_228' title='bbox 714 3817 733 3879; x_wconf 82' lang='lat' dir='ltr'>i.</span> <span class='ocrx_word' id='word_1_229' title='bbox 758 3817 916 3900; x_wconf 58' lang='lat' dir='ltr'>ananciter</span> <span class='ocrx_word' id='word_1_230' title='bbox 939 3814 1167 3900; x_wconf 72' lang='lat' dir='ltr'>diiiqcnterque</span> <span class='ocrx_word' id='word_1_231' title='bbox 1190 3818 1342 3900; x_wconf 65' lang='lat' dir='ltr'>exposuit.</span> 
     </span>
    </p>

    <p class='ocr_par' dir='ltr' id='par_1_11' title="bbox 507 3921 2206 4757">
     <span class='ocr_line' id='line_1_23' title="bbox 614 3921 2161 4007; baseline 0.003 -21"><span class='ocrx_word' id='word_1_232' title='bbox 614 3923 731 3986; x_wconf 75' lang='lat' dir='ltr'>Eretat</span> <span class='ocrx_word' id='word_1_233' title='bbox 745 3935 846 3985; x_wconf 88' lang='lat' dir='ltr'>autem</span> <span class='ocrx_word' id='word_1_234' title='bbox 858 3921 1068 4007; x_wconf 67' lang='lat' dir='ltr'>pricileyium</span> <span class='ocrx_word' id='word_1_235' title='bbox 1085 3923 1118 3985; x_wconf 88' lang='lat' dir='ltr'>in</span> <span class='ocrx_word' id='word_1_236' title='bbox 1135 3923 1310 3986; x_wconf 75' lang='lat' dir='ltr'>carttdorio</span> <span class='ocrx_word' id='word_1_237' title='bbox 1327 3921 1613 3988; x_wconf 81' lang='lat' dir='ltr'>Sitbieneicodicie</span> <span class='ocrx_word' id='word_1_238' title='bbox 1626 3923 1829 3988; x_wconf 79' lang='lat' dir='ltr'>Bolonienaie</span> <span class='ocrx_word' id='word_1_239' title='bbox 1841 3932 1906 3991; x_wconf 76' lang='grc'>146</span> <span class='ocrx_word' id='word_1_240' title='bbox 1920 3949 2001 3988; x_wconf 75' lang='lat' dir='ltr'>saec.</span> <span class='ocrx_word' id='word_1_241' title='bbox 2017 3924 2161 4007; x_wconf 67' lang='lat' dir='ltr'>xlma,</span> 
     </span>
     <span class='ocr_line' id='line_1_24' title="bbox 508 4026 2160 4117; baseline 0.001 -23"><span class='ocrx_word' id='word_1_242' title='bbox 508 4055 597 4117; x_wconf 83' lang='lat' dir='ltr'>quem</span> <span class='ocrx_word' id='word_1_243' title='bbox 632 4029 735 4093; x_wconf 87' lang='lat' dir='ltr'>edidit</span> <span class='ocrx_word' id='word_1_244' title='bbox 763 4028 808 4091; x_wconf 88' lang='lat' dir='ltr'>M.</span> <span class='ocrx_word' id='word_1_245' title='bbox 843 4028 996 4092; x_wconf 72' lang='lat' dir='ltr'>(inbrard</span> <span class='ocrx_word' id='word_1_246' title='bbox 1026 4026 1225 4108; x_wconf 78' lang='lat' dir='ltr'>(‘Collection</span> <span class='ocrx_word' id='word_1_247' title='bbox 1260 4028 1298 4092; x_wconf 88' lang='lat' dir='ltr'>de</span> <span class='ocrx_word' id='word_1_248' title='bbox 1334 4029 1511 4094; x_wconf 83' lang='lat' dir='ltr'>documenta</span> <span class='ocrx_word' id='word_1_249' title='bbox 1542 4030 1658 4094; x_wconf 80' lang='lat' dir='ltr'>iue&#39;dita</span> <span class='ocrx_word' id='word_1_250' title='bbox 1686 4055 1742 4093; x_wconf 80' lang='lat' dir='ltr'>aur</span> <span class='ocrx_word' id='word_1_251' title='bbox 1773 4031 1926 4096; x_wconf 75' lang='lat' dir='ltr'>l&#39;be‘atoire</span> <span class='ocrx_word' id='word_1_252' title='bbox 1957 4032 1995 4096; x_wconf 89' lang='lat' dir='ltr'>de</span> <span class='ocrx_word' id='word_1_253' title='bbox 2026 4032 2160 4097; x_wconf 85' lang='lat' dir='ltr'>France.</span> 
     </span>
     <span class='ocr_line' id='line_1_25' title="bbox 512 4133 2159 4225; baseline 0.002 -25"><span class='ocrx_word' id='word_1_254' title='bbox 512 4135 682 4201; x_wconf 84' lang='lat' dir='ltr'>Collection</span> <span class='ocrx_word' id='word_1_255' title='bbox 707 4135 760 4199; x_wconf 79' lang='lat' dir='ltr'>dee</span> <span class='ocrx_word' id='word_1_256' title='bbox 779 4134 969 4198; x_wconf 68' lang='lat' dir='ltr'>carulat&#39;ree</span> <span class='ocrx_word' id='word_1_257' title='bbox 985 4134 1023 4198; x_wconf 87' lang='lat' dir='ltr'>de</span> <span class='ocrx_word' id='word_1_258' title='bbox 1041 4134 1165 4199; x_wconf 85' lang='lat' dir='ltr'>France</span> <span class='ocrx_word' id='word_1_259' title='bbox 1181 4133 1255 4198; x_wconf 85' lang='lat' dir='ltr'><em>III:</em></span> <span class='ocrx_word' id='word_1_260' title='bbox 1282 4135 1480 4201; x_wconf 75' lang='lat' dir='ltr'>Cartalairea</span> <span class='ocrx_word' id='word_1_261' title='bbox 1503 4136 1541 4200; x_wconf 88' lang='lat' dir='ltr'>de</span> <span class='ocrx_word' id='word_1_262' title='bbox 1565 4137 1707 4225; x_wconf 80' lang='lat' dir='ltr'>l&#39;cbbaye</span> <span class='ocrx_word' id='word_1_263' title='bbox 1731 4138 1769 4202; x_wconf 88' lang='lat' dir='ltr'>de</span> <span class='ocrx_word' id='word_1_264' title='bbox 1786 4136 1880 4202; x_wconf 85' lang='lat' dir='ltr'>Saint</span> <span class='ocrx_word' id='word_1_265' title='bbox 1894 4138 2030 4219; x_wconf 81' lang='lat' dir='ltr'>Bertin&#39;,</span> <span class='ocrx_word' id='word_1_266' title='bbox 2053 4138 2159 4204; x_wconf 68' lang='lat' dir='ltr'>Paria</span> 
     </span>
     <span class='ocr_line' id='line_1_26' title="bbox 508 4241 2206 4332; baseline 0.001 -23"><span class='ocrx_word' id='word_1_267' title='bbox 508 4250 607 4323; x_wconf 77' lang='grc'><em>1840,</em></span> <span class='ocrx_word' id='word_1_268' title='bbox 628 4267 661 4329; x_wconf 79' lang='lat' dir='ltr'>p.</span> <span class='ocrx_word' id='word_1_269' title='bbox 681 4245 737 4326; x_wconf 86' lang='grc'>85)</span> <span class='ocrx_word' id='word_1_270' title='bbox 762 4255 790 4305; x_wconf 88' lang='lat' dir='ltr'>et</span> <span class='ocrx_word' id='word_1_271' title='bbox 805 4243 840 4305; x_wconf 89' lang='lat' dir='ltr'>in</span> <span class='ocrx_word' id='word_1_272' title='bbox 856 4241 1034 4305; x_wconf 80' lang='lat' dir='ltr'>collectione</span> <span class='ocrx_word' id='word_1_273' title='bbox 1051 4241 1254 4306; x_wconf 78' lang='lat' dir='ltr'>bibliothecae</span> <span class='ocrx_word' id='word_1_274' title='bbox 1270 4241 1466 4307; x_wconf 67' lang='lat' dir='ltr'>Pariaieneea</span> <span class='ocrx_word' id='word_1_275' title='bbox 1482 4268 1510 4328; x_wconf 90' lang='lat' dir='ltr'>q.</span> <span class='ocrx_word' id='word_1_276' title='bbox 1529 4243 1559 4307; x_wconf 93' lang='lat' dir='ltr'>d.</span> <span class='ocrx_word' id='word_1_277' title='bbox 1577 4243 1712 4308; x_wconf 85' lang='lat' dir='ltr'>Moreau</span> <span class='ocrx_word' id='word_1_278' title='bbox 1729 4245 1812 4326; x_wconf 85' lang='lat' dir='ltr'>(tom.</span> <span class='ocrx_word' id='word_1_279' title='bbox 1830 4243 1855 4307; x_wconf 91' lang='lat' dir='ltr'><em>I</em></span> <span class='ocrx_word' id='word_1_280' title='bbox 1864 4245 1932 4332; x_wconf 84' lang='lat' dir='ltr'>fol.</span> <span class='ocrx_word' id='word_1_281' title='bbox 1950 4251 2018 4313; x_wconf 83' lang='grc'>123</span> <span class='ocrx_word' id='word_1_282' title='bbox 2025 4249 2160 4330; x_wconf 74' lang='grc'><em>-124),</em></span> <span class='ocrx_word' id='word_1_283' title='bbox 2178 4270 2206 4311; x_wconf 78' lang='lat' dir='ltr'>te</span> 
     </span>
     <span class='ocr_line' id='line_1_27' title="bbox 507 4347 2165 4438; baseline 0.001 -24"><span class='ocrx_word' id='word_1_284' title='bbox 507 4352 565 4414; x_wconf 85' lang='lat' dir='ltr'>ubi</span> <span class='ocrx_word' id='word_1_285' title='bbox 585 4363 684 4414; x_wconf 66' lang='lat' dir='ltr'>enatat</span> <span class='ocrx_word' id='word_1_286' title='bbox 712 4348 931 4435; x_wconf 72' lang='lat' dir='ltr'>opoqrapbum</span> <span class='ocrx_word' id='word_1_287' title='bbox 961 4374 981 4411; x_wconf 93' lang='lat' dir='ltr'>a</span> <span class='ocrx_word' id='word_1_288' title='bbox 1010 4347 1043 4412; x_wconf 80' lang='lat' dir='ltr'>C.</span> <span class='ocrx_word' id='word_1_289' title='bbox 1070 4348 1108 4412; x_wconf 89' lang='lat' dir='ltr'>de</span> <span class='ocrx_word' id='word_1_290' title='bbox 1131 4348 1221 4412; x_wconf 86' lang='lat' dir='ltr'>Witte</span> <span class='ocrx_word' id='word_1_291' title='bbox 1244 4372 1324 4413; x_wconf 80' lang='lat' dir='ltr'>eaeo.</span> <span class='ocrx_word' id='word_1_292' title='bbox 1348 4348 1482 4413; x_wconf 87' lang='lat' dir='ltr'><em>XVIII.</em></span> <span class='ocrx_word' id='word_1_293' title='bbox 1508 4350 1693 4438; x_wconf 81' lang='lat' dir='ltr'>confectum.</span> <span class='ocrx_word' id='word_1_294' title='bbox 1744 4349 1836 4428; x_wconf 81' lang='lat' dir='ltr'>Quod</span> <span class='ocrx_word' id='word_1_295' title='bbox 1857 4352 1918 4415; x_wconf 80' lang='lat' dir='ltr'>etei</span> <span class='ocrx_word' id='word_1_296' title='bbox 1939 4376 1978 4415; x_wconf 75' lang='lat' dir='ltr'>ea</span> <span class='ocrx_word' id='word_1_297' title='bbox 2006 4353 2165 4438; x_wconf 75' lang='lat' dir='ltr'>oriyiuali</span> 
     </span>
     <span class='ocr_line' id='line_1_28' title="bbox 508 4453 2161 4542; baseline 0.001 -22"><span class='ocrx_word' id='word_1_298' title='bbox 508 4457 688 4520; x_wconf 86' lang='lat' dir='ltr'>documento</span> <span class='ocrx_word' id='word_1_299' title='bbox 711 4457 746 4519; x_wconf 85' lang='lat' dir='ltr'>in</span> <span class='ocrx_word' id='word_1_300' title='bbox 770 4454 900 4518; x_wconf 85' lang='lat' dir='ltr'>arobivo</span> <span class='ocrx_word' id='word_1_301' title='bbox 922 4456 1028 4518; x_wconf 77' lang='lat' dir='ltr'>tancti</span> <span class='ocrx_word' id='word_1_302' title='bbox 1047 4453 1179 4518; x_wconf 86' lang='lat' dir='ltr'>Bertini</span> <span class='ocrx_word' id='word_1_303' title='bbox 1206 4457 1343 4540; x_wconf 79' lang='lat' dir='ltr'>reposito</span> <span class='ocrx_word' id='word_1_304' title='bbox 1373 4470 1529 4542; x_wconf 78' lang='lat' dir='ltr'>cumptum</span> <span class='ocrx_word' id='word_1_305' title='bbox 1560 4481 1624 4521; x_wconf 74' lang='lat' dir='ltr'>enee</span> <span class='ocrx_word' id='word_1_306' title='bbox 1652 4457 1781 4536; x_wconf 85' lang='lat' dir='ltr'>dicitur,</span> <span class='ocrx_word' id='word_1_307' title='bbox 1812 4457 1943 4522; x_wconf 87' lang='lat' dir='ltr'>dubium</span> <span class='ocrx_word' id='word_1_308' title='bbox 1972 4472 2074 4522; x_wconf 87' lang='lat' dir='ltr'>tamen</span> <span class='ocrx_word' id='word_1_309' title='bbox 2097 4482 2161 4522; x_wconf 72' lang='lat' dir='ltr'>eoae</span> 
     </span>
     <span class='ocr_line' id='line_1_29' title="bbox 507 4560 2160 4651; baseline 0.001 -25"><span class='ocrx_word' id='word_1_310' title='bbox 507 4587 570 4626; x_wconf 88' lang='lat' dir='ltr'>non</span> <span class='ocrx_word' id='word_1_311' title='bbox 586 4576 700 4650; x_wconf 72' lang='lat' dir='ltr'>pateat,</span> <span class='ocrx_word' id='word_1_312' title='bbox 724 4563 801 4647; x_wconf 82' lang='lat' dir='ltr'>quin</span> <span class='ocrx_word' id='word_1_313' title='bbox 826 4561 902 4624; x_wconf 85' lang='lat' dir='ltr'>baec</span> <span class='ocrx_word' id='word_1_314' title='bbox 925 4562 1018 4647; x_wconf 82' lang='lat' dir='ltr'>copia</span> <span class='ocrx_word' id='word_1_315' title='bbox 1042 4585 1081 4624; x_wconf 76' lang='lat' dir='ltr'>ec</span> <span class='ocrx_word' id='word_1_316' title='bbox 1103 4563 1277 4625; x_wconf 84' lang='lat' dir='ltr'>cartularii</span> <span class='ocrx_word' id='word_1_317' title='bbox 1298 4560 1467 4626; x_wconf 85' lang='lat' dir='ltr'>Sitbieneia</span> <span class='ocrx_word' id='word_1_318' title='bbox 1490 4562 1597 4626; x_wconf 88' lang='lat' dir='ltr'>codice</span> <span class='ocrx_word' id='word_1_319' title='bbox 1614 4566 1791 4649; x_wconf 81' lang='lat' dir='ltr'>paeteriore</span> <span class='ocrx_word' id='word_1_320' title='bbox 1807 4565 1952 4651; x_wconf 73' lang='lat' dir='ltr'>fluxerit,</span> <span class='ocrx_word' id='word_1_321' title='bbox 1981 4567 2071 4629; x_wconf 81' lang='lat' dir='ltr'>cuiue</span> <span class='ocrx_word' id='word_1_322' title='bbox 2093 4566 2160 4628; x_wconf 87' lang='lat' dir='ltr'>alio</span> 
     </span>
     <span class='ocr_line' id='line_1_30' title="bbox 507 4667 2044 4757; baseline -0.001 -23"><span class='ocrx_word' id='word_1_323' title='bbox 507 4696 627 4757; x_wconf 83' lang='lat' dir='ltr'>quoquc</span> <span class='ocrx_word' id='word_1_324' title='bbox 651 4673 717 4735; x_wconf 86' lang='lat' dir='ltr'>ioco</span> <span class='ocrx_word' id='word_1_325' title='bbox 741 4672 781 4735; x_wconf 90' lang='lat' dir='ltr'>ab</span> <span class='ocrx_word' id='word_1_326' title='bbox 805 4671 910 4735; x_wconf 82' lang='lat' dir='ltr'>eodem</span> <span class='ocrx_word' id='word_1_327' title='bbox 938 4669 972 4733; x_wconf 83' lang='lat' dir='ltr'>C.</span> <span class='ocrx_word' id='word_1_328' title='bbox 998 4668 1036 4734; x_wconf 88' lang='lat' dir='ltr'>de</span> <span class='ocrx_word' id='word_1_329' title='bbox 1060 4667 1149 4732; x_wconf 80' lang='lat' dir='ltr'>Wiae</span> <span class='ocrx_word' id='word_1_330' title='bbox 1165 4669 1210 4755; x_wconf 81' lang='lat' dir='ltr'>fit</span> <span class='ocrx_word' id='word_1_331' title='bbox 1232 4671 1345 4732; x_wconf 85' lang='lat' dir='ltr'>mentio</span> <span class='ocrx_word' id='word_1_332' title='bbox 1369 4670 1433 4755; x_wconf 81' lang='lat' dir='ltr'>(rs.</span> <span class='ocrx_word' id='word_1_333' title='bbox 1459 4669 1537 4732; x_wconf 71' lang='lat' dir='ltr'>Md.</span> <span class='ocrx_word' id='word_1_334' title='bbox 1564 4669 1623 4732; x_wconf 84' lang='lat' dir='ltr'>SS.</span> <span class='ocrx_word' id='word_1_335' title='bbox 1648 4669 1749 4750; x_wconf 83' lang='lat' dir='ltr'><em>XIII,</em></span> <span class='ocrx_word' id='word_1_336' title='bbox 1767 4679 1833 4738; x_wconf 88' lang='grc'>616</span> <span class='ocrx_word' id='word_1_337' title='bbox 1856 4671 1876 4734; x_wconf 82' lang='lat' dir='ltr'>b.</span> <span class='ocrx_word' id='word_1_338' title='bbox 1894 4681 1938 4738; x_wconf 82' lang='lat'>50</span> <span class='ocrx_word' id='word_1_339' title='bbox 1950 4673 2044 4756; x_wconf 84' lang='lat' dir='ltr'>eqq.).</span> 
     </span>
    </p>

    <p class='ocr_par' dir='ltr' id='par_1_12' title="bbox 508 4775 2207 5079">
     <span class='ocr_line' id='line_1_31' title="bbox 613 4775 2207 4864; baseline 0.001 -23"><span class='ocrx_word' id='word_1_340' title='bbox 613 4778 794 4843; x_wconf 83' lang='lat' dir='ltr'>Editionem</span> <span class='ocrx_word' id='word_1_341' title='bbox 825 4779 1056 4863; x_wconf 68' lang='lat' dir='ltr'>subsequentem</span> <span class='ocrx_word' id='word_1_342' title='bbox 1088 4777 1132 4839; x_wconf 91' lang='lat' dir='ltr'>ita</span> <span class='ocrx_word' id='word_1_343' title='bbox 1164 4777 1367 4854; x_wconf 70' lang='lat' dir='ltr'>instituimus,</span> <span class='ocrx_word' id='word_1_344' title='bbox 1402 4790 1436 4840; x_wconf 88' lang='lat' dir='ltr'>ut</span> <span class='ocrx_word' id='word_1_345' title='bbox 1466 4775 1670 4840; x_wconf 80' lang='lat' dir='ltr'>Guerardum</span> <span class='ocrx_word' id='word_1_346' title='bbox 1701 4781 1798 4862; x_wconf 76' lang='lat' dir='ltr'>quari</span> <span class='ocrx_word' id='word_1_347' title='bbox 1824 4778 1931 4842; x_wconf 86' lang='lat' dir='ltr'>ducem</span> <span class='ocrx_word' id='word_1_348' title='bbox 1962 4802 2161 4864; x_wconf 71' lang='lat' dir='ltr'>sequeremur</span> <span class='ocrx_word' id='word_1_349' title='bbox 2179 4803 2207 4843; x_wconf 77' lang='lat' dir='ltr'>eo</span> 
     </span>
     <span class='ocr_line' id='line_1_32' title="bbox 508 4882 2159 4972; baseline 0 -24"><span class='ocrx_word' id='word_1_350' title='bbox 508 4885 566 4964; x_wconf 92' lang='lat'>(=</span> <span class='ocrx_word' id='word_1_351' title='bbox 586 4885 642 4968; x_wconf 86' lang='lat' dir='ltr'>G),</span> <span class='ocrx_word' id='word_1_352' title='bbox 672 4888 797 4950; x_wconf 80' lang='lat' dir='ltr'>cariam</span> <span class='ocrx_word' id='word_1_353' title='bbox 830 4886 988 4949; x_wconf 85' lang='lat' dir='ltr'>lectionem</span> <span class='ocrx_word' id='word_1_354' title='bbox 1014 4885 1223 4968; x_wconf 61' lang='lat' dir='ltr'>reciperemue</span> <span class='ocrx_word' id='word_1_355' title='bbox 1246 4907 1285 4946; x_wconf 75' lang='lat' dir='ltr'>ee</span> <span class='ocrx_word' id='word_1_356' title='bbox 1307 4885 1399 4968; x_wconf 83' lang='lat' dir='ltr'>copia</span> <span class='ocrx_word' id='word_1_357' title='bbox 1423 4908 1503 4946; x_wconf 79' lang='lat' dir='ltr'>eaeo.</span> <span class='ocrx_word' id='word_1_358' title='bbox 1521 4882 1655 4948; x_wconf 84' lang='lat' dir='ltr'><em>XVIII.</em></span> <span class='ocrx_word' id='word_1_359' title='bbox 1682 4885 1737 4966; x_wconf 89' lang='lat'>(=</span> <span class='ocrx_word' id='word_1_360' title='bbox 1792 4886 1808 4968; x_wconf 91' lang='lat'><em>)</em></span> <span class='ocrx_word' id='word_1_361' title='bbox 1840 4898 1867 4948; x_wconf 91' lang='lat' dir='ltr'>et</span> <span class='ocrx_word' id='word_1_362' title='bbox 1891 4885 2066 4972; x_wconf 70' lang='lat' dir='ltr'>privileqio</span> <span class='ocrx_word' id='word_1_363' title='bbox 2090 4884 2159 4948; x_wconf 88' lang='lat' dir='ltr'>Hu-</span> 
     </span>
     <span class='ocr_line' id='line_1_33' title="bbox 508 4989 1907 5079; baseline -0.001 -23"><span class='ocrx_word' id='word_1_364' title='bbox 508 4994 600 5079; x_wconf 78' lang='lat' dir='ltr'>9ouie</span> <span class='ocrx_word' id='word_1_365' title='bbox 623 4993 746 5056; x_wconf 77' lang='lat' dir='ltr'>abbatie</span> <span class='ocrx_word' id='word_1_366' title='bbox 770 4993 826 5074; x_wconf 92' lang='lat'>(=</span> <span class='ocrx_word' id='word_1_367' title='bbox 842 4992 903 5075; x_wconf 87' lang='lat' dir='ltr'>H),</span> <span class='ocrx_word' id='word_1_368' title='bbox 927 4990 1013 5076; x_wconf 84' lang='lat' dir='ltr'>quod</span> <span class='ocrx_word' id='word_1_369' title='bbox 1034 4992 1118 5077; x_wconf 73' lang='lat' dir='ltr'>typis</span> <span class='ocrx_word' id='word_1_370' title='bbox 1142 5013 1322 5075; x_wconf 72' lang='lat' dir='ltr'>capreorum</span> <span class='ocrx_word' id='word_1_371' title='bbox 1346 5003 1391 5053; x_wconf 88' lang='lat' dir='ltr'>eat</span> <span class='ocrx_word' id='word_1_372' title='bbox 1412 4990 1502 5075; x_wconf 82' lang='lat' dir='ltr'>apud</span> <span class='ocrx_word' id='word_1_373' title='bbox 1526 4989 1687 5070; x_wconf 76' lang='lat' dir='ltr'>Guirard‚</span> <span class='ocrx_word' id='word_1_374' title='bbox 1713 4992 1733 5055; x_wconf 82' lang='lat' dir='ltr'>l.</span> <span class='ocrx_word' id='word_1_375' title='bbox 1758 4993 1778 5054; x_wconf 85' lang='lat' dir='ltr'>l.</span> <span class='ocrx_word' id='word_1_376' title='bbox 1800 5015 1834 5078; x_wconf 79' lang='lat' dir='ltr'>p.</span> <span class='ocrx_word' id='word_1_377' title='bbox 1853 5000 1907 5058; x_wconf 90' lang='grc'><strong>87.</strong></span> 
     </span>
    </p>
   </div>
   <div class='ocr_carea' id='block_1_11' title="bbox 504 5120 2205 5830">
    <p class='ocr_par' dir='ltr' id='par_1_13' title="bbox 505 5120 2205 5518">
     <span class='ocr_line' id='line_1_34' title="bbox 615 5120 2158 5195; baseline 0 -16"><span class='ocrx_word' id='word_1_378' title='bbox 615 5123 711 5180; x_wconf 87' lang='lat' dir='ltr'>Edd..·</span> <span class='ocrx_word' id='word_1_379' title='bbox 737 5123 884 5195; x_wconf 80' lang='lat' dir='ltr'>Mabiilon,</span> <span class='ocrx_word' id='word_1_380' title='bbox 910 5123 981 5179; x_wconf 80' lang='lat' dir='ltr'>Acta</span> <span class='ocrx_word' id='word_1_381' title='bbox 1006 5121 1061 5179; x_wconf 86' lang='lat' dir='ltr'>SS.</span> <span class='ocrx_word' id='word_1_382' title='bbox 1085 5123 1148 5178; x_wconf 87' lang='lat' dir='ltr'>ord.</span> <span class='ocrx_word' id='word_1_383' title='bbox 1171 5143 1195 5178; x_wconf 80' lang='lat' dir='ltr'>a.</span> <span class='ocrx_word' id='word_1_384' title='bbox 1220 5120 1368 5178; x_wconf 82' lang='lat' dir='ltr'>Benedicti</span> <span class='ocrx_word' id='word_1_385' title='bbox 1391 5120 1447 5190; x_wconf 83' lang='lat'><em>111,</em></span> <span class='ocrx_word' id='word_1_386' title='bbox 1472 5123 1500 5192; x_wconf 80' lang='lat'>1,</span> <span class='ocrx_word' id='word_1_387' title='bbox 1521 5125 1589 5181; x_wconf 86' lang='grc'><strong>122.</strong></span> <span class='ocrx_word' id='word_1_388' title='bbox 1629 5123 1672 5179; x_wconf 87' lang='lat' dir='ltr'>Le</span> <span class='ocrx_word' id='word_1_389' title='bbox 1696 5121 1793 5180; x_wconf 80' lang='lat' dir='ltr'>Coiutc</span> <span class='ocrx_word' id='word_1_390' title='bbox 1815 5122 1983 5193; x_wconf 61' lang='grc'>11111533.</span> <span class='ocrx_word' id='word_1_391' title='bbox 2031 5121 2158 5192; x_wconf 66' lang='lat' dir='ltr'>Gnaei,</span> 
     </span>
     <span class='ocr_line' id='line_1_35' title="bbox 506 5228 2160 5307; baseline -0.001 -21"><span class='ocrx_word' id='word_1_392' title='bbox 506 5230 573 5287; x_wconf 74' lang='lat' dir='ltr'>‘Lea</span> <span class='ocrx_word' id='word_1_393' title='bbox 603 5239 679 5287; x_wconf 77' lang='lat' dir='ltr'>actea</span> <span class='ocrx_word' id='word_1_394' title='bbox 709 5231 743 5287; x_wconf 88' lang='lat' dir='ltr'>dc</span> <span class='ocrx_word' id='word_1_395' title='bbox 773 5232 802 5287; x_wconf 89' lang='lat' dir='ltr'>la</span> <span class='ocrx_word' id='word_1_396' title='bbox 828 5230 966 5305; x_wconf 72' lang='lat' dir='ltr'>province</span> <span class='ocrx_word' id='word_1_397' title='bbox 996 5228 1200 5303; x_wconf 78' lang='lat' dir='ltr'>ecclisiaetique</span> <span class='ocrx_word' id='word_1_398' title='bbox 1230 5229 1264 5284; x_wconf 92' lang='lat' dir='ltr'>de</span> <span class='ocrx_word' id='word_1_399' title='bbox 1287 5228 1396 5285; x_wconf 79' lang='lat' dir='ltr'>Reime’</span> <span class='ocrx_word' id='word_1_400' title='bbox 1421 5228 1531 5298; x_wconf 81' lang='lat'><em>1,197.</em></span> <span class='ocrx_word' id='word_1_401' title='bbox 1580 5228 1726 5298; x_wconf 83' lang='lat' dir='ltr'>Gue‘rard,</span> <span class='ocrx_word' id='word_1_402' title='bbox 1757 5230 1775 5286; x_wconf 82' lang='lat' dir='ltr'>i.</span> <span class='ocrx_word' id='word_1_403' title='bbox 1799 5231 1817 5286; x_wconf 83' lang='grc' dir='ltr'>Ι.</span> <span class='ocrx_word' id='word_1_404' title='bbox 1836 5250 1869 5306; x_wconf 84' lang='lat' dir='ltr'>p.</span> <span class='ocrx_word' id='word_1_405' title='bbox 1885 5235 1935 5290; x_wconf 88' lang='grc'><strong>85.</strong></span> <span class='ocrx_word' id='word_1_406' title='bbox 1984 5230 2160 5307; x_wconf 62' lang='lat' dir='ltr'>Fragmenta</span> 
     </span>
     <span class='ocr_line' id='line_1_36' title="bbox 505 5333 2205 5414; baseline 0 -21"><span class='ocrx_word' id='word_1_407' title='bbox 505 5339 635 5414; x_wconf 63' lang='lat' dir='ltr'>leguntur</span> <span class='ocrx_word' id='word_1_408' title='bbox 650 5339 731 5413; x_wconf 86' lang='lat' dir='ltr'>apud</span> <span class='ocrx_word' id='word_1_409' title='bbox 747 5337 928 5412; x_wconf 81' lang='lat' dir='ltr'>Malbrancq,</span> <span class='ocrx_word' id='word_1_410' title='bbox 947 5337 992 5392; x_wconf 83' lang='lat' dir='ltr'>De</span> <span class='ocrx_word' id='word_1_411' title='bbox 1009 5335 1132 5392; x_wconf 79' lang='lat' dir='ltr'>Morinis</span> <span class='ocrx_word' id='word_1_412' title='bbox 1148 5335 1183 5390; x_wconf 89' lang='lat'>11</span> <span class='ocrx_word' id='word_1_413' title='bbox 1195 5333 1315 5410; x_wconf 74' lang='grc'><em>(1617),</em></span> <span class='ocrx_word' id='word_1_414' title='bbox 1329 5356 1360 5410; x_wconf 78' lang='lat' dir='ltr'>p.</span> <span class='ocrx_word' id='word_1_415' title='bbox 1378 5339 1450 5395; x_wconf 82' lang='grc'><strong>235.</strong></span> <span class='ocrx_word' id='word_1_416' title='bbox 1481 5336 1628 5406; x_wconf 80' lang='lat' dir='ltr'>Mabiilon,</span> <span class='ocrx_word' id='word_1_417' title='bbox 1646 5337 1721 5393; x_wconf 84' lang='lat' dir='ltr'>Anu.</span> <span class='ocrx_word' id='word_1_418' title='bbox 1737 5337 1801 5393; x_wconf 87' lang='lat' dir='ltr'>ord.</span> <span class='ocrx_word' id='word_1_419' title='bbox 1814 5358 1837 5392; x_wconf 80' lang='lat' dir='ltr'>a.</span> <span class='ocrx_word' id='word_1_420' title='bbox 1850 5337 1997 5395; x_wconf 83' lang='lat' dir='ltr'>Benedicti</span> <span class='ocrx_word' id='word_1_421' title='bbox 2011 5336 2050 5406; x_wconf 85' lang='lat'>11,</span> <span class='ocrx_word' id='word_1_422' title='bbox 2064 5340 2093 5406; x_wconf 82' lang='lat'>6,</span> <span class='ocrx_word' id='word_1_423' title='bbox 2107 5338 2159 5404; x_wconf 85' lang='lat'><strong><em>11,·</em></strong></span> <span class='ocrx_word' id='word_1_424' title='bbox 2177 5352 2205 5393; x_wconf 77' lang='lat' dir='ltr'>tt</span> 
     </span>
     <span class='ocr_line' id='line_1_37' title="bbox 505 5436 2159 5518; baseline -0.001 -19"><span class='ocrx_word' id='word_1_425' title='bbox 505 5444 594 5503; x_wconf 87' lang='lat' dir='ltr'>ed.2.</span> <span class='ocrx_word' id='word_1_426' title='bbox 613 5444 732 5513; x_wconf 81' lang='lat'><em>11,570</em></span> <span class='ocrx_word' id='word_1_427' title='bbox 755 5436 812 5518; x_wconf 87' lang='lat' dir='ltr'>(ad</span> <span class='ocrx_word' id='word_1_428' title='bbox 832 5443 902 5499; x_wconf 81' lang='lat' dir='ltr'>diem</span> <span class='ocrx_word' id='word_1_429' title='bbox 919 5447 969 5501; x_wconf 88' lang='grc'>20.</span> <span class='ocrx_word' id='word_1_430' title='bbox 986 5462 1070 5499; x_wconf 76' lang='lat' dir='ltr'>menn</span> <span class='ocrx_word' id='word_1_431' title='bbox 1088 5439 1265 5518; x_wconf 83' lang='lat' dir='ltr'>Februarii).</span> <span class='ocrx_word' id='word_1_432' title='bbox 1303 5442 1440 5512; x_wconf 70' lang='lat' dir='ltr'>ilii-acue,</span> <span class='ocrx_word' id='word_1_433' title='bbox 1466 5441 1539 5517; x_wconf 76' lang='lat' dir='ltr'>opp.</span> <span class='ocrx_word' id='word_1_434' title='bbox 1564 5443 1835 5517; x_wconf 56' lang='grc'>8810812345.</span> <span class='ocrx_word' id='word_1_435' title='bbox 1876 5443 1976 5501; x_wconf 77' lang='lat' dir='ltr'>Mauci</span> <span class='ocrx_word' id='word_1_436' title='bbox 1990 5443 2074 5513; x_wconf 80' lang='lat' dir='ltr'><em>XIV,</em></span> <span class='ocrx_word' id='word_1_437' title='bbox 2091 5445 2159 5503; x_wconf 81' lang='lat'>771.</span> 
     </span>
    </p>

    <p class='ocr_par' dir='ltr' id='par_1_14' title="bbox 504 5543 2158 5830">
     <span class='ocr_line' id='line_1_38' title="bbox 611 5543 2157 5627; baseline -0.001 -20"><span class='ocrx_word' id='word_1_438' title='bbox 611 5550 700 5626; x_wconf 63' lang='lat' dir='ltr'>Rea:</span> <span class='ocrx_word' id='word_1_439' title='bbox 729 5550 769 5606; x_wconf 81' lang='grc' dir='ltr'>Ι).</span> <span class='ocrx_word' id='word_1_440' title='bbox 794 5549 951 5624; x_wconf 75' lang='lat' dir='ltr'>Ilaiynere&#39;,</span> <span class='ocrx_word' id='word_1_441' title='bbox 982 5548 1050 5604; x_wconf 79' lang='lat' dir='ltr'>‘Lea</span> <span class='ocrx_word' id='word_1_442' title='bbox 1080 5548 1191 5604; x_wconf 75' lang='lat' dir='ltr'>chartea</span> <span class='ocrx_word' id='word_1_443' title='bbox 1221 5550 1256 5604; x_wconf 86' lang='lat' dir='ltr'>de</span> <span class='ocrx_word' id='word_1_444' title='bbox 1280 5548 1492 5604; x_wconf 72' lang='lat' dir='ltr'>Sabat-Berlin</span> <span class='ocrx_word' id='word_1_445' title='bbox 1517 5549 1536 5605; x_wconf 92' lang='grc' dir='ltr'><em>Ι</em></span> <span class='ocrx_word' id='word_1_446' title='bbox 1563 5543 1789 5620; x_wconf 63' lang='lat' dir='ltr'>(duint-Omer’</span> <span class='ocrx_word' id='word_1_447' title='bbox 1814 5545 1920 5627; x_wconf 88' lang='grc'><em>1886),</em></span> <span class='ocrx_word' id='word_1_448' title='bbox 1946 5570 1980 5626; x_wconf 82' lang='lat' dir='ltr'>p·</span> <span class='ocrx_word' id='word_1_449' title='bbox 1999 5552 2037 5609; x_wconf 88' lang='grc'>12</span> <span class='ocrx_word' id='word_1_450' title='bbox 2061 5571 2090 5606; x_wconf 88' lang='lat' dir='ltr'>u.</span> <span class='ocrx_word' id='word_1_451' title='bbox 2107 5553 2157 5608; x_wconf 84' lang='lat'>35.</span> 
     </span>
     <span class='ocr_line' id='line_1_39' title="bbox 506 5649 2158 5732; baseline 0 -18"><span class='ocrx_word' id='word_1_452' title='bbox 506 5656 539 5714; x_wconf 86' lang='lat' dir='ltr'>O.</span> <span class='ocrx_word' id='word_1_453' title='bbox 564 5657 646 5726; x_wconf 85' lang='lat' dir='ltr'>Bled,</span> <span class='ocrx_word' id='word_1_454' title='bbox 679 5657 821 5732; x_wconf 71' lang='lat' dir='ltr'>‘lieyestce</span> <span class='ocrx_word' id='word_1_455' title='bbox 851 5657 900 5712; x_wconf 81' lang='lat' dir='ltr'>dee</span> <span class='ocrx_word' id='word_1_456' title='bbox 923 5654 1038 5730; x_wconf 77' lang='lat' dir='ltr'>e‘uiquec</span> <span class='ocrx_word' id='word_1_457' title='bbox 1068 5656 1102 5711; x_wconf 89' lang='lat' dir='ltr'>de</span> <span class='ocrx_word' id='word_1_458' title='bbox 1140 5654 1327 5711; x_wconf 76' lang='lat' dir='ltr'>Tlae&#39;rouanne</span> <span class='ocrx_word' id='word_1_459' title='bbox 1350 5654 1371 5709; x_wconf 89' lang='lat'><em>1</em></span> <span class='ocrx_word' id='word_1_460' title='bbox 1390 5649 1618 5726; x_wconf 83' lang='lat' dir='ltr'>(Saint-Omer’</span> <span class='ocrx_word' id='word_1_461' title='bbox 1650 5653 1753 5725; x_wconf 74' lang='lat'><em>1904),</em></span> <span class='ocrx_word' id='word_1_462' title='bbox 1780 5678 1811 5732; x_wconf 80' lang='lat' dir='ltr'>p.</span> <span class='ocrx_word' id='word_1_463' title='bbox 1835 5661 1877 5716; x_wconf 90' lang='grc'>52</span> <span class='ocrx_word' id='word_1_464' title='bbox 1907 5677 1934 5713; x_wconf 82' lang='lat' dir='ltr'>a.</span> <span class='ocrx_word' id='word_1_465' title='bbox 1959 5660 2007 5715; x_wconf 88' lang='lat'>77.</span> <span class='ocrx_word' id='word_1_466' title='bbox 2055 5655 2158 5714; x_wconf 71' lang='lat' dir='ltr'>‘Neues</span> 
     </span>
     <span class='ocr_line' id='line_1_40' title="bbox 504 5762 849 5830; baseline -0.003 -12"><span class='ocrx_word' id='word_1_467' title='bbox 504 5762 623 5819; x_wconf 75' lang='lat' dir='ltr'>Arcitiv&#39;</span> <span class='ocrx_word' id='word_1_468' title='bbox 649 5762 762 5830; x_wconf 81' lang='lat' dir='ltr'><em>XXIV,</em></span> <span class='ocrx_word' id='word_1_469' title='bbox 779 5765 849 5820; x_wconf 75' lang='lat'><strong><em>495.</em></strong></span> 
     </span>
    </p>
   </div>
   <div class='ocr_carea' id='block_1_12' title="bbox 0 0 2446 6708">
    <p class='ocr_par' dir='ltr' id='par_1_15' title="bbox 0 0 2446 6708">
     <span class='ocr_line' id='line_1_41' title="bbox 0 0 2446 6708; baseline 0 0"><span class='ocrx_word' id='word_1_470' title='bbox 0 0 2446 6708; x_wconf 95' lang='lat' dir='ltr'> </span> 
     </span>
    </p>
   </div>
  </div>
 </body>
</html>
