4884 6717
755 523 806 577 44.
843 522 1061 579 conclama
1087 522 1313 578 I'ARISIENSE
1337 523 1374 578 A.
1396 522 1470 579 825.
1877 514 1941 577 523

285 709 424 796 qualiter
454 709 539 773 idem
571 708 709 795 populus
740 709 856 773 aDeo
880 732 940 795 per
969 723 1111 773 vestram
1141 709 1386 774 conservandus
1417 709 1630 773 orthodoxam
1662 710 1866 773 sanctitatem
1899 707 1942 772 ad

285 839 395 880 reram
420 816 629 879 concordiam
653 817 801 880 revocari
826 817 992 902 potuisset,
1017 830 1053 880 ut
1076 838 1155 880 vera
1179 838 1261 902 paee
1286 815 1499 901 conglutinati
1522 827 1555 879 et
1578 817 1612 879 in
1635 816 1697 880 hoc
1721 826 1754 880 et
1778 816 1811 880 in
1834 816 1941 880 futuro

285 923 416 988 saeculo
452 924 595 986 omnium
627 922 768 986 Domino
803 922 933 1008 placere
969 924 1159 1008 potuissent.
1213 922 1257 986 Et
1291 921 1448 1009 quicquid
1483 922 1602 986 exinde
1638 921 1767 987 salubre
1798 922 1941 987 Domino

285 1030 464 1115 inspirante
496 1030 643 1093 invenire
675 1030 848 1114 potuimus
879 1031 1068 1115 paternitati
1094 1041 1221 1094 vestrae
1247 1052 1306 1114 per
1330 1039 1520 1115 praesentes
1550 1029 1632 1093 filios
1657 1041 1792 1108 vestros,
1823 1028 1941 1093 fratres

254 1148 422 1215 suostros,
447 1134 610 1221 quaedam
634 1135 740 1212 dietis,
766 1136 926 1221 quaedam
951 1137 1080 1221 scriptis
1104 1136 1284 1201 intimando
1309 1135 1487 1200 direximus
1498 1140 1518 1200 ¹.
1543 1175 1586 1184 —

394 1243 483 1307 Oroff
507 1254 616 1306 auteur
640 1253 673 1306 et
697 1240 833 1306 obsecro
858 1244 890 1306 in
915 1244 1068 1306 universo
1092 1243 1213 1306 mundo
1236 1281 1280 1291 -
1304 1257 1340 1306 ut
1362 1241 1451 1307 beati
1468 1242 1731 1329 praedecessoris
1747 1243 1809 1306 mci
1830 1242 1941 1307 domni

287 1348 438 1434 Gregorii
463 1371 568 1435 papae
593 1360 666 1412 utar
689 1347 808 1428 verbis,
833 1349 949 1412 fratres
975 1360 1006 1412 et
1030 1349 1140 1413 domui
1170 1350 1235 1413 mei
1268 1352 1301 1412 in
1333 1361 1489 1435 quantum
1513 1360 1713 1434 peccatores,
1737 1348 1853 1412 fratres
1877 1350 1941 1413 mei

285 1457 318 1520 in
342 1467 498 1542 quantum
529 1457 605 1519 iusti
635 1454 745 1519 domni
777 1457 851 1535 mei,
883 1467 1039 1541 quantum
1071 1479 1113 1519 cx
1143 1479 1195 1519 me
1227 1455 1390 1520 humiliter
1421 1454 1579 1542 supplico,
1610 1468 1767 1541 quantum
1795 1478 1874 1519 vcro
1899 1479 1941 1519 ex

286 1576 375 1626 tanta
398 1563 592 1626 auctoritate
616 1560 798 1626 sublimiter
821 1584 936 1626 moneo
961 1600 1014 1642 -,
1046 1574 1082 1626 ut
1104 1585 1200 1626 nemo
1224 1585 1276 1626 rue
1301 1562 1361 1626 hoc
1385 1564 1419 1625 in
1443 1562 1514 1626 loco
1538 1574 1670 1649 propter
1692 1584 1745 1626 me
1769 1560 1940 1648 despiciat,

242 1696 267 1734 m
289 1671 375 1755 quia,
400 1670 460 1732 etsi
485 1671 527 1732 ad
552 1667 755 1732 invitandum
779 1690 986 1754 nequaquam
1011 1668 1129 1753 dignus
1152 1691 1308 1754 appareo,
1332 1691 1451 1754 magna
1475 1680 1646 1733 esttamen
1663 1670 1766 1732 virtus
1784 1670 1939 1748 caritatis,

285 1777 376 1861 pacis
401 1788 433 1838 et
464 1776 607 1850 unitatis,
639 1775 681 1839 ad
706 1797 804 1860 quam
828 1798 886 1838 vos
917 1775 982 1839 alta
1012 1787 1172 1861 potestate
1203 1776 1334 1839 invice
1359 1773 1528 1840 beatorum
1552 1775 1771 1861 apostolorum
1794 1775 1884 1839 Petri
1908 1787 1941 1839 et

285 1882 378 1946 Pauli
409 1883 442 1945 iu
473 1884 604 1945 nomine
636 1881 758 1945 domini
788 1883 889 1945 nostri
920 1882 995 1946 Iesu
1027 1881 1147 1946 Christi
1179 1883 1319 1946 invitare
1350 1904 1534 1967 praesumo.
1588 1881 1670 1946 Cum
1702 1883 1788 1946 enim
1819 1881 1940 1946 Paulus

285 1988 432 2052 veridica
455 2011 537 2052 voce
561 1987 665 2053 dicat:
691 1989 803 2052 Pacem
827 1992 1002 2075 sequimini
1022 2015 1089 2052 inim
1115 1991 1259 2052 orrrrribus
1282 2004 1310 2053 et
1324 1991 1576 2068 aortetimoniom,
1600 1991 1676 2075 quio
1693 1991 1761 2052 sine
1777 1990 1836 2054 illa
1854 2014 1940 2054 iterim
1958 2011 2114 2063 assatam.

287 2097 405 2160 ridebit
434 2096 548 2174 Deam,
580 2094 659 2181 quid
689 2095 815 2158 felicius
848 2118 945 2180 quam
977 2108 1009 2158 et
1038 2096 1071 2159 in
1102 2095 1163 2158 hoc
1195 2094 1326 2159 saeculo
1357 2094 1574 2159 desiderando
1606 2107 1639 2159 et
1667 2096 1700 2158 in
1724 2095 1778 2159 illo
1801 2094 1940 2159 fruendo

244 2229 267 2267 a
287 2202 396 2265 Deum
420 2201 559 2265 videre?
607 2201 696 2281 Quid
720 2225 737 2265 e
762 2201 892 2265 diverso
924 2201 1086 2265 infelicius
1117 2225 1214 2287 quam
1246 2224 1307 2265 nec
1338 2202 1371 2264 in
1396 2201 1456 2265 hoc
1481 2201 1611 2266 saeculo
1635 2200 1774 2266 feliciter
1797 2201 1939 2287 optando

285 2331 345 2372 nec
370 2310 403 2371 iu
429 2308 481 2372 illo
505 2308 633 2372 felicius
657 2308 794 2372 fruendo
818 2307 930 2372 ridere
962 2310 1080 2372 mereri
1103 2308 1238 2373 Deum?
1285 2308 1327 2371 Et
1352 2331 1425 2372 cum
1450 2308 1545 2372 huius
1569 2309 1757 2372 assertionis
1780 2307 1832 2372 rel
1856 2309 1941 2372 reri·

285 2416 361 2479 tatis
385 2416 418 2478 in
443 2416 595 2479 universo
619 2415 740 2478 mundo
765 2427 855 2479 tanta
879 2416 943 2479 sint
967 2415 1161 2494 testimonia,
1194 2436 1277 2501 quae
1309 2415 1342 2478 in
1373 2416 1538 2500 praesenti
1566 2428 1712 2501 tempore
1741 2413 1830 2478 nulla
1853 2413 1940 2478 evol·

286 2545 363 2585 vere
388 2521 577 2608 praevaleat
600 2521 710 2607 lingua
734 2521 906 2607 nullusque
931 2521 1113 2586 mortalium
1137 2522 1301 2607 praescire
1326 2520 1444 2600 valeat,
1469 2521 1599 2607 quando
1616 2521 1669 2585 rel
1685 2522 1940 2607 uniuscuiusque

285 2628 348 2706 rel,
373 2627 460 2714 quod
485 2630 588 2693 maius
612 2641 671 2710 est,
702 2629 800 2691 totius
830 2628 942 2693 mundi
967 2651 1103 2692 occasus
1127 2629 1327 2692 terminusve
1351 2628 1422 2691 lieri
1446 2626 1575 2708 debeat,
1607 2651 1727 2714 magna
1755 2651 1817 2700 me,
1848 2638 1883 2691 ut
1907 2629 1939 2691 in

241 2734 437 2801 nomnibus
461 2745 572 2798 uotum
597 2747 655 2814 est,
681 2747 774 2820 urget
798 2736 989 2812 necessitas,
1014 2745 1048 2798 ut
1072 2735 1115 2815 id,
1141 2734 1229 2821 quod
1253 2757 1294 2798 ex
1312 2732 1421 2798 debito
1446 2733 1583 2798 reddero
1601 2733 1717 2816 debeo,
1742 2735 1863 2799 diutius
1880 2734 1940 2798 dif-

286 2842 371 2906 ferre
395 2864 460 2905 non
484 2840 634 2922 audeam,
658 2864 699 2905 ne
723 2841 806 2905 forte
831 2853 919 2906 tanto
944 2841 1088 2904 caritatis
1112 2839 1223 2905 debito
1248 2840 1414 2905 subtracto
1438 2842 1471 2904 iu
1489 2853 1666 2927 conspeetu
1682 2842 1806 2905 aeterni
1823 2840 1941 2905 iudicis

286 2971 344 3034 pro
368 2947 461 3012 vobis
485 2947 635 3012 omuibus
659 2970 733 3011 rcus
758 2970 945 3034 appaream.

394 3054 615 3135 Quamobrem
640 3077 696 3118 oro
721 3054 773 3118 vel
797 3077 924 3134 moneo,
949 3066 984 3118 ut
1007 3056 1111 3140 prinro
1135 3076 1197 3136 me,
1222 3056 1339 3118 summi
1356 3054 1421 3117 llei
1446 3053 1604 3119 ecelesiae
1628 3054 1696 3134 filii,
1720 3054 1885 3119 hiiclrahel
1909 3067 1942 3119 ct

287 3161 478 3248 Theophile,
509 3161 641 3247 gloriosi
672 3185 751 3224 vero
783 3173 814 3224 et
845 3160 1025 3225 sublimiter
1054 3160 1170 3225 aDeo
1201 3160 1337 3224 exaltati
1367 3162 1579 3246 imperatores
1610 3161 1840 3244 Romanorum,
1877 3185 1943 3226 uua

241 3295 268 3334 ss
287 3292 360 3333 cunr
386 3270 537 3332 universo
562 3267 722 3332 catholico
746 3267 1013 3354 nobilissimoque
1037 3279 1154 3331 senatu
1178 3290 1216 3330 ac
1240 3266 1360 3352 populo
1377 3267 1471 3331 vobis
1495 3291 1515 3331 a
1530 3268 1603 3332 Dco
1628 3267 1670 3332 ad
1693 3267 1941 3353 gubernandum

287 3374 421 3454 credito,
446 3387 482 3438 ut
505 3397 554 3452 ca,
580 3397 662 3461 quae
687 3397 746 3460 pro
771 3374 873 3438 salute
898 3387 1006 3437 vestra
1031 3396 1072 3437 ex
1097 3375 1290 3437 auctoritate
1314 3372 1402 3437 beati
1426 3375 1527 3454 Petri,
1552 3376 1604 3439 cui
1629 3374 1778 3439 dominus
1802 3388 1834 3440 et
1850 3376 1942 3440 Deus

286 3493 396 3546 noster
419 3481 511 3546 Iesus
536 3481 685 3545 Christus
716 3481 826 3546 clares
857 3483 1059 3546 committere
1091 3481 1243 3565 dignatus
1275 3492 1324 3543 est
1354 3481 1447 3565 regni
1478 3481 1642 3546 caelorum
1673 3481 1802 3546 dicens:
1837 3483 1942 3561 Quod·
1961 3502 2121 3552 aaronem.

287 3615 417 3675 cumque
441 3591 593 3674 leporario
622 3614 717 3675 super
748 3604 861 3653 terrain
895 3590 1026 3672 liqotnnr
1050 3591 1110 3653 erit
1133 3603 1161 3651 et
1186 3591 1216 3652 in
1247 3589 1354 3668 coelis,
1385 3603 1413 3652 et
1442 3589 1656 3674 quodcumque
1686 3590 1818 3654 solveris
1848 3615 1943 3677 arrper

288 3711 402 3760 terrani
427 3697 558 3760 solatum
584 3699 646 3760 erit
660 3711 688 3760 et
705 3699 736 3760 in
754 3698 861 3774 coeles,
885 3694 1061 3759 admonere
1078 3706 1110 3758 et
1127 3693 1292 3757 exhortari
1310 3707 1341 3757 et
1357 3694 1523 3757 insinuare
1540 3696 1759 3760 necessarium
1776 3695 1941 3776 duximus,

244 3803 450 3887 inpatienter
479 3801 620 3865 audiatis
649 3803 858 3887 animumque
882 3800 955 3864 Deo
985 3800 1138 3886 placitum
1163 3812 1307 3864 restrum
1331 3823 1396 3863 non
1426 3800 1469 3864 ad
1497 3800 1781 3884 contemnendum,
1812 3801 1870 3866 sed
1900 3801 1943 3866 ad

289 3906 528 3973 oboediendum
564 3921 596 3972 et
632 3908 891 3972 conservandum
928 3929 1126 3994 praeparare
1158 3906 1326 3970 studeatis.
1380 3905 1459 3970 Ideo
1490 3919 1597 3972 autem
1630 3907 1672 3971 ad
1703 3907 1943 3973 oboediendum

289 4012 383 4079 nobis
407 4014 582 4090 hortamur,
608 4015 685 4100 quia
709 4015 827 4090 onmia,
852 4036 937 4100 quae
961 4012 1055 4076 robis
1080 4013 1120 4076 de
1145 4013 1205 4076 hac
1230 4034 1331 4076 causa
1354 4012 1473 4077 dicturi
1497 4036 1618 4094 sumus,
1642 4013 1746 4078 tribus
1770 4014 1831 4080 hoc
1855 4017 1943 4102 capi·

290 4121 365 4185 tulis
389 4119 613 4206 principaliter
637 4133 668 4184 et
693 4119 842 4184 ordinare
867 4132 900 4184 et
924 4121 1115 4184 confirmare
1141 4121 1247 4206 parati
1272 4143 1392 4198 sumus,
1417 4119 1450 4183 id
1471 4131 1520 4184 est
1535 4121 1670 4202 ratione,
1695 4124 1887 4186 auctoritate
1912 4135 1945 4187 et

291 4227 457 4306 consilio³,
482 4227 637 4292 videlicet
660 4228 818 4291 rationem
843 4226 985 4291 texendo
1010 4239 1041 4290 et
1066 4226 1204 4290 eandem
1230 4228 1388 4290 rationem
1413 4227 1445 4289 in
1469 4238 1625 4313 quantuni
1650 4228 1862 4310 rationabilis,
1881 4229 1944 4292 dis·

247 4346 390 4414 asarota,
415 4334 550 4398 honesta
574 4349 606 4398 et
623 4334 709 4398 utilis
726 4335 833 4414 fuerit,
858 4335 1051 4398 auctoritate
1068 4333 1238 4414 firmando,
1263 4332 1400 4397 candem
1419 4357 1496 4397 vero
1516 4336 1742 4400 auctoritatem
1766 4335 1943 4401 secundum

291 4441 471 4506 catholicae
496 4441 572 4505 fidei
597 4442 766 4504 veritatem
792 4452 823 4504 et
844 4439 1071 4504 rectitudinem
1089 4439 1262 4505 salubriter
1278 4439 1499 4526 intelligendo,
1525 4441 1567 4506 ad
1589 4441 1735 4506 ultimum
1754 4465 1841 4524 vero,
1866 4442 1945 4529 quid

291 4550 324 4612 in
348 4548 398 4612 his
423 4547 465 4611 ad
489 4547 625 4612 salutem
656 4546 849 4610 universalis
881 4547 1040 4611 ecclesiae
1071 4547 1247 4611 tenendum
1278 4547 1329 4628 sit,
1361 4546 1531 4611 consilium
1556 4548 1628 4612 Deo
1652 4547 1807 4634 placitum
1836 4549 1944 4613 dando

291 4669 323 4720 et
348 4655 433 4719 idem
458 4654 629 4718 eonsilium
654 4653 886 4718 confirmando.
933 4654 976 4717 Et
1000 4655 1159 4740 quamvis,
1191 4667 1227 4717 ut
1249 4653 1384 4738 dignum
1409 4666 1467 4732 est,
1500 4652 1610 4718 divina
1634 4655 1810 4740 praecellat
1833 4669 1943 4721 aucto·

291 4763 381 4838 ritas,
413 4763 517 4847 primo
549 4773 657 4824 tamen
688 4760 730 4824 ad
762 4759 958 4845 mitigandos
989 4773 1086 4846 atque
1118 4760 1160 4823 ad
1190 4760 1382 4824 adunandos
1412 4761 1538 4824 animos
1562 4761 1595 4823 in
1620 4760 1750 4825 diversa
1774 4762 1944 4827 tondentes

243 4894 273 4934 co
291 4868 516 4933 ratiocinando
541 4866 690 4931 omnibus
715 4868 905 4930 satisfacere
930 4867 1089 4941 volumus
1123 4878 1158 4930 ut
1186 4888 1226 4930 eo
1256 4865 1384 4930 facilius
1416 4880 1448 4930 et
1476 4866 1618 4930 diuinam
1644 4870 1870 4933 auctoritatem
1894 4893 1944 4932 se·

292 4975 434 5040 cundum
459 4997 573 5037 sauum
598 4972 778 5038 catholicae
803 4972 879 5037 fidei
904 4972 1103 5038 intellectum
1129 4972 1306 5037 concordes
1323 4974 1503 5059 suscipiant
1519 4997 1557 5038 ac
1574 4973 1693 5037 deindo
1711 4989 1835 5039 certum
1852 4975 1946 5040 nobis

292 5082 461 5147 consilium
487 5083 619 5145 suavius
644 5079 883 5166 amplectantur
906 5079 1159 5167 amplexumque
1185 5081 1216 5143 in
1241 5080 1348 5143 futuro
1374 5080 1567 5144 custodiant.

400 5249 415 5296 5
429 5242 584 5310 direximus]
594 5255 650 5311 pon
662 5255 751 5311 repitent
765 5247 887 5295 linearum
902 5246 1061 5295 interrallnm
1073 5255 1211 5311 sequnntur
1225 5245 1251 5294 in
1262 5242 1297 5293 P:
1308 5249 1363 5294 (lro
1377 5253 1466 5295 autem
1479 5254 1531 5300 etc..
1545 5246 1633 5311 quibem
1642 5247 1878 5311 praenrittnnturin
1890 5247 1947 5298 edd.

291 5337 364 5402 qimai
382 5338 484 5386 mata:
504 5334 627 5400 Epistola
647 5337 755 5384 nomine
769 5336 883 5384 Romani
904 5335 1039 5399 pontificis
1059 5335 1092 5384 ad
1107 5333 1267 5384 hliclmelem
1287 5343 1368 5398 atque
1381 5334 1564 5400 Theophilum
1581 5337 1759 5401 imperatores
1772 5336 1947 5386 Graecorum.

246 5434 274 5473 to
295 5429 327 5476 16
346 5419 452 5488 mereri]
467 5426 596 5474 meruerit
610 5423 639 5473 P.
696 5427 729 5474 20
746 5425 851 5474 deferre
866 5421 896 5473 P.
952 5425 986 5474 26
1005 5419 1042 5486 utl
1057 5424 1177 5488 repetitur
1192 5433 1220 5472 ut
1235 5423 1291 5473 inl.
1306 5429 1348 5473 23.
1404 5425 1437 5473 29
1458 5424 1602 5475 exhortare
1617 5423 1646 5473 Ρ.
1703 5424 1949 5491 3tlpraecelletl'.

404 5567 432 5646 l)
463 5571 494 5626 V.
519 5570 602 5641 infra
629 5569 654 5626 C
660 5569 741 5624 -Ε
762 5569 836 5626 inter
859 5579 924 5625 arta
949 5569 1028 5626 haine
1051 5568 1159 5642 synodi.
1276 5563 1306 5644 2)
1339 5568 1474 5624 Formam
1499 5569 1632 5644 epistolae
1654 5569 1690 5626 ab
1713 5570 1881 5628 Illudorrico
1910 5573 1953 5628 ad

296 5677 453 5754 Enqeaiuni
478 5676 645 5752 diripendoe
665 5671 705 5750 (p.
723 5681 785 5735 520
803 5678 822 5732 l.
841 5683 881 5736 32
897 5707 938 5714 ·-
950 5697 984 5752 p.
1002 5680 1064 5734 523
1083 5677 1101 5730 Ι.
1119 5671 1150 5748 5)
1167 5673 1292 5750 sequitur
1311 5669 1367 5748 (—
1382 5695 1415 5750 p.
1433 5680 1495 5734 532
1514 5678 1532 5731 l.
1551 5673 1600 5748 31)
1613 5677 1719 5747 sernia
1735 5678 1876 5752 epistolae,
1893 5699 1950 5753 qaia

289 5804 411 5860 papam,
426 5804 484 5840 cam
502 5785 544 5840 ad
556 5783 721 5839 oriciadae
738 5784 880 5851 scriberet,
894 5803 951 5838 uria
969 5803 1027 5838 curn
1045 5781 1134 5838 libello
1147 5780 1209 5836 hnic
1218 5781 1340 5851 formae
1355 5779 1459 5837 inserto
1475 5775 1516 5856 (p
1530 5786 1592 5841 525
1608 5784 1626 5838 Ι.
1641 5786 1682 5841 27
1693 5813 1729 5821 -
1740 5804 1773 5858 p.
1787 5787 1851 5842 526
1866 5786 1883 5840 l.
1898 5781 1949 5858 33)

294 5891 335 5946 ati
356 5891 485 5947 colebant
506 5891 665 5964 spirodales.
770 5885 800 5966 3)
827 5888 858 5944 Γ.
883 5889 967 5959 infre
993 5909 1026 5962 p.
1052 5891 1112 5946 523
1142 5889 1160 5942 Ι.
1187 5890 1280 5961 lsqq.
1307 5907 1340 5962 p.
1365 5890 1429 5945 523
1455 5889 1474 5943 Ι.
1500 5891 1538 5946 al
1554 5908 1616 5964 sqq.
1643 5909 1675 5964 p.
1701 5893 1763 5948 523
1790 5892 1808 5946 l.
1833 5893 1874 5949 43
1888 5911 1949 5966 sqq.

1683 6004 1734 6060 66*
