4884 6717
505 537 569 598 714
921 541 974 597 56.
1011 540 1231 598 CONCILIUM
1254 540 1583 606 AQUISGRANENSE
1608 541 1644 595 A.
1666 540 1740 596 836.

502 728 683 792 Benedieto
703 728 848 812 regulam
866 729 1072 808 unanimiter,
1097 740 1396 814 quantumcumque
1414 750 1509 813 posse
1527 737 1585 808 est,
1611 728 1768 813 cuiusque
1786 726 1960 812 relegionis
1977 725 2160 812 regularem

503 836 606 898 vitam
636 836 670 898 in
701 833 850 898 omnibus
882 846 1056 898 sectentur.
1104 834 1376 900 Sanetimoniales
1408 835 1548 920 denique
1580 834 1760 898 seeundum
1790 834 1834 914 id,
1866 833 1956 919 quod
1984 834 2162 897 earundem

503 964 601 1005 sexus
625 941 792 1026 fragilitati
817 943 977 1027 congruit,
1002 941 1159 1026 relegioni
1185 965 1258 1006 eum
1283 944 1371 1005 omni
1395 941 1566 1027 diligentia
1589 940 1779 1005 subdantur.

611 1054 713 1112 Haea¹
737 1076 796 1122 uos,
821 1058 923 1113 fideles
948 1067 977 1112 et
1001 1059 1174 1113 devotissimi
1198 1057 1296 1112 famuli
1321 1065 1350 1113 et
1374 1054 1522 1112 oratores²
1545 1058 1643 1123 vestri,
1667 1058 1746 1111 iuxta
1760 1058 1931 1128 parvitatem
1947 1075 2047 1111 sensus
2063 1058 2162 1124 nostri,

503 1171 588 1235 prout
611 1165 737 1218 brevitas
762 1166 896 1234 temporis
919 1165 1059 1235 permisit,
1084 1165 1239 1219 secundum
1255 1173 1382 1219 sanctam
1398 1165 1604 1219 ordinationem
1621 1173 1744 1218 vestram
1761 1164 1797 1217 dc
1818 1164 1872 1230 his,
1897 1181 1970 1234 quae
1988 1165 2023 1218 ad
2039 1170 2162 1218 nostram
2181 1175 2195 1214 s

504 1278 534 1326 et
558 1271 790 1325 consacerdotrun
815 1271 1061 1342 subiectorumque
1085 1277 1244 1326 nostromm
1268 1272 1470 1326 correctionem
1495 1279 1524 1326 et
1549 1272 1775 1326 emendationem
1796 1271 1941 1341 pertinere
1957 1272 2163 1341 perspeximus,

503 1397 594 1449 pauca
618 1379 654 1433 de
678 1377 774 1431 multis
798 1379 983 1431 sanctarum
1008 1369 1242 1454 scripturarum
1267 1387 1456 1449 excerpentes
1480 1367 1642 1454 exempla,
1667 1405 1710 1415 —
1734 1367 1811 1431 licet
1840 1367 1992 1453 perplura
2015 1366 2095 1430 inibi
2121 1367 2163 1430 ad

503 1474 586 1538 haee
618 1475 813 1560 pertinentia
844 1498 908 1537 non
940 1476 1139 1558 ignorentur,
1172 1497 1256 1559 quae
1288 1475 1313 1538 si
1347 1497 1405 1560 per
1436 1473 1564 1558 singula
1595 1474 1837 1554 adnotarentur,
1868 1496 1929 1537 nec
1961 1476 2058 1537 etiarn
2086 1475 2164 1537 anni

504 1580 702 1644 volutionem
734 1581 777 1644 ad
807 1581 868 1644 hoc
899 1604 994 1667 posse
1027 1581 1189 1644 eredimus
1220 1581 1370 1645 sufficere
1394 1620 1438 1628 —-
1462 1581 1612 1666 ideoque,
1643 1593 1679 1644 ut
1702 1580 1854 1660 diximus,
1886 1602 1993 1665 pauca
2019 1590 2162 1644 succincte

504 1698 730 1773 ordinatiusque,
755 1699 790 1751 ut
813 1687 953 1768 videtur,
978 1698 1183 1751 adnotavimus.
2183 1708 2209 1746 ro

614 1812 696 1898 (40).
724 1813 804 1898 Cap.
831 1812 923 1875 XVI.
971 1811 1143 1876 Communi
1180 1834 1343 1875 consensu
1378 1811 1511 1896 insuper
1546 1812 1742 1892 censuimus,
1777 1810 1974 1896 ubicumque
2007 1810 2162 1896 possibile

504 1919 612 1996 fuerit,
636 1919 812 2004 unicuique
838 1919 997 1982 ecclesiae
1022 1941 1099 1981 suus
1122 1917 1355 2003 praevideatur
1378 1916 1420 1980 ab
1445 1919 1608 2002 episcopis
1631 1915 1801 2003 presbiter,
1826 1927 1862 1980 ut
1885 1928 1941 1980 aut
1964 1940 2023 2002 per
2039 1940 2073 1981 sc
2091 1940 2163 1981 earn

504 2036 616 2089 tenere
640 2026 743 2110 possit
766 2036 821 2088 aut
846 2027 942 2088 ctiam
975 2026 1074 2110 priori
1099 2022 1281 2109 presbitero
1305 2022 1497 2109 subiugatus
1527 2025 1742 2087 ministerium
1773 2023 1974 2087 sacerdotale
2005 2025 2162 2109 perficere

505 2133 617 2218 possit,
643 2132 720 2216 quia
743 2132 775 2194 in
801 2131 909 2194 multis
933 2131 1012 2194 loeis
1037 2130 1183 2216 pericula
1206 2129 1460 2215 presbiterorum
1484 2131 1675 2194 inminentia
1690 2132 1927 2216 perspeximus,
1951 2129 2105 2194 videlicet
2128 2132 2162 2194 in

505 2238 622 2301 officiis
647 2238 776 2319 divinis,
809 2260 1005 2323 quamquam
1029 2239 1201 2300 missarum
1227 2236 1463 2302 celebrationes
1486 2260 1546 2322 per
1569 2260 1681 2300 omncs
1705 2238 1861 2300 ecclesias
1886 2235 1948 2300 sibi
1972 2239 2162 2301 commissas
2181 2259 2206 2297 rs

504 2367 602 2430 agere
628 2355 769 2430 possent,
802 2358 910 2407 cetera
942 2344 1059 2420 officia,
1092 2367 1175 2429 quae
1207 2344 1248 2407 ad
1280 2343 1426 2407 divinum
1450 2343 1571 2408 cultum
1600 2345 1773 2430 pertinent,
1805 2355 1936 2429 propter
1966 2343 2161 2429 inpossibili-

503 2460 604 2514 tatem
629 2464 661 2513 et
685 2450 921 2514 multitudinem
952 2450 1163 2513 eeclesiarum
1195 2449 1435 2536 quodammodo
1466 2449 1618 2535 neglectu
1641 2449 1763 2535 elapsa,
1795 2450 1943 2513 similiter
1971 2463 2003 2514 et
2033 2452 2161 2536 praevi-

504 2557 634 2620 dentiae
660 2559 692 2620 in
717 2556 912 2642 baptismate
937 2557 1137 2619 infirmorum
1162 2568 1194 2619 et
1217 2558 1250 2619 in
1276 2556 1479 2620 confessione
1505 2558 1730 2642 quaerentium
1753 2567 1851 2642 atquc
1876 2558 1908 2618 in
1934 2558 2160 2620 cornmunione

504 2664 756 2750 periclitantium
780 2662 956 2749 perplura
980 2665 1186 2726 remansisse.
1233 2662 1379 2749 Ideoque
1404 2665 1644 2748 congruentiae,
1675 2673 1832 2748 utsupra
1857 2662 2062 2744 dictumest,
2095 2687 2161 2727 om·

504 2769 600 2833 nibus
625 2770 764 2850 videtur,
790 2772 909 2856 cuique
934 2793 1113 2855 congruere
1138 2769 1297 2833 eeclesiae
1321 2772 1487 2856 proprium
1512 2768 1632 2833 habere
1656 2768 1871 2855 presbiterum
1882 2774 1903 2832 ³.
2180 2793 2206 2832 ao

611 2878 673 2940 His
696 2878 807 2963 itaque
825 2878 871 2939 sic
893 2899 928 2940 se
945 2876 1150 2957 habentibuS,
1175 2899 1272 2956 nunc,
1298 2878 1375 2963 quia
1391 2878 1611 2940 communium
1628 2875 1765 2940 salutem
1782 2876 2046 2962 perspiciendam
2062 2888 2160 2963 atque

504 2984 776 3048 considerandam
801 2984 935 3069 dignum
967 2984 1129 3064 duximrm,
1161 2984 1302 3068 petimus
1333 2984 1466 3069 insuper
1496 2985 1570 3064 iam,
1604 2984 1680 3068 quia
1710 2981 1802 3047 labor
1833 2983 1874 3046 ad
1899 3005 1947 3064 ea,
1979 3007 2063 3069 quae
2088 3007 2160 3070 pro·

503 3093 610 3177 posita
633 3102 708 3155 sunt
731 3090 937 3177 inquirenda,
962 3090 1091 3153 additus
1116 3101 1174 3170 est,
1206 3102 1242 3154 ut
1271 3113 1336 3153 non
1360 3092 1393 3153 in
1418 3090 1540 3153 tedium
1564 3089 1689 3154 auditui
1714 3099 1867 3170 vertatur,
1900 3090 1957 3154 sed
1988 3093 2094 3176 potius
2119 3090 2161 3154 ad

503 3198 702 3261 audiendum
728 3220 823 3261 aures
848 3196 1144 3277 accommodentur,
1170 3196 1310 3282 supplici
1335 3196 1507 3260 devotione
1531 3218 1694 3281 rogamus.

504 3392 670 3479 (Caput
699 3393 759 3456 III.
796 3392 847 3456 de
878 3415 1084 3478 persona
1114 3393 1246 3477 regis
1276 3391 1594 3476 filiorumque
1625 3392 1727 3455 eius
1752 3404 1795 3454 et
1825 3393 2205 3472 ministrorumle

611 3518 757 3581 Tertium
793 3539 922 3602 quoque
958 3516 1133 3602 capitulum
1170 3515 1297 3579 duobus
1332 3514 1554 3601 superioribus
1591 3516 1740 3602 capitulis
1781 3539 1822 3579 ex
1857 3527 1949 3602 parte
1985 3519 2160 3581 convenire

503 3624 642 3703 videtur,
667 3625 700 3686 in
724 3626 792 3687 vita
816 3624 941 3686 seilicet
972 3634 1070 3708 atque
1102 3623 1251 3686 doctrina
1281 3622 1505 3704 sacerdotum,
1538 3624 1571 3685 in
1603 3621 1798 3708 quibusdam
1827 3646 1906 3686 vero
1937 3625 2059 3709 pariter
2086 3647 2159 3688 cum

504 3729 728 3794 sacerdotibus
752 3731 917 3816 principes
942 3743 974 3793 et
998 3753 1126 3793 ornnem
1152 3730 1306 3815 populum
1332 3728 1550 3793 Christianum
1582 3741 1716 3815 tangere
1740 3754 1805 3794 non
1836 3730 2011 3813 dubitatur,
2043 3731 2100 3795 sed
2128 3743 2161 3794 et

503 3838 537 3899 in
559 3850 697 3922 utroque
722 3837 834 3900 ordine
859 3839 977 3923 partim
1002 3836 1174 3900 defecisse.
1218 3835 1257 3899 In
1282 3835 1505 3900 sacerdotibus
1530 3838 1616 3899 enirn
1641 3836 1770 3916 defecit,
1795 3839 1986 3902 auctoritate
2010 3837 2160 3901 sacerdo-

504 3941 578 4006 talis
602 3944 770 4006 ministerii
796 3942 936 4022 labente,
961 3954 1117 4028 quantum
1142 3945 1176 4006 in
1200 3946 1344 4030 ipsorum
1369 3942 1475 4007 studio
1498 3942 1622 4029 aliquid
1638 3944 1745 4006 minus
1762 3943 1822 4006 fuit
1839 3967 1936 4029 quant
1953 3945 2159 4027 conveniret,
2179 3966 2206 4004 so

503 4050 537 4112 in
562 4048 774 4134 principibus,
799 4048 924 4113 scilieet
954 4051 986 4113 in
1018 4048 1091 4130 illis,
1124 4073 1205 4135 quos
1229 4074 1287 4114 vos
1319 4049 1472 4114 benivola
1501 4051 1679 4114 intentione
1703 4051 1846 4114 enutrire
1871 4050 2038 4115 studuistis
2062 4063 2160 4137 atque

506 4154 716 4236 sublimastis,
739 4179 805 4219 non
829 4167 1041 4241 permanente
1065 4155 1250 4236 dilectione,
1275 4155 1332 4219 sed
1356 4156 1566 4220 habundante
1590 4157 1762 4242 iniquitate
1783 4168 1815 4221 et
1831 4157 2064 4242 refrigescente
2081 4158 2160 4221 mul·

504 4275 608 4326 terum
634 4264 780 4326 caritate.
828 4262 894 4326 Sed
919 4286 1015 4342 nilne,
1041 4263 1118 4348 quia
1142 4269 1199 4326 de⁴
1223 4271 1285 4346 his,
1302 4289 1377 4342 quae
1401 4273 1555 4343 praemissa
1577 4279 1653 4338 sunt,
1678 4281 1774 4327 vestro
1797 4275 1994 4329 ardentissimo
2019 4275 2161 4329 desiderio

507 4380 584 4451 prius
608 4378 773 4434 satisfacere
798 4369 990 4446 studuimus
1021 4379 1091 4444 illud
1115 4387 1222 4446 tamen,
1247 4380 1323 4449 quod
1347 4379 1383 4433 ad
1406 4386 1530 4434 vestram
1553 4379 1716 4450 specialiter
1739 4398 1888 4451 personam
1919 4381 2160 4450 ministeriumque

505 4487 650 4557 pertinere
674 4487 923 4557 cognoscimus,
955 4485 1118 4539 nullatenus
1142 4485 1276 4540 oblivioni
1300 4486 1476 4552 tradidimus,
1505 4486 1555 4540 sed
1579 4487 1673 4556 potius
1703 4493 1817 4542 vestrae
1849 4487 1933 4542 saluti
1955 4487 2161 4558 prospicientes
2180 4496 2207 4535 ³⁵

504 4594 639 4648 nonnulla
657 4593 781 4664 capitula
796 4594 960 4647 necessaria
975 4591 1100 4647 fideliter
1116 4592 1282 4663 collegimus
1299 4601 1329 4647 et
1346 4593 1425 4646 vobis
1441 4592 1619 4646 familiariter
1635 4594 1838 4648 ammonitionis
1862 4595 1954 4665 gratia
1977 4583 2160 4670 devoteque

504 4700 676 4771 porrigenda
699 4701 871 4767 dormimus,
903 4689 1050 4753 similiter
1079 4689 1241 4776 quaedam
1266 4689 1307 4752 ad
1332 4688 1415 4752 lilios
1438 4700 1563 4752 vestros
1587 4690 1793 4774 pertinentia,
1826 4690 1986 4776 quaedam
2015 4713 2094 4754 vero
2119 4691 2161 4754 ad

505 4796 741 4861 commilitones
766 4807 890 4860 vestros
915 4819 979 4860 non
1005 4798 1109 4860 minus
1134 4797 1339 4882 pertinentia.
1387 4795 1457 4859 Nec
1488 4795 1740 4881 pretereundum
1771 4795 1905 4881 dignum
1933 4795 2160 4879 iudicavimus,

504 4909 558 4967 ut⁴
582 4921 682 4984 aperte
707 4921 793 4983 atque
818 4914 951 4966 distinete
981 4913 1168 4983 inspiciendo,
1198 4912 1323 4984 legendo
1354 4918 1384 4966 et
1413 4912 1555 4966 audiendo
1585 4919 1681 4966 restra
1711 4929 1883 4983 cognoscere
1915 4912 2004 4983 possit
2034 4913 2162 4968 sollertia

504 5011 710 5096 filiorumque
734 5021 914 5074 vestrorum
940 5033 978 5073 ao
1004 5022 1185 5074 ceterorum
1217 5011 1361 5074 omnium
1390 5008 1559 5090 industria,
1590 5014 1649 5073 del
1679 5019 1783 5089 quibus
1814 5027 1844 5074 et
1873 5037 1924 5090 pro
1955 5021 2057 5092 quibus
2085 5033 2160 5075 con·
2179 5029 2208 5067 ιο

615 5211 683 5272 (39).
702 5211 759 5260 XV.
789 5214 804 5261 2
824 5206 953 5277 denique]
972 5211 1009 5260 ita
1027 5210 1092 5270 edd,
1119 5227 1234 5275 namque
1256 5211 1288 5259 G.

615 5300 683 5360 (40).
702 5301 775 5349 XVI.
804 5303 835 5350 21
857 5301 896 5350 sic
915 5300 982 5349 deest
1002 5300 1033 5349 G.
1107 5301 1140 5349 22
1160 5300 1318 5364 praeposita
1338 5298 1370 5348 G.
1443 5303 1476 5350 23
1496 5301 1586 5350 aditus
1607 5299 1638 5349 G.
1716 5303 1750 5351 24
1770 5302 1992 5352 accommodentur
2012 5301 2044 5352 G.

613 5393 646 5440 25
667 5384 1014 5455 Caput-ministrorum]
1034 5389 1071 5438 ita
1088 5388 1153 5448 eda,
1172 5389 1263 5438 desum
1283 5388 1315 5438 G.
1395 5390 1428 5437 26
1447 5391 1589 5439 conveniri
1609 5389 1641 5440 G.
1722 5390 1941 5440 tectissimum
1961 5390 1994 5439 G.
2067 5393 2101 5442 39
2120 5393 2160 5441 in·

505 5480 655 5545 spaciendo
676 5481 708 5528 G.

616 5633 645 5718 1)
670 5642 759 5698 Verba
782 5644 949 5718 deproarpta
971 5650 1037 5698 suat
1059 5661 1095 5697 ea
1117 5641 1255 5698 relatione
1278 5640 1469 5717 episcoporum
1494 5661 1518 5697 c.
1536 5646 1577 5700 55
1596 5637 1629 5715 (l.
1646 5644 1664 5698 l.
1682 5643 1721 5712 II,
1738 5639 1802 5718 467,
1827 5663 1901 5720 quac
1923 5643 2021 5700 aitimr
2044 5643 2073 5700 ia
2097 5663 2161 5700 coa·
2179 5663 2207 5703 a

506 5748 563 5805 citii
578 5747 749 5804 Parisiarsis
764 5752 827 5807 829
846 5749 1036 5824 praefatione
1051 5747 1116 5804 libri
1131 5747 1195 5816 III;
1219 5767 1310 5823 supra
1328 5769 1361 5823 p.
1380 5751 1443 5807 668
1464 5749 1483 5804 l.
1501 5752 1537 5807 11
1549 5769 1611 5824 sqq.
1693 5739 1724 5824 2)
1746 5749 1778 5805 V.
1803 5771 1894 5825 supra
1911 5771 1945 5826 p.
1963 5754 2025 5809 473
2046 5771 2115 5807 aaa·
2134 5754 2160 5809 1.

508 5852 539 5926 3)
571 5853 620 5925 Cf.
651 5874 740 5929 sapra
766 5875 799 5929 p.
826 5859 944 5929 oxasq.
976 5875 999 5910 c.
1024 5858 1073 5913 49.
1182 5853 1213 5926 4)
1246 5854 1296 5911 Ex
1320 5854 1456 5912 relatione
1480 5855 1671 5930 cpiscoporum
1702 5875 1725 5912 c.
1751 5860 1792 5915 55
1822 5851 1854 5930 (l.
1879 5859 1897 5914 l.
1929 5857 1969 5926 II,
1994 5854 2058 5934 46),
2089 5875 2163 5933 qttae

505 5959 634 6017 adhibuit
654 5960 765 6016 concilii
786 5961 959 6017 Parisicasis
982 5966 1044 6020 829
1067 5960 1133 6016 tiore·
1155 5960 1208 6016 III
1220 5961 1454 6036 praefationem
1481 5981 1572 6036 supra
1593 5981 1628 6036 p.
1650 5967 1712 6021 668
1739 5964 1757 6018 l.
1780 5966 1820 6022 17
1828 5984 1888 6038 sqq.
