4884 6717
555 500 619 564 836
645 508 858 565 APPENDIX.
883 508 914 564 8.
931 508 1038 565 ACTA
1053 509 1198 567 SPURIA
1213 512 1268 566 ΑΙ)
1286 511 1505 569 CONCILIUM
1522 509 1804 567 cafflslacaasa
1821 509 2067 567 SPEC'I'AN'I'IA
2082 511 2120 565 A.
2135 509 2209 566 838.

556 697 638 760 bibra
668 696 743 760 ‘Die
765 695 959 785 Entstebnnp
983 697 1040 761 der
1055 698 1395 784 pseudoisidoriecben
1420 698 1641 786 Ftibecbanpen
1665 701 1699 763 in
1721 698 1769 762 Le
1791 697 1902 762 Marad
1931 697 2080 784 (Lipsiae
2103 703 2209 782 1888)

555 816 584 866 et
604 801 813 867 Mantuano
841 801 952 890 (Bepp.
981 805 1110 890 imperii
1139 804 1229 872 ed?
1251 805 1277 868 Ι
1298 831 1329 871 a.
1355 814 1432 872 976.
1451 807 1535 888 980)
1567 819 1776 891 eaposuerant
1803 818 1939 891 repetere
1969 828 2032 868 non
2061 818 2208 891 oporteat.

554 909 712 973 Dubitari
738 908 866 994 quidem
897 909 936 974 de
959 914 1078 996 paneis
1108 913 1189 991 iicet,
1220 914 1302 976 sicat
1325 915 1475 977 narraub
1507 911 1545 976 de
1575 911 1712 976 Aldrico
1743 924 1893 976 tractante
1923 935 1993 975 enne
2020 909 2210 998 Sipimundo

553 1016 662 1079 abbate
678 1018 866 1081 monasterii
873 1015 1075 1082 Antoniana
1089 1042 1114 1082 s.
1132 1018 1311 1104 Korilepbi
1325 1018 1433 1102 (bodie
1448 1019 1504 1083 ‘St
1526 1017 1648 1098 Calatis,
1665 1018 1734 1104 dep.
1753 1016 1902 1103 Sartbe’),
1919 1017 2073 1103 quamodo
2090 1032 2209 1082 conuo-

554 1125 658 1187 versia
688 1122 843 1209 sapienda
872 1125 924 1203 sit,
955 1147 1017 1187 nan
1039 1148 1178 1209 pransae
1201 1127 1327 1212 ficticia
1357 1125 1482 1190 uidetur
1511 1148 1609 1210 neque
1638 1127 1768 1189 nomina
1799 1148 1916 1205 aarum,
1947 1126 2006 1210 qni
2034 1125 2067 1188 in
2090 1123 2242 1210 Aperi-s

550 1232 705 1315 praetensi
721 1230 848 1315 palatio
871 1244 900 1294 et
922 1231 955 1294 in
979 1229 1098 1316 synodo
1119 1228 1339 1296 Cannabiaca·
1358 1233 1490 1318 affuisse
1513 1231 1672 1310 dicuntur,
1696 1232 1730 1295 in
1747 1229 1878 1294 dubium
1894 1244 2051 1316 tantopere
2068 1231 2210 1295 camarda

556 1338 727 1401 aeriobne'le
750 1350 803 1416 eet,
828 1350 1018 1423 quantopere
1041 1336 1079 1401 id
1100 1362 1120 1400 a
1144 1335 1272 1402 Simeon
1296 1336 1331 1419 (l.
1358 1339 1377 1401 l.
1398 1363 1434 1424 p.
1452 1343 1516 1405 121
1528 1339 1589 1423 eq.)
1607 1337 1737 1424 factam
1760 1350 1812 1402 eat.

660 1441 701 1507 In
724 1458 807 1508 tenta
823 1444 976 1530 parando
999 1447 1203 1530 repetivimus
1227 1444 1393 1509 editionem
1410 1458 1565 1531 pectorum
1583 1444 1695 1508 domni
1706 1442 1842 1508 Aldriei
1859 1442 2107 1508 Cenoma-aniene
2125 1444 2212 1508 urbia

554 1552 705 1637 episcopi,
730 1552 854 1636 qualem
870 1576 918 1614 co.
937 1550 991 1615 dd.
1008 1550 1049 1614 R.
1071 1549 1204 1615 Chartae
1227 1565 1256 1614 et
1269 1550 1308 1614 L.
1328 1550 1450 1638 Froper
1468 1550 1650 1632 (‘Marnere⁷
1667 1551 1770 1634 1889)
1795 1552 2005 1629 instituerant,
2029 1548 2212 1614 adhibenter

554 1656 692 1721 codicem
720 1656 983 1721 Oenomanaicum
1008 1664 1052 1724 99
1081 1681 1160 1721 saec.
1178 1656 1240 1720 XI.
1268 1656 1324 1740 (=
1342 1659 1382 1726 c).
1430 1657 1501 1722 Hac
1532 1659 1566 1720 in
1598 1657 1679 1721 libro
1710 1670 1812 1721 annm
1835 1656 1906 1737 illa,
1937 1680 2017 1742 qnae
2040 1656 2132 1720 mado
2154 1657 2211 1720 snb
2231 1678 2259 1717 ro

555 1763 726 1843 bitteriaA,
756 1763 789 1826 B
812 1777 841 1828 et
866 1762 894 1827 C
913 1764 1132 1850 proferemus,
1156 1766 1359 1828 inveniantur
1384 1789 1421 1850 p.
1446 1771 1638 1830 130-148
1654 1762 1710 1846 (=
1727 1763 1785 1848 A),
1810 1787 1847 1849 p.
1867 1769 2052 1830 rao-155
2076 1763 2136 1845 (=
2152 1763 2210 1846 B),

547 1894 585 1955 p.
603 1877 782 1937 155-158
806 1869 862 1953 (=
883 1869 933 1954 O),
958 1894 1038 1955 qaae
1061 1894 1130 1933 curn
1155 1872 1313 1956 capitibus
1335 1878 1392 1950 47,
1416 1878 1459 1937 50
1482 1884 1511 1934 et
1533 1878 1574 1937 51
1599 1872 1633 1934 in
1657 1869 1793 1934 editione
1816 1869 1999 1934 Baltaeiana
2021 1893 2119 1954 stupra
2146 1871 2209 1933 iam

556 1976 688 2040 laudm
712 1976 918 2057 concordant,
941 1976 980 2040 de
1003 1978 1138 2062 reliquis
1161 1976 1353 2042 editionibus
1376 1978 1421 2063 cf.
1446 1975 1596 2057 Pottbaet,
1621 1976 1836 2065 ‘Wepeeeeser’
1860 1975 1908 2040 ed.
1925 1980 1958 2042 2.
1983 1973 2100 2055 I,510.

702 2296 747 2368 A.
787 2292 1016 2370 ALDRICI
1036 2291 1281 2370 EPISCOPI
1304 2292 1686 2370 CENOMANNICI
1707 2292 2064 2370 MEMORIALE1.

662 2440 710 2535 In
732 2470 863 2534 nomine
887 2467 1009 2533 domini
1033 2468 1135 2532 nostri
1158 2467 1257 2532 Ihesu
1281 2466 1412 2532 Christi.
1460 2467 1675 2555 Temporibus
1699 2467 1885 2533 Hludowici
1907 2468 2046 2554 piissimi
2068 2467 2256 2554 Angustia

554 2576 666 2642 subter
681 2578 826 2640 inserta2
850 2576 994 2638 causatio
1011 2573 1064 2638 vel
1081 2573 1279 2639 evindicatio
1301 2573 1363 2639 fuit
1386 2575 1426 2639 de
1451 2576 1645 2640 monasterio
1661 2574 1816 2639 Anisolae
1840 2575 1926 2638 inter
1947 2573 2117 2639 Aldricum
2141 2576 2207 2662 epi·

554 2706 689 2771 scopum
720 2693 752 2747 et
780 2680 1009 2767 Sigimundum
1040 2679 1202 2763 abbatem,
1240 2682 1295 2767 qui
1330 2679 1411 2745 illud
1443 2693 1519 2746 tunc
1549 2680 1693 2746 tenebat.
1740 2681 1824 2745 Nam
1858 2679 2025 2768 praefatus
2054 2680 2209 2746 Aldn‘cus

555 2788 687 2855 dicebat
717 2798 750 2853 et
780 2789 910 2875 scriptis
940 2809 979 2851 ac
1010 2784 1148 2851 testibus
1179 2785 1394 2874 approbabat,
1425 2788 1512 2875 quod
1540 2787 1581 2852 de
1604 2789 1674 2854 iure
1698 2810 1776 2852 suae
1800 2787 1888 2852 sedis
1911 2787 2092 2852 aecclesiae
2114 2811 2207 2875 prae·

553 2896 656 2961 fatum
678 2895 911 2960 monasterium
936 2916 1010 2958 cum
1033 2892 1183 2959 omnibus
1207 2892 1308 2957 adse
1331 2892 1568 2981 pertinentibus
1592 2917 1664 2959 esse
1681 2893 1833 2977 debebat,
1858 2904 1891 2959 et
1913 2896 1961 2958 sui
1986 2906 2208 2959 antecessores

554 3001 636 3067 illud
666 3024 709 3066 ex
738 2998 837 3065 rebus
868 2999 1153 3065 annomannioae
1183 3001 1296 3064 matris
1320 2999 1524 3065 aecclesiae³
1553 3023 1673 3087 magna
1703 3010 1861 3088 exparte
1890 3000 2075 3083 fundarant,
2108 3012 2140 3066 et
2166 3002 2207 3066 ad
2227 3024 2257 3064 so

555 3111 660 3197 ipsam
682 3119 820 3172 matrem
843 3106 1037 3171 aecclesiam
1061 3103 1244 3171 subiectum
1267 3129 1339 3172 esse
1363 3105 1516 3187 debebat,
1541 3117 1573 3172 et
1596 3107 1657 3172 hoo
1680 3106 1808 3194 legibus
1832 3106 2026 3172 affirmabat.
2064 3107 2209 3172 Eoontra

555 3213 767 3302 Sigimundus
795 3213 936 3295 dicebat,
968 3213 1055 3300 quod
1078 3215 1244 3299 proprium
1269 3212 1380 3278 domni
1403 3214 1608 3301 imperatoris
1632 3236 1704 3278 esse
1720 3207 1871 3278 'debebat
1901 3225 1934 3278 et
1961 3236 2027 3278 non
2051 3212 2091 3277 de
2115 3237 2208 3301 prac-

555 3321 643 3387 dicta
672 3321 849 3404 aecclesia,
882 3318 940 3385 sed
970 3319 1091 3384 nullam
1114 3342 1228 3384 veram
1259 3321 1482 3385 auctoritatem
1514 3320 1633 3385 exinde
1658 3319 1851 3385 ostendebat
1876 3322 1939 3384 nisi
1962 3331 2087 3385 tantum
2111 3344 2209 3385 unam

556 3428 737 3517 epistolam,
774 3450 872 3515 quam
902 3428 1038 3514 Pipinus
1073 3436 1207 3513 propter
1238 3426 1348 3491 odium
1372 3425 1565 3492 Gauzioleni
1596 3428 1764 3514 episeopi⁴
1794 3426 1924 3492 cuidam
1955 3450 2013 3492 suo
2047 3427 2207 3492 monacho

554 3536 687 3619 fecerat,
704 3546 740 3600 ut
755 3534 817 3599 sibi
835 3531 1000 3598 subiectus
1017 3544 1104 3598 esset
1120 3543 1152 3597 et
1167 3555 1232 3597 non
1249 3532 1465 3616 Gauziolen03
1483 3545 1515 3598 et
1530 3533 1591 3599 hoc
1607 3543 1740 3621 propter
1755 3533 1864 3599 odium
1878 3532 2071 3598 Gaurioleni
2087 3534 2207 3599 factum
2226 3557 2257 3597 as

555 3665 627 3707 esse
650 3651 889 3729 perscrutatum
912 3651 971 3722 est,
996 3640 1082 3725 quia,
1107 3638 1238 3726 quando
1261 3638 1324 3704 fuit
1338 3640 1475 3727 Pipinus
1492 3639 1737 3705 Oenomannica
1759 3642 1792 3704 in
1817 3641 1923 3726 patria
1946 3639 2042 3705 etde
2068 3639 2207 3727 quadam

554 3749 782 3837 persecutione
812 3748 1018 3811 inimicorum
1046 3768 1177 3811 suorum
1207 3768 1359 3811 reversus
1388 3768 1448 3833 per
1471 3745 1748 3811 Cenomannicam
1772 3747 1912 3832 patriam
1936 3745 2107 3827 transibat,
2130 3759 2207 3812 tunc

556 3878 631 3921 eum
652 3854 819 3943 praefatus
837 3852 1057 3918 Gauziolenus
1081 3863 1114 3917 et
1137 3875 1213 3917 suus
1238 3853 1340 3917 frater
1355 3852 1512 3916 Harivius
1534 3875 1600 3917 non
1623 3866 1827 3940 receperunt,
1852 3851 1911 3918 sed
1925 3853 2011 3917 infra
2027 3851 2207 3918 Cenoman-

555 3963 662 4027 nioam
686 3960 801 4026 urbem
824 3982 897 4025 cum
914 3957 1074 4044 omnibus,
1099 3981 1179 4045 quos
1195 3982 1307 4024 secum
1324 3958 1506 4024 conducere
1522 3969 1706 4046 potuerunt,
1730 3982 1765 4025 se
1782 3959 1984 4024 recluserunt
2006 3970 2039 4024 et
2054 3959 2207 4025 domnum

555 4070 709 4157 Pipinum
742 4089 855 4153 regem
886 4065 963 4131 illuc
997 4066 1131 4130 introire
1165 4087 1231 4130 non
1260 4067 1487 4152 permiserunt,
1519 4064 1577 4129 sed
1608 4064 1784 4152 dampnum
1815 4067 1846 4130 ei
1868 4065 1909 4130 de
1933 4067 2000 4130 suis
2023 4065 2207 4132 hominibus
2228 4090 2257 4129 so

556 4176 665 4241 facere
699 4172 885 4239 nitebantur
919 4183 952 4238 et
986 4196 1080 4237 suum
1114 4173 1306 4258 pincernam
1336 4194 1445 4237 coram
1477 4195 1515 4237 co
1546 4182 1696 4255 stantem,
1727 4172 1804 4237 dum
1835 4195 1894 4237 sua
1918 4184 2025 4238 castra
2055 4175 2089 4237 in
2111 4175 2208 4238 vinea

555 4284 660 4347 sancti
682 4282 772 4346 Petri
795 4281 888 4345 iuxta
910 4278 1023 4344 urbem
1048 4278 1326 4344 Cenomannicam
1355 4280 1462 4366 posita
1492 4289 1595 4362 erant,
1625 4279 1859 4345 interfecerunt
1889 4290 1922 4344 et
1951 4280 2031 4345 alios
2060 4280 2208 4345 homines

555 4389 818 4454 vulneraverunt.
864 4385 991 4451 Videns
1014 4396 1123 4451 autem
1147 4384 1285 4451 domnus
1308 4386 1456 4473 Pipinus,
1481 4385 1636 4474 quodibi
1660 4386 1819 4473 proficere
1843 4409 1908 4450 non
1931 4388 2045 4473 potuit,
2076 4398 2208 4452 vastans

555 4509 655 4562 totam
678 4494 767 4560 illam
790 4495 958 4580 regionem
981 4515 1117 4580 pergere
1142 4493 1230 4579 cepit
1252 4491 1294 4556 ad
1317 4491 1502 4558 Franciam.
1549 4491 1643 4557 Tunc
1666 4494 1700 4556 in
1723 4493 1794 4578 ipso
1818 4494 1935 4557 itinere
1951 4494 2042 4558 venit
2057 4493 2100 4558 sd
2115 4516 2207 4580 prae·

555 4605 678 4669 dictum
693 4601 926 4667 monasterium
940 4598 1109 4664 Anisoiam
1125 4610 1158 4664 et
1172 4599 1322 4686 pracepit
1343 4597 1406 4663 illis
1429 4598 1608 4682 monachis,
1633 4609 1668 4663 ut
1689 4598 1811 4663 nullam
1828 4598 2046 4664 obedientiam
2062 4599 2208 4665 facerent
2227 4621 2256 4662 ss

662 4838 780 4890 Lamum
808 4838 909 4903 Incipit
934 4834 1031 4886 rotatio
1056 4834 1100 4885 vei
1119 4835 1288 4886 evindicatio
1312 4837 1372 4886 sire
1398 4832 1565 4896 memoriale,
1594 4833 1711 4902 qualiter
1735 4837 1928 4886 monasterium
1948 4835 2079 4887 Anisoiae
2104 4837 2139 4887 ad
2165 4838 2207 4887 ius

556 4928 775 4979 Cenomannicae
795 4926 889 4977 matris
908 4921 1060 4975 aecclesiae
1079 4931 1143 4974 ante
1163 4925 1292 4974 domnum
1311 4923 1503 4976 Hludowicum
1522 4925 1713 4990 imperatorem
1736 4925 1770 4975 ab
1790 4923 1902 4975 Aldrico
1922 4926 2053 4992 episcopo
2072 4928 2206 4977 canonice

556 5025 584 5068 et
603 5015 711 5081 iegibus
731 5014 915 5067 evindicatum
934 5013 994 5063 init.

662 5125 694 5174 ‘et
715 5122 866 5174 transiebat
883 5139 904 5172 c.
979 5123 1010 5171 31
1032 5136 1108 5171 suam
1127 5137 1148 5171 e.

666 5339 694 5411 1)
726 5338 815 5399 aaa
845 5338 940 5396 domm
961 5337 1073 5395 Aldrici
1095 5337 1158 5395 edd.
1185 5335 1304 5396 Cbarlea
1335 5346 1361 5395 et
1384 5337 1498 5414 Fraper
1523 5339 1758 5413 μ130-148
1781 5329 1838 5412 (=
1855 5357 1877 5393 c.
1893 5336 2099 5416 vueod-fia.
2130 5339 2212 5414 apud
2226 5351 2255 5391 eo

554 5448 674 5518 Batnae,
706 5446 892 5503 Miscellanea
914 5444 972 5515 111,
997 5439 1195 5522 tit-130).
1273 5444 1304 5514 2)
1327 5444 1374 5500 De
1395 5442 1479 5501 uerbo
1502 5445 1628 5501 inserere
1651 5443 1764 5519 saepire
1787 5443 1888 5502 usitato
1911 5444 1953 5516 cs.
1977 5443 2099 5515 Simeon,
2124 5443 2209 5501 ‘Dut-

554 5555 671 5632 stebunp
695 5553 746 5610 der
763 5550 1057 5628 pseudoisidoriacben
1082 5550 1296 5628 Fdlecbanpen'
1315 5571 1348 5626 p.
1364 5554 1407 5610 58
1417 5569 1478 5627 sqq.
1574 5549 1605 5615 3)
1629 5550 1676 5607 De
1698 5551 1753 5608 bac
1774 5550 1980 5631 sipnificatione
2000 5570 2027 5608 u.
2052 5549 2088 5608 ib.
2106 5571 2140 5627 p.
2158 5554 2207 5612 72.

557 5661 588 5730 4)
614 5657 815 5719 Cmmuannici
838 5649 896 5733 (ca.
914 5652 1127 5735 743-771);
1158 5657 1200 5729 cs.
1215 5657 1301 5714 Actia
1317 5656 1485 5735 pontificum
1505 5654 1694 5715 Cenomannia
1717 5657 1746 5714 in
1769 5656 1838 5713 arbe
1860 5656 2016 5734 dependam
2039 5660 2121 5718 a16
2144 5659 2207 5716 edd.

557 5765 595 5826 G.
612 5765 725 5824 Brasos
747 5774 774 5823 et
795 5765 831 5822 A.
849 5765 948 5822 Ledru
971 5757 1039 5839 stein
1064 5759 1495 5841 Mane’1901),p.244eqq.
1540 5763 1587 5820 De
1610 5763 1788 5821 numanatis
1809 5763 1873 5843 fide
1896 5764 1937 5836 cf.
1963 5745 2075 5836 dhaer,
2099 5764 2208 5843 ‘Kana

555 5871 676 5949 loppin
694 5891 728 5948 p.
746 5874 816 5931 esa
2225 5880 2253 5922 a
