<?xml version="1.0" encoding="UTF-8"?>
<!DOCTYPE html PUBLIC "-//W3C//DTD XHTML 1.0 Transitional//EN"
    "http://www.w3.org/TR/xhtml1/DTD/xhtml1-transitional.dtd">
<html xmlns="http://www.w3.org/1999/xhtml" xml:lang="en" lang="en">
 <head>
  <title>
</title>
<meta http-equiv="Content-Type" content="text/html;charset=utf-8" />
  <meta name='ocr-system' content='tesseract 3.04.00' />
  <meta name='ocr-capabilities' content='ocr_page ocr_carea ocr_par ocr_line ocrx_word'/>
</head>
<body>
  <div class='ocr_page' id='page_1' title='image "./monumentagerman02gescgoog/monumentagerman02gescgoog_0061.png"; bbox 0 0 4884 6717; ppageno 0'>
   <div class='ocr_carea' id='block_1_1' title="bbox 701 490 1884 556">
    <p class='ocr_par' dir='ltr' id='par_1_1' title="bbox 701 490 1884 556">
     <span class='ocr_line' id='line_1_1' title="bbox 701 490 1884 556; baseline 0.003 -6"><span class='ocrx_word' id='word_1_1' title='bbox 701 495 753 551; x_wconf 76' lang='lat'><strong>44.</strong></span> <span class='ocrx_word' id='word_1_2' title='bbox 789 494 1008 553; x_wconf 82' lang='lat' dir='ltr'><strong>CONCILIUM</strong></span> <span class='ocrx_word' id='word_1_3' title='bbox 1032 496 1260 552; x_wconf 77' lang='lat' dir='ltr'><strong>eanlslenss</strong></span> <span class='ocrx_word' id='word_1_4' title='bbox 1284 499 1321 552; x_wconf 80' lang='lat' dir='ltr'><strong>A.</strong></span> <span class='ocrx_word' id='word_1_5' title='bbox 1341 496 1416 552; x_wconf 80' lang='lat'><strong>825.</strong></span> <span class='ocrx_word' id='word_1_6' title='bbox 1820 490 1884 556; x_wconf 79' lang='grc'><strong>509</strong></span> 
     </span>
    </p>
   </div>
   <div class='ocr_carea' id='block_1_2' title="bbox 234 671 1942 764">
    <p class='ocr_par' dir='ltr' id='par_1_2' title="bbox 234 671 1942 764">
     <span class='ocr_line' id='line_1_2' title="bbox 234 671 1942 764; baseline 0.001 -18"><span class='ocrx_word' id='word_1_7' title='bbox 234 693 433 764; x_wconf 70' lang='lat' dir='ltr'><strong>quadripertiti</strong></span> <span class='ocrx_word' id='word_1_8' title='bbox 456 693 554 747; x_wconf 90' lang='lat' dir='ltr'><strong>orbem</strong></span> <span class='ocrx_word' id='word_1_9' title='bbox 577 701 716 747; x_wconf 88' lang='lat' dir='ltr'><strong>terrarum</strong></span> <span class='ocrx_word' id='word_1_10' title='bbox 739 693 906 763; x_wconf 80' lang='lat' dir='ltr'><strong>perscripsit</strong></span> <span class='ocrx_word' id='word_1_11' title='bbox 930 693 1107 764; x_wconf 89' lang='lat' dir='ltr'><strong>distinguens</strong></span> <span class='ocrx_word' id='word_1_12' title='bbox 1129 693 1306 764; x_wconf 79' lang='lat' dir='ltr'><strong>perscriptis,</strong></span> <span class='ocrx_word' id='word_1_13' title='bbox 1331 693 1372 747; x_wconf 89' lang='lat' dir='ltr'><strong>ita</strong></span> <span class='ocrx_word' id='word_1_14' title='bbox 1395 700 1425 747; x_wconf 90' lang='lat' dir='ltr'><strong>et</strong></span> <span class='ocrx_word' id='word_1_15' title='bbox 1449 699 1574 748; x_wconf 79' lang='lat' dir='ltr'><strong>sanctam</strong></span> <span class='ocrx_word' id='word_1_16' title='bbox 1599 693 1748 764; x_wconf 85' lang='lat' dir='ltr'><strong>imaginem</strong></span> <span class='ocrx_word' id='word_1_17' title='bbox 1764 693 1887 748; x_wconf 89' lang='lat' dir='ltr'><strong>omnium</strong></span> <span class='ocrx_word' id='word_1_18' title='bbox 1938 671 1942 680; x_wconf 34' lang='grc' dir='ltr'>Ι</span> 
     </span>
    </p>
   </div>
   <div class='ocr_carea' id='block_1_3' title="bbox 187 799 2062 4282">
    <p class='ocr_par' dir='ltr' id='par_1_3' title="bbox 187 799 2062 4282">
     <span class='ocr_line' id='line_1_3' title="bbox 234 799 2062 871; baseline 0.003 -19"><span class='ocrx_word' id='word_1_19' title='bbox 234 799 362 854; x_wconf 86' lang='lat' dir='ltr'><strong>dominae</strong></span> <span class='ocrx_word' id='word_1_20' title='bbox 388 809 417 852; x_wconf 91' lang='lat' dir='ltr'><strong>et</strong></span> <span class='ocrx_word' id='word_1_21' title='bbox 441 807 558 853; x_wconf 85' lang='lat' dir='ltr'><strong>sanctae</strong></span> <span class='ocrx_word' id='word_1_22' title='bbox 574 799 629 853; x_wconf 89' lang='lat' dir='ltr'><strong>Dei</strong></span> <span class='ocrx_word' id='word_1_23' title='bbox 649 799 805 870; x_wconf 74' lang='lat' dir='ltr'><strong>genitricis,</strong></span> <span class='ocrx_word' id='word_1_24' title='bbox 830 799 909 853; x_wconf 89' lang='lat' dir='ltr'><strong>cuius</strong></span> <span class='ocrx_word' id='word_1_25' title='bbox 932 799 1040 853; x_wconf 88' lang='lat' dir='ltr'><strong>vultum</strong></span> <span class='ocrx_word' id='word_1_26' title='bbox 1064 800 1257 869; x_wconf 78' lang='lat' dir='ltr'><strong>deprecantur</strong></span> <span class='ocrx_word' id='word_1_27' title='bbox 1280 801 1383 854; x_wconf 85' lang='lat' dir='ltr'><strong>divites</strong></span> <span class='ocrx_word' id='word_1_28' title='bbox 1406 800 1510 871; x_wconf 87' lang='lat' dir='ltr'><strong>plebis.</strong></span> <span class='ocrx_word' id='word_1_29' title='bbox 1546 800 1659 853; x_wconf 86' lang='lat' dir='ltr'><strong>Etenim</strong></span> <span class='ocrx_word' id='word_1_30' title='bbox 1681 808 1789 866; x_wconf 87' lang='lat' dir='ltr'><strong>sancta,</strong></span> <span class='ocrx_word' id='word_1_31' title='bbox 1814 801 1886 854; x_wconf 88' lang='lat' dir='ltr'><strong>sicut</strong></span> <span class='ocrx_word' id='word_1_32' title='bbox 1904 817 2062 868; x_wconf 61' lang='lat' dir='ltr'><strong>neemia.</strong></span> 
     </span>
     <span class='ocr_line' id='line_1_4' title="bbox 233 905 1886 978; baseline 0 -18"><span class='ocrx_word' id='word_1_33' title='bbox 233 906 361 977; x_wconf 87' lang='lat' dir='ltr'><strong>patribus</strong></span> <span class='ocrx_word' id='word_1_34' title='bbox 385 906 507 972; x_wconf 83' lang='lat' dir='ltr'><strong>ridetur,</strong></span> <span class='ocrx_word' id='word_1_35' title='bbox 532 923 606 976; x_wconf 88' lang='lat' dir='ltr'><strong>quae</strong></span> <span class='ocrx_word' id='word_1_36' title='bbox 631 905 670 960; x_wconf 89' lang='lat' dir='ltr'><strong>sic</strong></span> <span class='ocrx_word' id='word_1_37' title='bbox 694 923 711 960; x_wconf 89' lang='lat' dir='ltr'><strong>a</strong></span> <span class='ocrx_word' id='word_1_38' title='bbox 734 906 813 960; x_wconf 86' lang='lat' dir='ltr'><strong>vobis</strong></span> <span class='ocrx_word' id='word_1_39' title='bbox 842 906 890 977; x_wconf 90' lang='lat' dir='ltr'><strong>pie</strong></span> <span class='ocrx_word' id='word_1_40' title='bbox 914 905 1051 960; x_wconf 86' lang='lat' dir='ltr'><strong>honorata</strong></span> <span class='ocrx_word' id='word_1_41' title='bbox 1080 907 1195 961; x_wconf 86' lang='lat' dir='ltr'><strong>donavit</strong></span> <span class='ocrx_word' id='word_1_42' title='bbox 1226 907 1439 961; x_wconf 85' lang='lat' dir='ltr'><strong>retributiones.</strong></span> <span class='ocrx_word' id='word_1_43' title='bbox 1487 906 1558 960; x_wconf 81' lang='lat' dir='ltr'><strong>Nam</strong></span> <span class='ocrx_word' id='word_1_44' title='bbox 1582 907 1709 978; x_wconf 86' lang='lat' dir='ltr'><strong>imaginis</strong></span> <span class='ocrx_word' id='word_1_45' title='bbox 1739 907 1827 962; x_wconf 90' lang='lat' dir='ltr'><strong>boner</strong></span> <span class='ocrx_word' id='word_1_46' title='bbox 1850 908 1886 961; x_wconf 86' lang='lat' dir='ltr'><strong>ad</strong></span> 
     </span>
     <span class='ocr_line' id='line_1_5' title="bbox 233 1007 1885 1084; baseline 0.002 -18"><span class='ocrx_word' id='word_1_47' title='bbox 233 1013 349 1083; x_wconf 89' lang='lat' dir='ltr'><strong>pn&#39;mam</strong></span> <span class='ocrx_word' id='word_1_48' title='bbox 372 1012 488 1066; x_wconf 88' lang='lat' dir='ltr'><strong>formam</strong></span> <span class='ocrx_word' id='word_1_49' title='bbox 511 1013 613 1066; x_wconf 79' lang='lat' dir='ltr'><strong>transit</strong></span> <span class='ocrx_word' id='word_1_50' title='bbox 635 1013 791 1067; x_wconf 90' lang='lat' dir='ltr'><strong>secundum</strong></span> <span class='ocrx_word' id='word_1_51' title='bbox 808 1030 939 1084; x_wconf 87' lang='lat' dir='ltr'><strong>magnum</strong></span> <span class='ocrx_word' id='word_1_52' title='bbox 955 1007 1111 1066; x_wconf 84' lang='lat' dir='ltr'><strong>Basilium¹</strong></span> <span class='ocrx_word' id='word_1_53' title='bbox 1137 1022 1166 1068; x_wconf 87' lang='lat' dir='ltr'><strong>et</strong></span> <span class='ocrx_word' id='word_1_54' title='bbox 1190 1014 1264 1067; x_wconf 88' lang='lat' dir='ltr'><strong>sieut</strong></span> <span class='ocrx_word' id='word_1_55' title='bbox 1283 1014 1374 1083; x_wconf 87' lang='lat' dir='ltr'><strong>inquit</strong></span> <span class='ocrx_word' id='word_1_56' title='bbox 1390 1011 1622 1084; x_wconf 85' lang='lat' dir='ltr'><strong>Chrysostemus:</strong></span> <span class='ocrx_word' id='word_1_57' title='bbox 1648 1010 1732 1084; x_wconf 77' lang='lat' dir='ltr'><strong>Ego²</strong></span> <span class='ocrx_word' id='word_1_58' title='bbox 1752 1022 1782 1068; x_wconf 90' lang='lat' dir='ltr'><strong>et</strong></span> <span class='ocrx_word' id='word_1_59' title='bbox 1801 1031 1885 1070; x_wconf 82' lang='lat' dir='ltr'><strong>cerae</strong></span> 
     </span>
     <span class='ocr_line' id='line_1_6' title="bbox 202 1118 946 1190; baseline -0.004 -14"><span class='ocrx_word' id='word_1_60' title='bbox 202 1119 368 1189; x_wconf 77' lang='lat' dir='ltr'><strong>speriusae</strong></span> <span class='ocrx_word' id='word_1_61' title='bbox 392 1119 477 1174; x_wconf 83' lang='lat' dir='ltr'><strong>dilexi</strong></span> <span class='ocrx_word' id='word_1_62' title='bbox 501 1118 639 1189; x_wconf 87' lang='lat' dir='ltr'><strong>picturam</strong></span> <span class='ocrx_word' id='word_1_63' title='bbox 663 1119 773 1189; x_wconf 87' lang='lat' dir='ltr'><strong>pictate</strong></span> <span class='ocrx_word' id='word_1_64' title='bbox 797 1119 946 1190; x_wconf 89' lang='lat' dir='ltr'><strong>repletam.</strong></span> 
     </span>
     <span class='ocr_line' id='line_1_7' title="bbox 340 1214 1886 1302; baseline 0.003 -24"><span class='ocrx_word' id='word_1_65' title='bbox 340 1216 384 1280; x_wconf 89' lang='lat' dir='ltr'><strong>Et</strong></span> <span class='ocrx_word' id='word_1_66' title='bbox 406 1227 479 1301; x_wconf 81' lang='lat' dir='ltr'><strong>post</strong></span> <span class='ocrx_word' id='word_1_67' title='bbox 502 1238 608 1301; x_wconf 81' lang='lat' dir='ltr'><strong>pauca</strong></span> <span class='ocrx_word' id='word_1_68' title='bbox 631 1215 663 1278; x_wconf 83' lang='lat' dir='ltr'><strong>in</strong></span> <span class='ocrx_word' id='word_1_69' title='bbox 688 1214 803 1280; x_wconf 82' lang='lat' dir='ltr'><strong>eadem</strong></span> <span class='ocrx_word' id='word_1_70' title='bbox 828 1214 981 1302; x_wconf 79' lang='lat' dir='ltr'><strong>epistola:</strong></span> <span class='ocrx_word' id='word_1_71' title='bbox 1013 1223 1066 1279; x_wconf 78' lang='lat' dir='ltr'><strong>Si3</strong></span> <span class='ocrx_word' id='word_1_72' title='bbox 1089 1227 1162 1280; x_wconf 87' lang='lat' dir='ltr'><strong>enim</strong></span> <span class='ocrx_word' id='word_1_73' title='bbox 1193 1225 1378 1297; x_wconf 87' lang='lat' dir='ltr'><strong>propheticae</strong></span> <span class='ocrx_word' id='word_1_74' title='bbox 1403 1226 1603 1297; x_wconf 88' lang='lat' dir='ltr'><strong>dispositiones</strong></span> <span class='ocrx_word' id='word_1_75' title='bbox 1633 1245 1688 1281; x_wconf 87' lang='lat' dir='ltr'><strong>uon</strong></span> <span class='ocrx_word' id='word_1_76' title='bbox 1711 1235 1886 1298; x_wconf 86' lang='lat' dir='ltr'><strong>acceperunt</strong></span> 
     </span>
     <span class='ocr_line' id='line_1_8' title="bbox 234 1331 1885 1402; baseline 0.001 -16"><span class='ocrx_word' id='word_1_77' title='bbox 234 1331 330 1398; x_wconf 79' lang='lat' dir='ltr'><strong>iissem,</strong></span> <span class='ocrx_word' id='word_1_78' title='bbox 354 1349 409 1386; x_wconf 90' lang='lat' dir='ltr'><strong>non</strong></span> <span class='ocrx_word' id='word_1_79' title='bbox 432 1332 591 1386; x_wconf 86' lang='lat' dir='ltr'><strong>scribantur</strong></span> <span class='ocrx_word' id='word_1_80' title='bbox 614 1349 715 1386; x_wconf 87' lang='lat' dir='ltr'><strong>causae</strong></span> <span class='ocrx_word' id='word_1_81' title='bbox 739 1333 776 1386; x_wconf 92' lang='lat' dir='ltr'><strong>ad</strong></span> <span class='ocrx_word' id='word_1_82' title='bbox 799 1333 1002 1400; x_wconf 84' lang='lat' dir='ltr'><strong>ostensionem,</strong></span> <span class='ocrx_word' id='word_1_83' title='bbox 1026 1350 1100 1402; x_wconf 89' lang='lat' dir='ltr'><strong>quae</strong></span> <span class='ocrx_word' id='word_1_84' title='bbox 1125 1334 1247 1386; x_wconf 83' lang='lat' dir='ltr'><strong>necdum</strong></span> <span class='ocrx_word' id='word_1_85' title='bbox 1271 1332 1365 1387; x_wconf 84' lang='lat' dir='ltr'><strong>saetae</strong></span> <span class='ocrx_word' id='word_1_86' title='bbox 1390 1340 1473 1400; x_wconf 82' lang='lat' dir='ltr'><strong>sunt3</strong></span> <span class='ocrx_word' id='word_1_87' title='bbox 1498 1333 1633 1387; x_wconf 88' lang='lat' dir='ltr'><strong>videlieet</strong></span> <span class='ocrx_word' id='word_1_88' title='bbox 1655 1333 1708 1387; x_wconf 90' lang='lat' dir='ltr'><strong>nisi</strong></span> <span class='ocrx_word' id='word_1_89' title='bbox 1725 1335 1885 1389; x_wconf 86' lang='lat' dir='ltr'><strong>incarnatus</strong></span> 
     </span>
     <span class='ocr_line' id='line_1_9' title="bbox 235 1439 1885 1511; baseline 0.001 -19"><span class='ocrx_word' id='word_1_90' title='bbox 235 1449 276 1492; x_wconf 83' lang='lat' dir='ltr'><strong>est</strong></span> <span class='ocrx_word' id='word_1_91' title='bbox 299 1439 442 1507; x_wconf 85' lang='lat' dir='ltr'><strong>Dominus,</strong></span> <span class='ocrx_word' id='word_1_92' title='bbox 467 1457 523 1492; x_wconf 91' lang='lat' dir='ltr'><strong>non</strong></span> <span class='ocrx_word' id='word_1_93' title='bbox 547 1439 678 1509; x_wconf 87' lang='lat' dir='ltr'><strong>signetur,</strong></span> <span class='ocrx_word' id='word_1_94' title='bbox 707 1456 778 1509; x_wconf 71' lang='lat' dir='ltr'><strong>(luae</strong></span> <span class='ocrx_word' id='word_1_95' title='bbox 802 1439 950 1492; x_wconf 88' lang='lat' dir='ltr'><strong>secundum</strong></span> <span class='ocrx_word' id='word_1_96' title='bbox 973 1455 1083 1493; x_wconf 79' lang='lat' dir='ltr'><strong>cantem</strong></span> <span class='ocrx_word' id='word_1_97' title='bbox 1107 1439 1240 1510; x_wconf 85' lang='lat' dir='ltr'><strong>signatur,</strong></span> <span class='ocrx_word' id='word_1_98' title='bbox 1263 1448 1358 1492; x_wconf 82' lang='lat' dir='ltr'><strong>sarrcta</strong></span> <span class='ocrx_word' id='word_1_99' title='bbox 1382 1439 1472 1511; x_wconf 88' lang='lat' dir='ltr'><strong>imago</strong></span> <span class='ocrx_word' id='word_1_100' title='bbox 1496 1440 1562 1493; x_wconf 88' lang='lat' dir='ltr'><strong>eius.</strong></span> <span class='ocrx_word' id='word_1_101' title='bbox 1609 1440 1668 1493; x_wconf 76' lang='lat' dir='ltr'><strong>Nisi</strong></span> <span class='ocrx_word' id='word_1_102' title='bbox 1691 1447 1771 1493; x_wconf 77' lang='lat' dir='ltr'><strong>nutris</strong></span> <span class='ocrx_word' id='word_1_103' title='bbox 1794 1449 1835 1494; x_wconf 87' lang='lat' dir='ltr'><strong>est</strong></span> <span class='ocrx_word' id='word_1_104' title='bbox 1858 1442 1885 1494; x_wconf 89' lang='lat' dir='ltr'><strong>iu</strong></span> 
     </span>
     <span class='ocr_line' id='line_1_10' title="bbox 234 1545 1886 1616; baseline 0.002 -18"><span class='ocrx_word' id='word_1_105' title='bbox 234 1545 379 1599; x_wconf 85' lang='lat' dir='ltr'><strong>Bethleem</strong></span> <span class='ocrx_word' id='word_1_106' title='bbox 402 1546 437 1599; x_wconf 90' lang='lat' dir='ltr'><strong>de</strong></span> <span class='ocrx_word' id='word_1_107' title='bbox 467 1563 576 1614; x_wconf 84' lang='lat' dir='ltr'><strong>semper</strong></span> <span class='ocrx_word' id='word_1_108' title='bbox 603 1545 724 1614; x_wconf 88' lang='lat' dir='ltr'><strong>gloriosa</strong></span> <span class='ocrx_word' id='word_1_109' title='bbox 747 1545 852 1616; x_wconf 87' lang='lat' dir='ltr'><strong>virgine</strong></span> <span class='ocrx_word' id='word_1_110' title='bbox 876 1553 904 1599; x_wconf 90' lang='lat' dir='ltr'><strong>et</strong></span> <span class='ocrx_word' id='word_1_111' title='bbox 927 1545 980 1598; x_wconf 89' lang='lat' dir='ltr'><strong>Dei</strong></span> <span class='ocrx_word' id='word_1_112' title='bbox 1003 1546 1146 1616; x_wconf 82' lang='lat' dir='ltr'><strong>genitrice,</strong></span> <span class='ocrx_word' id='word_1_113' title='bbox 1177 1555 1205 1599; x_wconf 90' lang='lat' dir='ltr'><strong>ct</strong></span> <span class='ocrx_word' id='word_1_114' title='bbox 1233 1546 1306 1616; x_wconf 85' lang='lat' dir='ltr'><strong>magi</strong></span> <span class='ocrx_word' id='word_1_115' title='bbox 1337 1564 1449 1599; x_wconf 86' lang='lat' dir='ltr'><strong>munera</strong></span> <span class='ocrx_word' id='word_1_116' title='bbox 1477 1546 1645 1615; x_wconf 87' lang='lat' dir='ltr'><strong>obtulerunt,</strong></span> <span class='ocrx_word' id='word_1_117' title='bbox 1676 1555 1704 1600; x_wconf 89' lang='lat' dir='ltr'><strong>et</strong></span> <span class='ocrx_word' id='word_1_118' title='bbox 1733 1547 1886 1616; x_wconf 80' lang='lat' dir='ltr'><strong>pastoribus</strong></span> 
     </span>
     <span class='ocr_line' id='line_1_11' title="bbox 188 1631 1885 1724; baseline 0 -18"><span class='ocrx_word' id='word_1_119' title='bbox 188 1671 216 1711; x_wconf 78' lang='lat' dir='ltr'><strong>re</strong></span> <span class='ocrx_word' id='word_1_120' title='bbox 235 1652 362 1722; x_wconf 82' lang='lat' dir='ltr'><strong>appanrit</strong></span> <span class='ocrx_word' id='word_1_121' title='bbox 386 1654 512 1724; x_wconf 89' lang='lat' dir='ltr'><strong>angelus,</strong></span> <span class='ocrx_word' id='word_1_122' title='bbox 528 1631 564 1705; x_wconf 85' lang='lat' dir='ltr'><strong>et</strong></span> <span class='ocrx_word' id='word_1_123' title='bbox 587 1653 733 1706; x_wconf 85' lang='lat' dir='ltr'><strong>niultitudo</strong></span> <span class='ocrx_word' id='word_1_124' title='bbox 756 1653 884 1706; x_wconf 87' lang='lat' dir='ltr'><strong>caelestis</strong></span> <span class='ocrx_word' id='word_1_125' title='bbox 907 1652 1020 1706; x_wconf 87' lang='lat' dir='ltr'><strong>militiae</strong></span> <span class='ocrx_word' id='word_1_126' title='bbox 1044 1661 1109 1706; x_wconf 89' lang='lat' dir='ltr'><strong>nato</strong></span> <span class='ocrx_word' id='word_1_127' title='bbox 1134 1654 1242 1707; x_wconf 89' lang='lat' dir='ltr'><strong>laudem</strong></span> <span class='ocrx_word' id='word_1_128' title='bbox 1266 1654 1369 1718; x_wconf 89' lang='lat' dir='ltr'><strong>retulit,</strong></span> <span class='ocrx_word' id='word_1_129' title='bbox 1392 1653 1442 1706; x_wconf 90' lang='lat' dir='ltr'><strong>nisi</strong></span> <span class='ocrx_word' id='word_1_130' title='bbox 1466 1653 1492 1706; x_wconf 89' lang='lat' dir='ltr'><strong>iu</strong></span> <span class='ocrx_word' id='word_1_131' title='bbox 1512 1654 1582 1706; x_wconf 86' lang='lat' dir='ltr'><strong>ulnis</strong></span> <span class='ocrx_word' id='word_1_132' title='bbox 1597 1652 1736 1723; x_wconf 74' lang='lat' dir='ltr'><strong>genitricis</strong></span> <span class='ocrx_word' id='word_1_133' title='bbox 1751 1658 1782 1706; x_wconf 87' lang='lat' dir='ltr'><strong>ut</strong></span> <span class='ocrx_word' id='word_1_134' title='bbox 1796 1653 1885 1707; x_wconf 81' lang='lat' dir='ltr'><strong>infans</strong></span> 
     </span>
     <span class='ocr_line' id='line_1_12' title="bbox 233 1756 2042 1832; baseline 0.004 -21"><span class='ocrx_word' id='word_1_135' title='bbox 233 1767 368 1828; x_wconf 84' lang='lat' dir='ltr'><strong>portatus,</strong></span> <span class='ocrx_word' id='word_1_136' title='bbox 390 1759 436 1828; x_wconf 86' lang='lat' dir='ltr'><strong>qui</strong></span> <span class='ocrx_word' id='word_1_137' title='bbox 460 1767 552 1828; x_wconf 88' lang='lat' dir='ltr'><strong>portat</strong></span> <span class='ocrx_word' id='word_1_138' title='bbox 574 1759 674 1826; x_wconf 88' lang='lat' dir='ltr'><strong>omnia,</strong></span> <span class='ocrx_word' id='word_1_139' title='bbox 704 1767 732 1812; x_wconf 91' lang='lat' dir='ltr'><strong>et</strong></span> <span class='ocrx_word' id='word_1_140' title='bbox 756 1759 834 1811; x_wconf 87' lang='lat' dir='ltr'><strong>lactis</strong></span> <span class='ocrx_word' id='word_1_141' title='bbox 856 1759 1020 1812; x_wconf 87' lang='lat' dir='ltr'><strong>nutrimento</strong></span> <span class='ocrx_word' id='word_1_142' title='bbox 1043 1767 1138 1828; x_wconf 84' lang='lat' dir='ltr'><strong>pastus</strong></span> <span class='ocrx_word' id='word_1_143' title='bbox 1162 1769 1212 1820; x_wconf 85' lang='lat' dir='ltr'><strong>est,</strong></span> <span class='ocrx_word' id='word_1_144' title='bbox 1242 1757 1291 1832; x_wconf 81' lang='lat' dir='ltr'><strong>qni</strong></span> <span class='ocrx_word' id='word_1_145' title='bbox 1313 1759 1364 1815; x_wconf 84' lang='lat' dir='ltr'><strong>dut</strong></span> <span class='ocrx_word' id='word_1_146' title='bbox 1386 1778 1477 1814; x_wconf 79' lang='lat' dir='ltr'><strong>escum</strong></span> <span class='ocrx_word' id='word_1_147' title='bbox 1501 1757 1577 1814; x_wconf 75' lang='lat' dir='ltr'><strong>esseni</strong></span> <span class='ocrx_word' id='word_1_148' title='bbox 1599 1756 1690 1827; x_wconf 76' lang='lat' dir='ltr'><strong>correi,</strong></span> <span class='ocrx_word' id='word_1_149' title='bbox 1720 1777 1810 1830; x_wconf 87' lang='lat' dir='ltr'><strong>neque</strong></span> <span class='ocrx_word' id='word_1_150' title='bbox 1833 1760 1884 1813; x_wconf 90' lang='lat' dir='ltr'><strong>hec</strong></span> <span class='ocrx_word' id='word_1_151' title='bbox 1905 1777 2042 1828; x_wconf 54' lang='lat' dir='ltr'><strong>ennato</strong></span> 
     </span>
     <span class='ocr_line' id='line_1_13' title="bbox 233 1861 1883 1936; baseline 0.001 -17"><span class='ocrx_word' id='word_1_152' title='bbox 233 1866 362 1934; x_wconf 84' lang='lat' dir='ltr'><strong>signetur.</strong></span> <span class='ocrx_word' id='word_1_153' title='bbox 393 1861 474 1918; x_wconf 63' lang='lat' dir='ltr'><strong>Nisi*</strong></span> <span class='ocrx_word' id='word_1_154' title='bbox 498 1873 619 1918; x_wconf 80' lang='lat' dir='ltr'><strong>niurtues</strong></span> <span class='ocrx_word' id='word_1_155' title='bbox 649 1865 789 1917; x_wconf 70' lang='lat' dir='ltr'><strong>sciscitavit</strong></span> <span class='ocrx_word' id='word_1_156' title='bbox 812 1873 840 1918; x_wconf 90' lang='lat' dir='ltr'><strong>et</strong></span> <span class='ocrx_word' id='word_1_157' title='bbox 863 1865 1022 1934; x_wconf 86' lang='lat' dir='ltr'><strong>paraliticos</strong></span> <span class='ocrx_word' id='word_1_158' title='bbox 1046 1867 1132 1920; x_wconf 82' lang='lat' dir='ltr'><strong>erexit</strong></span> <span class='ocrx_word' id='word_1_159' title='bbox 1155 1875 1182 1920; x_wconf 91' lang='lat' dir='ltr'><strong>et</strong></span> <span class='ocrx_word' id='word_1_160' title='bbox 1205 1866 1321 1935; x_wconf 83' lang='lat' dir='ltr'><strong>leprosis</strong></span> <span class='ocrx_word' id='word_1_161' title='bbox 1343 1866 1533 1936; x_wconf 81' lang='lat' dir='ltr'><strong>purgationem</strong></span> <span class='ocrx_word' id='word_1_162' title='bbox 1556 1866 1632 1918; x_wconf 89' lang='lat' dir='ltr'><strong>dedit</strong></span> <span class='ocrx_word' id='word_1_163' title='bbox 1655 1873 1683 1919; x_wconf 89' lang='lat' dir='ltr'><strong>et</strong></span> <span class='ocrx_word' id='word_1_164' title='bbox 1706 1867 1800 1920; x_wconf 89' lang='lat' dir='ltr'><strong>oculos</strong></span> <span class='ocrx_word' id='word_1_165' title='bbox 1822 1884 1883 1920; x_wconf 89' lang='lat' dir='ltr'><strong>cae·</strong></span> 
     </span>
     <span class='ocr_line' id='line_1_14' title="bbox 233 1971 1884 2045; baseline 0.002 -21"><span class='ocrx_word' id='word_1_166' title='bbox 233 1991 325 2025; x_wconf 89' lang='lat' dir='ltr'><strong>corum</strong></span> <span class='ocrx_word' id='word_1_167' title='bbox 349 1973 457 2041; x_wconf 87' lang='lat' dir='ltr'><strong>apernit</strong></span> <span class='ocrx_word' id='word_1_168' title='bbox 481 1981 508 2025; x_wconf 92' lang='lat' dir='ltr'><strong>ct</strong></span> <span class='ocrx_word' id='word_1_169' title='bbox 531 1973 679 2025; x_wconf 77' lang='lat' dir='ltr'><strong>(laetisonas</strong></span> <span class='ocrx_word' id='word_1_170' title='bbox 703 1971 834 2042; x_wconf 82' lang='lat' dir='ltr'><strong>effugavit</strong></span> <span class='ocrx_word' id='word_1_171' title='bbox 865 1981 893 2024; x_wconf 93' lang='lat' dir='ltr'><strong>et</strong></span> <span class='ocrx_word' id='word_1_172' title='bbox 923 1972 973 2026; x_wconf 90' lang='lat' dir='ltr'><strong>nisi</strong></span> <span class='ocrx_word' id='word_1_173' title='bbox 1004 1973 1110 2043; x_wconf 88' lang='lat' dir='ltr'><strong>aperuit</strong></span> <span class='ocrx_word' id='word_1_174' title='bbox 1140 1991 1221 2026; x_wconf 79' lang='lat' dir='ltr'><strong>aines</strong></span> <span class='ocrx_word' id='word_1_175' title='bbox 1244 1973 1385 2026; x_wconf 89' lang='lat' dir='ltr'><strong>surdorum</strong></span> <span class='ocrx_word' id='word_1_176' title='bbox 1410 1982 1437 2025; x_wconf 90' lang='lat' dir='ltr'><strong>et</strong></span> <span class='ocrx_word' id='word_1_177' title='bbox 1461 1972 1552 2025; x_wconf 73' lang='lat' dir='ltr'><strong>(inuria</strong></span> <span class='ocrx_word' id='word_1_178' title='bbox 1575 1979 1705 2041; x_wconf 86' lang='lat' dir='ltr'><strong>operatus</strong></span> <span class='ocrx_word' id='word_1_179' title='bbox 1733 1980 1783 2036; x_wconf 87' lang='lat' dir='ltr'><strong>est,</strong></span> <span class='ocrx_word' id='word_1_180' title='bbox 1813 1991 1884 2045; x_wconf 82' lang='lat' dir='ltr'><strong>quae</strong></span> 
     </span>
     <span class='ocr_line' id='line_1_15' title="bbox 232 2077 1885 2150; baseline 0.001 -18"><span class='ocrx_word' id='word_1_181' title='bbox 232 2079 351 2148; x_wconf 85' lang='lat' dir='ltr'><strong>gloriose</strong></span> <span class='ocrx_word' id='word_1_182' title='bbox 374 2087 404 2132; x_wconf 89' lang='lat' dir='ltr'><strong>nt</strong></span> <span class='ocrx_word' id='word_1_183' title='bbox 427 2079 480 2132; x_wconf 81' lang='lat' dir='ltr'><strong>llei</strong></span> <span class='ocrx_word' id='word_1_184' title='bbox 504 2079 637 2131; x_wconf 86' lang='lat' dir='ltr'><strong>miracula</strong></span> <span class='ocrx_word' id='word_1_185' title='bbox 660 2077 786 2147; x_wconf 87' lang='lat' dir='ltr'><strong>perfecit,</strong></span> <span class='ocrx_word' id='word_1_186' title='bbox 816 2096 869 2132; x_wconf 81' lang='lat' dir='ltr'><strong>iton</strong></span> <span class='ocrx_word' id='word_1_187' title='bbox 901 2079 1061 2135; x_wconf 87' lang='lat' dir='ltr'><strong>scribantur.</strong></span> <span class='ocrx_word' id='word_1_188' title='bbox 1108 2080 1166 2133; x_wconf 79' lang='lat' dir='ltr'><strong>Nisi</strong></span> <span class='ocrx_word' id='word_1_189' title='bbox 1189 2080 1344 2149; x_wconf 78' lang='lat' dir='ltr'><strong>passionem</strong></span> <span class='ocrx_word' id='word_1_190' title='bbox 1369 2080 1522 2133; x_wconf 81' lang='lat' dir='ltr'><strong>velitntarie</strong></span> <span class='ocrx_word' id='word_1_191' title='bbox 1546 2080 1664 2150; x_wconf 81' lang='lat' dir='ltr'><strong>suscepit</strong></span> <span class='ocrx_word' id='word_1_192' title='bbox 1696 2090 1723 2132; x_wconf 92' lang='lat' dir='ltr'><strong>et</strong></span> <span class='ocrx_word' id='word_1_193' title='bbox 1749 2080 1885 2134; x_wconf 87' lang='lat' dir='ltr'><strong>infernum</strong></span> 
     </span>
     <span class='ocr_line' id='line_1_16' title="bbox 188 2184 2028 2287; baseline -0.002 -45"><span class='ocrx_word' id='word_1_194' title='bbox 188 2203 214 2242; x_wconf 79' lang='lat' dir='ltr'><strong>te</strong></span> <span class='ocrx_word' id='word_1_195' title='bbox 233 2185 383 2255; x_wconf 77' lang='lat' dir='ltr'><strong>expoliavit</strong></span> <span class='ocrx_word' id='word_1_196' title='bbox 406 2194 434 2238; x_wconf 89' lang='lat' dir='ltr'><strong>et</strong></span> <span class='ocrx_word' id='word_1_197' title='bbox 457 2203 571 2255; x_wconf 84' lang='lat' dir='ltr'><strong>surgens</strong></span> <span class='ocrx_word' id='word_1_198' title='bbox 594 2186 621 2238; x_wconf 91' lang='lat' dir='ltr'><strong>in</strong></span> <span class='ocrx_word' id='word_1_199' title='bbox 644 2184 737 2238; x_wconf 88' lang='lat' dir='ltr'><strong>caelos</strong></span> <span class='ocrx_word' id='word_1_200' title='bbox 760 2186 893 2252; x_wconf 87' lang='lat' dir='ltr'><strong>ascendit,</strong></span> <span class='ocrx_word' id='word_1_201' title='bbox 916 2186 961 2256; x_wconf 83' lang='lat' dir='ltr'><strong>qui</strong></span> <span class='ocrx_word' id='word_1_202' title='bbox 986 2195 1114 2239; x_wconf 89' lang='lat' dir='ltr'><strong>venturus</strong></span> <span class='ocrx_word' id='word_1_203' title='bbox 1137 2195 1179 2239; x_wconf 88' lang='lat' dir='ltr'><strong>cst</strong></span> <span class='ocrx_word' id='word_1_204' title='bbox 1201 2186 1324 2240; x_wconf 86' lang='lat' dir='ltr'><strong>iudicare</strong></span> <span class='ocrx_word' id='word_1_205' title='bbox 1348 2186 1424 2239; x_wconf 80' lang='lat' dir='ltr'><strong>vivos</strong></span> <span class='ocrx_word' id='word_1_206' title='bbox 1447 2196 1474 2238; x_wconf 89' lang='lat' dir='ltr'><strong>ct</strong></span> <span class='ocrx_word' id='word_1_207' title='bbox 1498 2194 1627 2254; x_wconf 87' lang='lat' dir='ltr'><strong>mortuos,</strong></span> <span class='ocrx_word' id='word_1_208' title='bbox 1657 2205 1710 2240; x_wconf 90' lang='lat' dir='ltr'><strong>uon</strong></span> <span class='ocrx_word' id='word_1_209' title='bbox 1734 2186 1886 2241; x_wconf 85' lang='lat' dir='ltr'><strong>scribantur</strong></span> <span class='ocrx_word' id='word_1_210' title='bbox 1904 2195 2028 2287; x_wconf 50' lang='lat' dir='ltr'><strong>otti-Illis.</strong></span> 
     </span>
     <span class='ocr_line' id='line_1_17' title="bbox 232 2277 1992 2363; baseline 0.001 -17"><span class='ocrx_word' id='word_1_211' title='bbox 232 2310 322 2363; x_wconf 83' lang='lat' dir='ltr'><strong>neque</strong></span> <span class='ocrx_word' id='word_1_212' title='bbox 345 2291 531 2362; x_wconf 80' lang='lat' dir='ltr'><strong>designentur,</strong></span> <span class='ocrx_word' id='word_1_213' title='bbox 561 2291 624 2362; x_wconf 73' lang='lat' dir='ltr'><strong>qiua</strong></span> <span class='ocrx_word' id='word_1_214' title='bbox 654 2291 723 2344; x_wconf 90' lang='lat' dir='ltr'><strong>haec</strong></span> <span class='ocrx_word' id='word_1_215' title='bbox 746 2291 896 2345; x_wconf 88' lang='lat' dir='ltr'><strong>recitantur</strong></span> <span class='ocrx_word' id='word_1_216' title='bbox 927 2301 954 2345; x_wconf 90' lang='lat' dir='ltr'><strong>et</strong></span> <span class='ocrx_word' id='word_1_217' title='bbox 985 2311 1036 2362; x_wconf 91' lang='lat' dir='ltr'><strong>per</strong></span> <span class='ocrx_word' id='word_1_218' title='bbox 1067 2293 1171 2346; x_wconf 78' lang='lat' dir='ltr'><strong>litteras</strong></span> <span class='ocrx_word' id='word_1_219' title='bbox 1193 2302 1221 2346; x_wconf 91' lang='lat' dir='ltr'><strong>et</strong></span> <span class='ocrx_word' id='word_1_220' title='bbox 1245 2311 1296 2362; x_wconf 88' lang='lat' dir='ltr'><strong>per</strong></span> <span class='ocrx_word' id='word_1_221' title='bbox 1318 2293 1425 2346; x_wconf 90' lang='lat' dir='ltr'><strong>colores</strong></span> <span class='ocrx_word' id='word_1_222' title='bbox 1449 2293 1598 2362; x_wconf 86' lang='lat' dir='ltr'><strong>scripturae</strong></span> <span class='ocrx_word' id='word_1_223' title='bbox 1622 2301 1649 2346; x_wconf 89' lang='lat' dir='ltr'><strong>et</strong></span> <span class='ocrx_word' id='word_1_224' title='bbox 1673 2293 1810 2347; x_wconf 82' lang='lat' dir='ltr'><strong>historiae.</strong></span> <span class='ocrx_word' id='word_1_225' title='bbox 1857 2294 1885 2348; x_wconf 90' lang='lat' dir='ltr'><strong>Si</strong></span> <span class='ocrx_word' id='word_1_226' title='bbox 1958 2277 1992 2295; x_wconf 83' lang='lat'><strong>.-</strong></span> 
     </span>
     <span class='ocr_line' id='line_1_18' title="bbox 232 2399 1887 2470; baseline 0.001 -17"><span class='ocrx_word' id='word_1_227' title='bbox 232 2400 304 2453; x_wconf 90' lang='lat' dir='ltr'><strong>enim</strong></span> <span class='ocrx_word' id='word_1_228' title='bbox 320 2399 388 2452; x_wconf 88' lang='lat' dir='ltr'><strong>haec</strong></span> <span class='ocrx_word' id='word_1_229' title='bbox 404 2399 495 2452; x_wconf 73' lang='lat' dir='ltr'><strong>omitia</strong></span> <span class='ocrx_word' id='word_1_230' title='bbox 510 2399 662 2452; x_wconf 85' lang='lat' dir='ltr'><strong>factasunt</strong></span> <span class='ocrx_word' id='word_1_231' title='bbox 681 2428 717 2435; x_wconf 84' lang='lat'>-</span> <span class='ocrx_word' id='word_1_232' title='bbox 737 2407 765 2452; x_wconf 90' lang='lat' dir='ltr'><strong>ct</strong></span> <span class='ocrx_word' id='word_1_233' title='bbox 780 2417 909 2470; x_wconf 86' lang='lat' dir='ltr'><strong>magnum</strong></span> <span class='ocrx_word' id='word_1_234' title='bbox 925 2405 966 2452; x_wconf 88' lang='lat' dir='ltr'><strong>est</strong></span> <span class='ocrx_word' id='word_1_235' title='bbox 981 2399 1091 2468; x_wconf 88' lang='lat' dir='ltr'><strong>pietatis</strong></span> <span class='ocrx_word' id='word_1_236' title='bbox 1105 2399 1263 2470; x_wconf 82' lang='lat' dir='ltr'><strong>mysterium</strong></span> <span class='ocrx_word' id='word_1_237' title='bbox 1284 2428 1334 2468; x_wconf 91' lang='lat'><strong>-,</strong></span> <span class='ocrx_word' id='word_1_238' title='bbox 1357 2399 1459 2453; x_wconf 89' lang='lat' dir='ltr'><strong>utinam</strong></span> <span class='ocrx_word' id='word_1_239' title='bbox 1476 2399 1571 2453; x_wconf 70' lang='lat' dir='ltr'><strong>fuhsct</strong></span> <span class='ocrx_word' id='word_1_240' title='bbox 1588 2399 1718 2469; x_wconf 87' lang='lat' dir='ltr'><strong>possibile</strong></span> <span class='ocrx_word' id='word_1_241' title='bbox 1734 2400 1841 2454; x_wconf 89' lang='lat' dir='ltr'><strong>eaelum</strong></span> <span class='ocrx_word' id='word_1_242' title='bbox 1859 2407 1887 2455; x_wconf 87' lang='lat' dir='ltr'><strong>et</strong></span> 
     </span>
     <span class='ocr_line' id='line_1_19' title="bbox 231 2505 1886 2576; baseline 0.002 -18"><span class='ocrx_word' id='word_1_243' title='bbox 231 2515 333 2559; x_wconf 91' lang='lat' dir='ltr'><strong>terram</strong></span> <span class='ocrx_word' id='word_1_244' title='bbox 363 2516 389 2558; x_wconf 90' lang='lat' dir='ltr'><strong>et</strong></span> <span class='ocrx_word' id='word_1_245' title='bbox 420 2523 495 2559; x_wconf 81' lang='lat' dir='ltr'><strong>usare</strong></span> <span class='ocrx_word' id='word_1_246' title='bbox 527 2517 554 2558; x_wconf 91' lang='lat' dir='ltr'><strong>et</strong></span> <span class='ocrx_word' id='word_1_247' title='bbox 585 2506 714 2559; x_wconf 81' lang='lat' dir='ltr'><strong>arrimalia</strong></span> <span class='ocrx_word' id='word_1_248' title='bbox 744 2505 836 2558; x_wconf 72' lang='lat' dir='ltr'><strong>camisia</strong></span> <span class='ocrx_word' id='word_1_249' title='bbox 866 2523 994 2559; x_wconf 79' lang='lat' dir='ltr'><strong>enanare</strong></span> <span class='ocrx_word' id='word_1_250' title='bbox 1026 2524 1059 2557; x_wconf 89' lang='lat' dir='ltr'><strong>ea</strong></span> <span class='ocrx_word' id='word_1_251' title='bbox 1090 2515 1117 2558; x_wconf 92' lang='lat' dir='ltr'><strong>et</strong></span> <span class='ocrx_word' id='word_1_252' title='bbox 1148 2524 1197 2575; x_wconf 90' lang='lat' dir='ltr'><strong>per</strong></span> <span class='ocrx_word' id='word_1_253' title='bbox 1228 2523 1309 2558; x_wconf 83' lang='lat' dir='ltr'><strong>voces</strong></span> <span class='ocrx_word' id='word_1_254' title='bbox 1339 2515 1366 2558; x_wconf 93' lang='lat' dir='ltr'><strong>et</strong></span> <span class='ocrx_word' id='word_1_255' title='bbox 1390 2523 1440 2576; x_wconf 89' lang='lat' dir='ltr'><strong>per</strong></span> <span class='ocrx_word' id='word_1_256' title='bbox 1462 2506 1568 2559; x_wconf 83' lang='lat' dir='ltr'><strong>litteras</strong></span> <span class='ocrx_word' id='word_1_257' title='bbox 1591 2515 1619 2560; x_wconf 89' lang='lat' dir='ltr'><strong>ct</strong></span> <span class='ocrx_word' id='word_1_258' title='bbox 1641 2505 1778 2561; x_wconf 84' lang='lat' dir='ltr'><strong>historias.</strong></span> <span class='ocrx_word' id='word_1_259' title='bbox 1823 2507 1886 2561; x_wconf 78' lang='lat' dir='ltr'><strong>Non</strong></span> 
     </span>
     <span class='ocr_line' id='line_1_20' title="bbox 233 2612 1884 2683; baseline 0.001 -17"><span class='ocrx_word' id='word_1_260' title='bbox 233 2612 406 2666; x_wconf 83' lang='lat' dir='ltr'><strong>existentium</strong></span> <span class='ocrx_word' id='word_1_261' title='bbox 430 2613 502 2666; x_wconf 89' lang='lat' dir='ltr'><strong>cuim</strong></span> <span class='ocrx_word' id='word_1_262' title='bbox 526 2612 679 2683; x_wconf 84' lang='lat' dir='ltr'><strong>designatio</strong></span> <span class='ocrx_word' id='word_1_263' title='bbox 702 2613 802 2666; x_wconf 87' lang='lat' dir='ltr'><strong>idolica</strong></span> <span class='ocrx_word' id='word_1_264' title='bbox 826 2613 959 2683; x_wconf 89' lang='lat' dir='ltr'><strong>scriptura</strong></span> <span class='ocrx_word' id='word_1_265' title='bbox 982 2612 1146 2676; x_wconf 81' lang='lat' dir='ltr'><strong>sioniinatur,</strong></span> <span class='ocrx_word' id='word_1_266' title='bbox 1174 2629 1247 2682; x_wconf 86' lang='lat' dir='ltr'><strong>quae</strong></span> <span class='ocrx_word' id='word_1_267' title='bbox 1279 2631 1333 2666; x_wconf 87' lang='lat' dir='ltr'><strong>non</strong></span> <span class='ocrx_word' id='word_1_268' title='bbox 1363 2612 1472 2666; x_wconf 84' lang='lat' dir='ltr'><strong>luemnt</strong></span> <span class='ocrx_word' id='word_1_269' title='bbox 1496 2612 1523 2666; x_wconf 88' lang='lat' dir='ltr'><strong>in</strong></span> <span class='ocrx_word' id='word_1_270' title='bbox 1547 2613 1665 2667; x_wconf 88' lang='lat' dir='ltr'><strong>essentia</strong></span> <span class='ocrx_word' id='word_1_271' title='bbox 1688 2613 1805 2666; x_wconf 88' lang='lat' dir='ltr'><strong>delirate</strong></span> <span class='ocrx_word' id='word_1_272' title='bbox 1828 2613 1884 2668; x_wconf 86' lang='lat' dir='ltr'><strong>fac·</strong></span> 
     </span>
     <span class='ocr_line' id='line_1_21' title="bbox 187 2719 1886 2790; baseline -0.001 -14"><span class='ocrx_word' id='word_1_273' title='bbox 187 2735 215 2776; x_wconf 75' lang='lat' dir='ltr'><strong>te</strong></span> <span class='ocrx_word' id='word_1_274' title='bbox 231 2727 302 2772; x_wconf 86' lang='lat' dir='ltr'><strong>tura.</strong></span> <span class='ocrx_word' id='word_1_275' title='bbox 342 2720 378 2773; x_wconf 87' lang='lat' dir='ltr'><strong>Et</strong></span> <span class='ocrx_word' id='word_1_276' title='bbox 401 2737 435 2772; x_wconf 88' lang='lat' dir='ltr'><strong>ne</strong></span> <span class='ocrx_word' id='word_1_277' title='bbox 458 2737 513 2773; x_wconf 86' lang='lat' dir='ltr'><strong>una</strong></span> <span class='ocrx_word' id='word_1_278' title='bbox 536 2719 730 2773; x_wconf 74' lang='lat' dir='ltr'><strong>cortileseeusio</strong></span> <span class='ocrx_word' id='word_1_279' title='bbox 754 2720 889 2773; x_wconf 88' lang='lat' dir='ltr'><strong>ecelesiae</strong></span> <span class='ocrx_word' id='word_1_280' title='bbox 913 2719 1012 2774; x_wconf 79' lang='lat' dir='ltr'><strong>Christi</strong></span> <span class='ocrx_word' id='word_1_281' title='bbox 1036 2737 1097 2772; x_wconf 84' lang='lat' dir='ltr'><strong>curu</strong></span> <span class='ocrx_word' id='word_1_282' title='bbox 1121 2719 1221 2772; x_wconf 72' lang='lat' dir='ltr'><strong>idolis?</strong></span> <span class='ocrx_word' id='word_1_283' title='bbox 1260 2719 1358 2783; x_wconf 61' lang='lat' dir='ltr'><strong>ausin</strong></span> <span class='ocrx_word' id='word_1_284' title='bbox 1381 2738 1471 2790; x_wconf 81' lang='lat' dir='ltr'><strong>neque</strong></span> <span class='ocrx_word' id='word_1_285' title='bbox 1496 2720 1566 2773; x_wconf 91' lang='lat' dir='ltr'><strong>enim</strong></span> <span class='ocrx_word' id='word_1_286' title='bbox 1591 2719 1690 2772; x_wconf 77' lang='lat' dir='ltr'><strong>vitulos</strong></span> <span class='ocrx_word' id='word_1_287' title='bbox 1713 2721 1886 2775; x_wconf 75' lang='lat' dir='ltr'><strong>adoraviiuus</strong></span> 
     </span>
     <span class='ocr_line' id='line_1_22' title="bbox 231 2825 1884 2897; baseline 0.001 -19"><span class='ocrx_word' id='word_1_288' title='bbox 231 2843 321 2896; x_wconf 86' lang='lat' dir='ltr'><strong>neque</strong></span> <span class='ocrx_word' id='word_1_289' title='bbox 344 2826 458 2880; x_wconf 89' lang='lat' dir='ltr'><strong>vitulum</strong></span> <span class='ocrx_word' id='word_1_290' title='bbox 482 2826 509 2879; x_wconf 92' lang='lat' dir='ltr'><strong>in</strong></span> <span class='ocrx_word' id='word_1_291' title='bbox 525 2825 635 2880; x_wconf 85' lang='lat' dir='ltr'><strong>Choreb</strong></span> <span class='ocrx_word' id='word_1_292' title='bbox 660 2825 779 2879; x_wconf 85' lang='lat' dir='ltr'><strong>fudimus</strong></span> <span class='ocrx_word' id='word_1_293' title='bbox 802 2843 891 2896; x_wconf 90' lang='lat' dir='ltr'><strong>neque</strong></span> <span class='ocrx_word' id='word_1_294' title='bbox 907 2827 998 2880; x_wconf 84' lang='lat' dir='ltr'><strong>Deum</strong></span> <span class='ocrx_word' id='word_1_295' title='bbox 1021 2826 1100 2880; x_wconf 91' lang='lat' dir='ltr'><strong>nohis</strong></span> <span class='ocrx_word' id='word_1_296' title='bbox 1123 2827 1252 2880; x_wconf 79' lang='lat' dir='ltr'><strong>uictricium</strong></span> <span class='ocrx_word' id='word_1_297' title='bbox 1269 2826 1481 2879; x_wconf 73' lang='lat' dir='ltr'><strong>existimavimus</strong></span> <span class='ocrx_word' id='word_1_298' title='bbox 1502 2844 1592 2896; x_wconf 81' lang='lat' dir='ltr'><strong>neque</strong></span> <span class='ocrx_word' id='word_1_299' title='bbox 1609 2827 1705 2880; x_wconf 84' lang='lat' dir='ltr'><strong>itennn</strong></span> <span class='ocrx_word' id='word_1_300' title='bbox 1722 2827 1748 2880; x_wconf 91' lang='lat' dir='ltr'><strong>iu</strong></span> <span class='ocrx_word' id='word_1_301' title='bbox 1765 2827 1884 2897; x_wconf 85' lang='lat' dir='ltr'><strong>sculptili</strong></span> 
     </span>
     <span class='ocr_line' id='line_1_23' title="bbox 232 2931 1886 3004; baseline 0.002 -20"><span class='ocrx_word' id='word_1_302' title='bbox 232 2931 354 2984; x_wconf 90' lang='lat' dir='ltr'><strong>inclinati</strong></span> <span class='ocrx_word' id='word_1_303' title='bbox 378 2951 469 2986; x_wconf 85' lang='lat' dir='ltr'><strong>sumus</strong></span> <span class='ocrx_word' id='word_1_304' title='bbox 492 2942 519 2984; x_wconf 91' lang='lat' dir='ltr'><strong>et</strong></span> <span class='ocrx_word' id='word_1_305' title='bbox 543 2933 719 3002; x_wconf 83' lang='lat' dir='ltr'><strong>Beelphegor</strong></span> <span class='ocrx_word' id='word_1_306' title='bbox 741 2933 893 2986; x_wconf 87' lang='lat' dir='ltr'><strong>consecrati</strong></span> <span class='ocrx_word' id='word_1_307' title='bbox 916 2951 1007 2986; x_wconf 88' lang='lat' dir='ltr'><strong>sumus</strong></span> <span class='ocrx_word' id='word_1_308' title='bbox 1030 2951 1119 3004; x_wconf 87' lang='lat' dir='ltr'><strong>neque</strong></span> <span class='ocrx_word' id='word_1_309' title='bbox 1143 2931 1216 2986; x_wconf 89' lang='lat' dir='ltr'><strong>filios</strong></span> <span class='ocrx_word' id='word_1_310' title='bbox 1242 2942 1348 2986; x_wconf 89' lang='lat' dir='ltr'><strong>nostros</strong></span> <span class='ocrx_word' id='word_1_311' title='bbox 1372 2942 1419 2986; x_wconf 86' lang='lat' dir='ltr'><strong>aut</strong></span> <span class='ocrx_word' id='word_1_312' title='bbox 1442 2932 1513 2986; x_wconf 83' lang='lat' dir='ltr'><strong>filias</strong></span> <span class='ocrx_word' id='word_1_313' title='bbox 1535 2933 1684 3003; x_wconf 81' lang='lat' dir='ltr'><strong>aliquando</strong></span> <span class='ocrx_word' id='word_1_314' title='bbox 1707 2933 1886 2987; x_wconf 89' lang='lat' dir='ltr'><strong>daemonibus</strong></span> 
     </span>
     <span class='ocr_line' id='line_1_24' title="bbox 232 3035 1885 3109; baseline 0.002 -19"><span class='ocrx_word' id='word_1_315' title='bbox 232 3038 439 3092; x_wconf 87' lang='lat' dir='ltr'><strong>immolavimus.</strong></span> <span class='ocrx_word' id='word_1_316' title='bbox 485 3035 570 3093; x_wconf 62' lang='grc' dir='ltr'><strong>Νοιιὅ</strong></span> <span class='ocrx_word' id='word_1_317' title='bbox 593 3047 655 3093; x_wconf 88' lang='lat' dir='ltr'><strong>sunt</strong></span> <span class='ocrx_word' id='word_1_318' title='bbox 677 3041 746 3094; x_wconf 77' lang='lat' dir='ltr'><strong>lance</strong></span> <span class='ocrx_word' id='word_1_319' title='bbox 770 3039 859 3109; x_wconf 88' lang='lat' dir='ltr'><strong>nobis,</strong></span> <span class='ocrx_word' id='word_1_320' title='bbox 881 3058 935 3094; x_wconf 89' lang='lat' dir='ltr'><strong>nen</strong></span> <span class='ocrx_word' id='word_1_321' title='bbox 959 3048 1030 3109; x_wconf 87' lang='lat' dir='ltr'><strong>sunt,</strong></span> <span class='ocrx_word' id='word_1_322' title='bbox 1052 3040 1143 3093; x_wconf 88' lang='lat' dir='ltr'><strong>nullus</strong></span> <span class='ocrx_word' id='word_1_323' title='bbox 1166 3049 1319 3106; x_wconf 88' lang='lat' dir='ltr'><strong>accusetur,</strong></span> <span class='ocrx_word' id='word_1_324' title='bbox 1342 3039 1469 3109; x_wconf 81' lang='lat' dir='ltr'><strong>quoniam</strong></span> <span class='ocrx_word' id='word_1_325' title='bbox 1494 3039 1570 3104; x_wconf 84' lang='lat' dir='ltr'><strong>nihil,</strong></span> <span class='ocrx_word' id='word_1_326' title='bbox 1599 3057 1671 3109; x_wconf 70' lang='lat' dir='ltr'><strong>iprae</strong></span> <span class='ocrx_word' id='word_1_327' title='bbox 1695 3040 1813 3094; x_wconf 81' lang='lat' dir='ltr'><strong>existunt</strong></span> <span class='ocrx_word' id='word_1_328' title='bbox 1837 3047 1885 3093; x_wconf 87' lang='lat' dir='ltr'><strong>aut</strong></span> 
     </span>
     <span class='ocr_line' id='line_1_25' title="bbox 233 3145 2053 3218; baseline 0.003 -20"><span class='ocrx_word' id='word_1_329' title='bbox 233 3145 307 3198; x_wconf 86' lang='lat' dir='ltr'><strong>faeta</strong></span> <span class='ocrx_word' id='word_1_330' title='bbox 331 3155 401 3204; x_wconf 79' lang='lat' dir='ltr'><strong>scuit,</strong></span> <span class='ocrx_word' id='word_1_331' title='bbox 424 3155 535 3216; x_wconf 87' lang='lat' dir='ltr'><strong>praeter</strong></span> <span class='ocrx_word' id='word_1_332' title='bbox 557 3165 665 3214; x_wconf 82' lang='lat' dir='ltr'><strong>uoirren,</strong></span> <span class='ocrx_word' id='word_1_333' title='bbox 692 3148 765 3218; x_wconf 65' lang='lat' dir='ltr'><strong>‹prtod</strong></span> <span class='ocrx_word' id='word_1_334' title='bbox 789 3157 830 3200; x_wconf 92' lang='lat' dir='ltr'><strong>est</strong></span> <span class='ocrx_word' id='word_1_335' title='bbox 853 3165 935 3217; x_wconf 89' lang='lat' dir='ltr'><strong>super</strong></span> <span class='ocrx_word' id='word_1_336' title='bbox 958 3165 1037 3200; x_wconf 89' lang='lat' dir='ltr'><strong>omne</strong></span> <span class='ocrx_word' id='word_1_337' title='bbox 1060 3163 1171 3210; x_wconf 89' lang='lat' dir='ltr'><strong>nomen,</strong></span> <span class='ocrx_word' id='word_1_338' title='bbox 1201 3145 1337 3199; x_wconf 81' lang='lat' dir='ltr'><strong>vivificam</strong></span> <span class='ocrx_word' id='word_1_339' title='bbox 1362 3146 1509 3198; x_wconf 89' lang='lat' dir='ltr'><strong>trinitatem</strong></span> <span class='ocrx_word' id='word_1_340' title='bbox 1533 3146 1652 3215; x_wconf 88' lang='lat' dir='ltr'><strong>populus</strong></span> <span class='ocrx_word' id='word_1_341' title='bbox 1675 3145 1775 3200; x_wconf 79' lang='lat' dir='ltr'><strong>Christi</strong></span> <span class='ocrx_word' id='word_1_342' title='bbox 1799 3165 1885 3217; x_wconf 82' lang='lat' dir='ltr'><strong>usque</strong></span> <span class='ocrx_word' id='word_1_343' title='bbox 1903 3157 2053 3212; x_wconf 64' lang='lat' dir='ltr'><strong>etenum.</strong></span> 
     </span>
     <span class='ocr_line' id='line_1_26' title="bbox 187 3247 1884 3324; baseline -0.001 -16"><span class='ocrx_word' id='word_1_344' title='bbox 187 3268 214 3308; x_wconf 75' lang='lat'><strong>25</strong></span> <span class='ocrx_word' id='word_1_345' title='bbox 232 3252 314 3305; x_wconf 90' lang='lat' dir='ltr'><strong>hodie</strong></span> <span class='ocrx_word' id='word_1_346' title='bbox 337 3252 448 3305; x_wconf 83' lang='lat' dir='ltr'><strong>servivit</strong></span> <span class='ocrx_word' id='word_1_347' title='bbox 471 3263 517 3306; x_wconf 76' lang='lat' dir='ltr'><strong>arat</strong></span> <span class='ocrx_word' id='word_1_348' title='bbox 541 3263 686 3307; x_wconf 85' lang='lat' dir='ltr'><strong>veneratus</strong></span> <span class='ocrx_word' id='word_1_349' title='bbox 710 3261 766 3320; x_wconf 78' lang='lat' dir='ltr'><strong>est3</strong></span> <span class='ocrx_word' id='word_1_350' title='bbox 790 3253 870 3307; x_wconf 87' lang='lat' dir='ltr'><strong>absit.</strong></span> <span class='ocrx_word' id='word_1_351' title='bbox 913 3247 964 3306; x_wconf 66' lang='lat' dir='ltr'><strong>Sit</strong></span> <span class='ocrx_word' id='word_1_352' title='bbox 987 3254 1058 3306; x_wconf 84' lang='lat' dir='ltr'><strong>enirn</strong></span> <span class='ocrx_word' id='word_1_353' title='bbox 1081 3254 1141 3324; x_wconf 88' lang='lat' dir='ltr'><strong>quis</strong></span> <span class='ocrx_word' id='word_1_354' title='bbox 1166 3253 1277 3306; x_wconf 84' lang='lat' dir='ltr'><strong>iudaice</strong></span> <span class='ocrx_word' id='word_1_355' title='bbox 1301 3261 1389 3304; x_wconf 76' lang='lat' dir='ltr'><strong>naonis</strong></span> <span class='ocrx_word' id='word_1_356' title='bbox 1412 3252 1447 3306; x_wconf 86' lang='lat' dir='ltr'><strong>ad</strong></span> <span class='ocrx_word' id='word_1_357' title='bbox 1471 3252 1702 3316; x_wconf 88' lang='lat' dir='ltr'><strong>calumniandum,</strong></span> <span class='ocrx_word' id='word_1_358' title='bbox 1725 3271 1796 3323; x_wconf 85' lang='lat' dir='ltr'><strong>qnae</strong></span> <span class='ocrx_word' id='word_1_359' title='bbox 1820 3254 1884 3306; x_wconf 86' lang='lat' dir='ltr'><strong>elim</strong></span> 
     </span>
     <span class='ocr_line' id='line_1_27' title="bbox 233 3358 1884 3430; baseline 0.002 -19"><span class='ocrx_word' id='word_1_360' title='bbox 233 3358 366 3412; x_wconf 86' lang='lat' dir='ltr'><strong>idolorum</strong></span> <span class='ocrx_word' id='word_1_361' title='bbox 391 3359 503 3412; x_wconf 83' lang='lat' dir='ltr'><strong>culturis</strong></span> <span class='ocrx_word' id='word_1_362' title='bbox 527 3361 709 3414; x_wconf 84' lang='lat' dir='ltr'><strong>acclamantia</strong></span> <span class='ocrx_word' id='word_1_363' title='bbox 731 3360 894 3430; x_wconf 86' lang='lat' dir='ltr'><strong>profanatur</strong></span> <span class='ocrx_word' id='word_1_364' title='bbox 917 3371 943 3414; x_wconf 91' lang='lat' dir='ltr'><strong>et</strong></span> <span class='ocrx_word' id='word_1_365' title='bbox 967 3360 1100 3413; x_wconf 89' lang='lat' dir='ltr'><strong>idolerum</strong></span> <span class='ocrx_word' id='word_1_366' title='bbox 1123 3360 1232 3414; x_wconf 88' lang='lat' dir='ltr'><strong>cultura</strong></span> <span class='ocrx_word' id='word_1_367' title='bbox 1255 3358 1392 3412; x_wconf 89' lang='lat' dir='ltr'><strong>ascribere</strong></span> <span class='ocrx_word' id='word_1_368' title='bbox 1416 3359 1550 3412; x_wconf 87' lang='lat' dir='ltr'><strong>ecclcsiae</strong></span> <span class='ocrx_word' id='word_1_369' title='bbox 1581 3367 1689 3412; x_wconf 88' lang='lat' dir='ltr'><strong>nostrae</strong></span> <span class='ocrx_word' id='word_1_370' title='bbox 1713 3360 1748 3412; x_wconf 89' lang='lat' dir='ltr'><strong>de</strong></span> <span class='ocrx_word' id='word_1_371' title='bbox 1772 3377 1884 3414; x_wconf 87' lang='lat' dir='ltr'><strong>venera·</strong></span> 
     </span>
     <span class='ocr_line' id='line_1_28' title="bbox 233 3465 1885 3536; baseline 0.002 -20"><span class='ocrx_word' id='word_1_372' title='bbox 233 3465 333 3519; x_wconf 86' lang='lat' dir='ltr'><strong>bilibus</strong></span> <span class='ocrx_word' id='word_1_373' title='bbox 363 3465 527 3536; x_wconf 87' lang='lat' dir='ltr'><strong>imaginibus</strong></span> <span class='ocrx_word' id='word_1_374' title='bbox 556 3467 653 3520; x_wconf 72' lang='lat' dir='ltr'><strong>(livinis</strong></span> <span class='ocrx_word' id='word_1_375' title='bbox 684 3476 711 3520; x_wconf 91' lang='lat' dir='ltr'><strong>et</strong></span> <span class='ocrx_word' id='word_1_376' title='bbox 741 3466 910 3521; x_wconf 76' lang='lat' dir='ltr'><strong>irritabilibus</strong></span> <span class='ocrx_word' id='word_1_377' title='bbox 940 3467 975 3520; x_wconf 87' lang='lat' dir='ltr'><strong>ad</strong></span> <span class='ocrx_word' id='word_1_378' title='bbox 1006 3467 1121 3520; x_wconf 87' lang='lat' dir='ltr'><strong>meliora</strong></span> <span class='ocrx_word' id='word_1_379' title='bbox 1151 3467 1272 3532; x_wconf 90' lang='lat' dir='ltr'><strong>directis,</strong></span> <span class='ocrx_word' id='word_1_380' title='bbox 1302 3466 1485 3518; x_wconf 78' lang='lat' dir='ltr'><strong>existimemus</strong></span> <span class='ocrx_word' id='word_1_381' title='bbox 1514 3466 1581 3519; x_wconf 91' lang='lat' dir='ltr'><strong>nihil</strong></span> <span class='ocrx_word' id='word_1_382' title='bbox 1613 3465 1688 3519; x_wconf 86' lang='lat' dir='ltr'><strong>aliud</strong></span> <span class='ocrx_word' id='word_1_383' title='bbox 1719 3473 1765 3519; x_wconf 88' lang='lat' dir='ltr'><strong>aut</strong></span> <span class='ocrx_word' id='word_1_384' title='bbox 1788 3483 1885 3520; x_wconf 88' lang='lat' dir='ltr'><strong>cenem</strong></span> 
     </span>
     <span class='ocr_line' id='line_1_29' title="bbox 234 3572 1885 3643; baseline 0.001 -18"><span class='ocrx_word' id='word_1_385' title='bbox 234 3573 379 3626; x_wconf 87' lang='lat' dir='ltr'><strong>latrantem</strong></span> <span class='ocrx_word' id='word_1_386' title='bbox 404 3583 430 3626; x_wconf 91' lang='lat' dir='ltr'><strong>et</strong></span> <span class='ocrx_word' id='word_1_387' title='bbox 454 3574 510 3627; x_wconf 69' lang='lat' dir='ltr'><strong>atsi</strong></span> <span class='ocrx_word' id='word_1_388' title='bbox 534 3574 560 3626; x_wconf 95' lang='lat' dir='ltr'><strong>in</strong></span> <span class='ocrx_word' id='word_1_389' title='bbox 584 3574 728 3628; x_wconf 83' lang='lat' dir='ltr'><strong>limdibula</strong></span> <span class='ocrx_word' id='word_1_390' title='bbox 750 3575 846 3643; x_wconf 89' lang='lat' dir='ltr'><strong>procul</strong></span> <span class='ocrx_word' id='word_1_391' title='bbox 871 3574 1024 3640; x_wconf 89' lang='lat' dir='ltr'><strong>eicientem,</strong></span> <span class='ocrx_word' id='word_1_392' title='bbox 1047 3573 1142 3627; x_wconf 84' lang='lat' dir='ltr'><strong>audiat</strong></span> <span class='ocrx_word' id='word_1_393' title='bbox 1164 3574 1233 3627; x_wconf 90' lang='lat' dir='ltr'><strong>sicut</strong></span> <span class='ocrx_word' id='word_1_394' title='bbox 1257 3572 1389 3625; x_wconf 87' lang='lat' dir='ltr'><strong>Iudaeus:</strong></span> <span class='ocrx_word' id='word_1_395' title='bbox 1416 3572 1526 3627; x_wconf 83' lang='lat' dir='ltr'><strong>Utinam</strong></span> <span class='ocrx_word' id='word_1_396' title='bbox 1550 3579 1631 3638; x_wconf 88' lang='lat' dir='ltr'><strong>esset,</strong></span> <span class='ocrx_word' id='word_1_397' title='bbox 1656 3581 1684 3625; x_wconf 89' lang='lat' dir='ltr'><strong>ct</strong></span> <span class='ocrx_word' id='word_1_398' title='bbox 1707 3572 1811 3626; x_wconf 87' lang='lat' dir='ltr'><strong>Israhel</strong></span> <span class='ocrx_word' id='word_1_399' title='bbox 1835 3590 1885 3643; x_wconf 88' lang='lat' dir='ltr'><strong>per</strong></span> 
     </span>
     <span class='ocr_line' id='line_1_30' title="bbox 233 3679 1884 3751; baseline 0.002 -21"><span class='ocrx_word' id='word_1_400' title='bbox 233 3679 389 3742; x_wconf 83' lang='lat' dir='ltr'><strong>visibilium,</strong></span> <span class='ocrx_word' id='word_1_401' title='bbox 412 3699 495 3751; x_wconf 60' lang='lat' dir='ltr'><strong>cluam</strong></span> <span class='ocrx_word' id='word_1_402' title='bbox 518 3681 665 3750; x_wconf 85' lang='lat' dir='ltr'><strong>deputatus</strong></span> <span class='ocrx_word' id='word_1_403' title='bbox 688 3689 739 3744; x_wconf 87' lang='lat' dir='ltr'><strong>est,</strong></span> <span class='ocrx_word' id='word_1_404' title='bbox 762 3681 861 3734; x_wconf 86' lang='lat' dir='ltr'><strong>offerre</strong></span> <span class='ocrx_word' id='word_1_405' title='bbox 885 3681 947 3734; x_wconf 82' lang='lat' dir='ltr'><strong>Ileo</strong></span> <span class='ocrx_word' id='word_1_406' title='bbox 970 3680 1158 3733; x_wconf 87' lang='lat' dir='ltr'><strong>adorationem</strong></span> <span class='ocrx_word' id='word_1_407' title='bbox 1182 3689 1208 3732; x_wconf 92' lang='lat' dir='ltr'><strong>et</strong></span> <span class='ocrx_word' id='word_1_408' title='bbox 1232 3698 1282 3750; x_wconf 87' lang='lat' dir='ltr'><strong>per</strong></span> <span class='ocrx_word' id='word_1_409' title='bbox 1305 3679 1433 3749; x_wconf 86' lang='lat' dir='ltr'><strong>exempla</strong></span> <span class='ocrx_word' id='word_1_410' title='bbox 1457 3679 1599 3732; x_wconf 81' lang='lat' dir='ltr'><strong>nreiuorari</strong></span> <span class='ocrx_word' id='word_1_411' title='bbox 1623 3680 1756 3733; x_wconf 87' lang='lat' dir='ltr'><strong>factorem</strong></span> <span class='ocrx_word' id='word_1_412' title='bbox 1780 3689 1808 3732; x_wconf 91' lang='lat' dir='ltr'><strong>et</strong></span> <span class='ocrx_word' id='word_1_413' title='bbox 1830 3699 1884 3734; x_wconf 90' lang='lat' dir='ltr'><strong>nen</strong></span> 
     </span>
     <span class='ocr_line' id='line_1_31' title="bbox 188 3786 1885 3858; baseline -0.001 -17"><span class='ocrx_word' id='word_1_414' title='bbox 188 3801 215 3841; x_wconf 76' lang='lat' dir='ltr'><strong>te</strong></span> <span class='ocrx_word' id='word_1_415' title='bbox 233 3786 346 3839; x_wconf 86' lang='lat' dir='ltr'><strong>vitulum</strong></span> <span class='ocrx_word' id='word_1_416' title='bbox 369 3795 466 3840; x_wconf 87' lang='lat' dir='ltr'><strong>tenere</strong></span> <span class='ocrx_word' id='word_1_417' title='bbox 490 3797 517 3840; x_wconf 90' lang='lat' dir='ltr'><strong>et</strong></span> <span class='ocrx_word' id='word_1_418' title='bbox 540 3806 647 3841; x_wconf 80' lang='lat' dir='ltr'><strong>rutrscas</strong></span> <span class='ocrx_word' id='word_1_419' title='bbox 670 3806 753 3858; x_wconf 76' lang='lat' dir='ltr'><strong>sulicr</strong></span> <span class='ocrx_word' id='word_1_420' title='bbox 775 3786 886 3840; x_wconf 88' lang='lat' dir='ltr'><strong>tabulas</strong></span> <span class='ocrx_word' id='word_1_421' title='bbox 909 3788 1082 3854; x_wconf 68' lang='lat' dir='ltr'><strong>testamenti,</strong></span> <span class='ocrx_word' id='word_1_422' title='bbox 1112 3786 1215 3839; x_wconf 84' lang='lat' dir='ltr'><strong>utinam</strong></span> <span class='ocrx_word' id='word_1_423' title='bbox 1246 3795 1369 3839; x_wconf 75' lang='lat' dir='ltr'><strong>sarit-tuin</strong></span> <span class='ocrx_word' id='word_1_424' title='bbox 1392 3786 1481 3839; x_wconf 69' lang='lat' dir='ltr'><strong>altene</strong></span> <span class='ocrx_word' id='word_1_425' title='bbox 1505 3786 1632 3854; x_wconf 85' lang='lat' dir='ltr'><strong>diligeret</strong></span> <span class='ocrx_word' id='word_1_426' title='bbox 1657 3794 1683 3840; x_wconf 93' lang='lat' dir='ltr'><strong>et</strong></span> <span class='ocrx_word' id='word_1_427' title='bbox 1708 3805 1761 3840; x_wconf 92' lang='lat' dir='ltr'><strong>non</strong></span> <span class='ocrx_word' id='word_1_428' title='bbox 1785 3787 1885 3840; x_wconf 85' lang='lat' dir='ltr'><strong>vitulas</strong></span> 
     </span>
     <span class='ocr_line' id='line_1_32' title="bbox 233 3888 1884 3961; baseline 0.002 -17"><span class='ocrx_word' id='word_1_429' title='bbox 233 3892 382 3946; x_wconf 83' lang='lat' dir='ltr'><strong>Saiuariae.</strong></span> <span class='ocrx_word' id='word_1_430' title='bbox 430 3888 559 3947; x_wconf 67' lang='grc' dir='ltr'><strong>Βοιιιιιιιἶ</strong></span> <span class='ocrx_word' id='word_1_431' title='bbox 582 3895 621 3947; x_wconf 92' lang='lat' dir='ltr'><strong>illi</strong></span> <span class='ocrx_word' id='word_1_432' title='bbox 646 3903 717 3946; x_wconf 65' lang='lat' dir='ltr'><strong>sisset</strong></span> <span class='ocrx_word' id='word_1_433' title='bbox 742 3893 820 3946; x_wconf 87' lang='lat' dir='ltr'><strong>simul</strong></span> <span class='ocrx_word' id='word_1_434' title='bbox 845 3902 873 3948; x_wconf 91' lang='lat' dir='ltr'><strong>et</strong></span> <span class='ocrx_word' id='word_1_435' title='bbox 896 3893 993 3947; x_wconf 80' lang='lat' dir='ltr'><strong>instinc</strong></span> <span class='ocrx_word' id='word_1_436' title='bbox 1017 3893 1181 3946; x_wconf 86' lang='lat' dir='ltr'><strong>rorissimam</strong></span> <span class='ocrx_word' id='word_1_437' title='bbox 1204 3892 1324 3945; x_wconf 79' lang='lat' dir='ltr'><strong>(livinum</strong></span> <span class='ocrx_word' id='word_1_438' title='bbox 1349 3901 1454 3961; x_wconf 88' lang='lat' dir='ltr'><strong>petram</strong></span> <span class='ocrx_word' id='word_1_439' title='bbox 1479 3893 1646 3961; x_wconf 83' lang='lat' dir='ltr'><strong>arnplecterc</strong></span> <span class='ocrx_word' id='word_1_440' title='bbox 1679 3901 1706 3946; x_wconf 90' lang='lat' dir='ltr'><strong>et</strong></span> <span class='ocrx_word' id='word_1_441' title='bbox 1729 3911 1782 3946; x_wconf 79' lang='lat' dir='ltr'><strong>ison</strong></span> <span class='ocrx_word' id='word_1_442' title='bbox 1806 3893 1884 3949; x_wconf 85' lang='lat' dir='ltr'><strong>Beel.</strong></span> 
     </span>
     <span class='ocr_line' id='line_1_33' title="bbox 234 3999 1884 4071; baseline 0.001 -18"><span class='ocrx_word' id='word_1_443' title='bbox 234 4000 344 4054; x_wconf 73' lang='lat' dir='ltr'><strong>l&#39;tinam</strong></span> <span class='ocrx_word' id='word_1_444' title='bbox 368 4008 441 4054; x_wconf 90' lang='lat' dir='ltr'><strong>esset</strong></span> <span class='ocrx_word' id='word_1_445' title='bbox 465 4001 504 4054; x_wconf 93' lang='lat' dir='ltr'><strong>illi</strong></span> <span class='ocrx_word' id='word_1_446' title='bbox 528 4002 564 4054; x_wconf 88' lang='lat' dir='ltr'><strong>ad</strong></span> <span class='ocrx_word' id='word_1_447' title='bbox 587 4002 691 4070; x_wconf 87' lang='lat' dir='ltr'><strong>virgam</strong></span> <span class='ocrx_word' id='word_1_448' title='bbox 708 4001 798 4071; x_wconf 80' lang='lat' dir='ltr'><strong>Moysi</strong></span> <span class='ocrx_word' id='word_1_449' title='bbox 822 4000 909 4068; x_wconf 83' lang='lat' dir='ltr'><strong>magis</strong></span> <span class='ocrx_word' id='word_1_450' title='bbox 933 3999 1056 4068; x_wconf 87' lang='lat' dir='ltr'><strong>aspicere</strong></span> <span class='ocrx_word' id='word_1_451' title='bbox 1081 4007 1107 4052; x_wconf 88' lang='lat' dir='ltr'><strong>et</strong></span> <span class='ocrx_word' id='word_1_452' title='bbox 1131 4000 1166 4051; x_wconf 87' lang='lat' dir='ltr'><strong>ad</strong></span> <span class='ocrx_word' id='word_1_453' title='bbox 1190 4017 1285 4052; x_wconf 79' lang='lat' dir='ltr'><strong>rimam</strong></span> <span class='ocrx_word' id='word_1_454' title='bbox 1310 4017 1421 4052; x_wconf 72' lang='lat' dir='ltr'><strong>aeneam</strong></span> <span class='ocrx_word' id='word_1_455' title='bbox 1446 4007 1474 4052; x_wconf 90' lang='lat' dir='ltr'><strong>et</strong></span> <span class='ocrx_word' id='word_1_456' title='bbox 1496 4017 1588 4052; x_wconf 88' lang='lat' dir='ltr'><strong>arcam</strong></span> <span class='ocrx_word' id='word_1_457' title='bbox 1613 4007 1641 4051; x_wconf 91' lang='lat' dir='ltr'><strong>et</strong></span> <span class='ocrx_word' id='word_1_458' title='bbox 1657 3999 1884 4070; x_wconf 88' lang='lat' dir='ltr'><strong>propitiatorium,</strong></span> 
     </span>
     <span class='ocr_line' id='line_1_34' title="bbox 233 4079 1884 4176; baseline 0.001 -17"><span class='ocrx_word' id='word_1_459' title='bbox 233 4107 356 4170; x_wconf 82' lang='lat' dir='ltr'><strong>laniinas,</strong></span> <span class='ocrx_word' id='word_1_460' title='bbox 387 4107 488 4176; x_wconf 87' lang='lat' dir='ltr'><strong>ephod,</strong></span> <span class='ocrx_word' id='word_1_461' title='bbox 518 4125 649 4172; x_wconf 79' lang='lat' dir='ltr'><strong>tricinam,</strong></span> <span class='ocrx_word' id='word_1_462' title='bbox 678 4106 886 4162; x_wconf 84' lang='lat' dir='ltr'><strong>tabernaculum</strong></span> <span class='ocrx_word' id='word_1_463' title='bbox 917 4105 1028 4159; x_wconf 86' lang='lat' dir='ltr'><strong>interius</strong></span> <span class='ocrx_word' id='word_1_464' title='bbox 1059 4115 1086 4157; x_wconf 90' lang='lat' dir='ltr'><strong>et</strong></span> <span class='ocrx_word' id='word_1_465' title='bbox 1110 4105 1238 4166; x_wconf 68' lang='lat' dir='ltr'><strong>interius,</strong></span> <span class='ocrx_word' id='word_1_466' title='bbox 1267 4125 1339 4176; x_wconf 78' lang='lat' dir='ltr'><strong>quae</strong></span> <span class='ocrx_word' id='word_1_467' title='bbox 1369 4106 1460 4159; x_wconf 82' lang='lat' dir='ltr'><strong>etrinia</strong></span> <span class='ocrx_word' id='word_1_468' title='bbox 1489 4079 1531 4159; x_wconf 51' lang='lat' dir='ltr'><strong>in·</strong></span> <span class='ocrx_word' id='word_1_469' title='bbox 1546 4106 1633 4176; x_wconf 88' lang='lat' dir='ltr'><strong>gloria</strong></span> <span class='ocrx_word' id='word_1_470' title='bbox 1658 4107 1733 4159; x_wconf 83' lang='lat' dir='ltr'><strong>sacta</strong></span> <span class='ocrx_word' id='word_1_471' title='bbox 1757 4107 1810 4160; x_wconf 87' lang='lat' dir='ltr'><strong>Dei</strong></span> <span class='ocrx_word' id='word_1_472' title='bbox 1834 4108 1884 4162; x_wconf 83' lang='lat' dir='ltr'><strong>etsi</strong></span> 
     </span>
     <span class='ocr_line' id='line_1_35' title="bbox 232 4211 1885 4282; baseline 0.001 -16"><span class='ocrx_word' id='word_1_473' title='bbox 232 4213 398 4274; x_wconf 81' lang='lat' dir='ltr'><strong>isiarmt&#39;aeta,</strong></span> <span class='ocrx_word' id='word_1_474' title='bbox 421 4215 469 4267; x_wconf 87' lang='lat' dir='ltr'><strong>sed</strong></span> <span class='ocrx_word' id='word_1_475' title='bbox 493 4214 581 4280; x_wconf 85' lang='lat' dir='ltr'><strong>magis</strong></span> <span class='ocrx_word' id='word_1_476' title='bbox 604 4223 699 4268; x_wconf 83' lang='lat' dir='ltr'><strong>sarieta</strong></span> <span class='ocrx_word' id='word_1_477' title='bbox 722 4223 876 4267; x_wconf 72' lang='lat' dir='ltr'><strong>sanctinum</strong></span> <span class='ocrx_word' id='word_1_478' title='bbox 900 4212 1069 4274; x_wconf 86' lang='lat' dir='ltr'><strong>dicebantur,</strong></span> <span class='ocrx_word' id='word_1_479' title='bbox 1100 4221 1127 4264; x_wconf 87' lang='lat' dir='ltr'><strong>et</strong></span> <span class='ocrx_word' id='word_1_480' title='bbox 1151 4211 1288 4265; x_wconf 85' lang='lat' dir='ltr'><strong>Cherubin</strong></span> <span class='ocrx_word' id='word_1_481' title='bbox 1313 4214 1429 4282; x_wconf 87' lang='lat' dir='ltr'><strong>sculpta,</strong></span> <span class='ocrx_word' id='word_1_482' title='bbox 1459 4230 1573 4282; x_wconf 78' lang='lat' dir='ltr'><strong>qnorum</strong></span> <span class='ocrx_word' id='word_1_483' title='bbox 1597 4212 1756 4266; x_wconf 87' lang='lat' dir='ltr'><strong>memoriam</strong></span> <span class='ocrx_word' id='word_1_484' title='bbox 1781 4213 1885 4268; x_wconf 85' lang='lat' dir='ltr'><strong>faciens</strong></span> 
     </span>
    </p>
   </div>
   <div class='ocr_carea' id='block_1_4' title="bbox 186 4316 2027 4394">
    <p class='ocr_par' dir='ltr' id='par_1_4' title="bbox 186 4316 2027 4394">
     <span class='ocr_line' id='line_1_36' title="bbox 186 4316 2027 4394; baseline -0.001 -20"><span class='ocrx_word' id='word_1_485' title='bbox 186 4333 214 4374; x_wconf 75' lang='lat' dir='ltr'><strong>te</strong></span> <span class='ocrx_word' id='word_1_486' title='bbox 232 4322 374 4390; x_wconf 85' lang='lat' dir='ltr'><strong>apostolus</strong></span> <span class='ocrx_word' id='word_1_487' title='bbox 397 4321 498 4392; x_wconf 90' lang='lat' dir='ltr'><strong>inquit:</strong></span> <span class='ocrx_word' id='word_1_488' title='bbox 532 4318 672 4376; x_wconf 78' lang='lat' dir='ltr'><strong>Cherubin</strong></span> <span class='ocrx_word' id='word_1_489' title='bbox 694 4319 804 4394; x_wconf 71' lang='lat' dir='ltr'><strong>¹gloriae</strong></span> <span class='ocrx_word' id='word_1_490' title='bbox 831 4316 1020 4374; x_wconf 80' lang='lat' dir='ltr'><strong>ebunrbrantia</strong></span> <span class='ocrx_word' id='word_1_491' title='bbox 1044 4317 1284 4392; x_wconf 68' lang='lat' dir='ltr'><strong>primitiuleriwn,</strong></span> <span class='ocrx_word' id='word_1_492' title='bbox 1315 4319 1414 4389; x_wconf 81' lang='lat' dir='ltr'><strong>quibus</strong></span> <span class='ocrx_word' id='word_1_493' title='bbox 1438 4329 1464 4372; x_wconf 91' lang='lat' dir='ltr'><strong>ct</strong></span> <span class='ocrx_word' id='word_1_494' title='bbox 1487 4320 1579 4373; x_wconf 85' lang='lat' dir='ltr'><strong>divina</strong></span> <span class='ocrx_word' id='word_1_495' title='bbox 1604 4320 1717 4390; x_wconf 84' lang='lat' dir='ltr'><strong>vegitari</strong></span> <span class='ocrx_word' id='word_1_496' title='bbox 1745 4320 1834 4390; x_wconf 87' lang='lat' dir='ltr'><strong>gloria</strong></span> <span class='ocrx_word' id='word_1_497' title='bbox 1857 4327 1884 4373; x_wconf 88' lang='lat' dir='ltr'><strong>et</strong></span> <span class='ocrx_word' id='word_1_498' title='bbox 1903 4332 2027 4381; x_wconf 67' lang='lat' dir='ltr'><strong>liceant.</strong></span> 
     </span>
    </p>
   </div>
   <div class='ocr_carea' id='block_1_5' title="bbox 184 4593 1883 5554">
    <p class='ocr_par' dir='ltr' id='par_1_5' title="bbox 184 4593 1883 5554">
     <span class='ocr_line' id='line_1_37' title="bbox 341 4593 1882 4667; baseline -0.001 -17"><span class='ocrx_word' id='word_1_499' title='bbox 341 4602 515 4667; x_wconf 82' lang='lat' dir='ltr'><strong>lpcrscripsi</strong></span> <span class='ocrx_word' id='word_1_500' title='bbox 530 4600 559 4650; x_wconf 85' lang='lat' dir='ltr'><strong>P.</strong></span> <span class='ocrx_word' id='word_1_501' title='bbox 610 4595 922 4665; x_wconf 59' lang='lat' dir='ltr'><strong>lsanctnhupplerest.</strong></span> <span class='ocrx_word' id='word_1_502' title='bbox 974 4603 1005 4648; x_wconf 79' lang='lat' dir='ltr'><strong>ll</strong></span> <span class='ocrx_word' id='word_1_503' title='bbox 1025 4593 1063 4661; x_wconf 70' lang='lat' dir='ltr'><strong>ut]</strong></span> <span class='ocrx_word' id='word_1_504' title='bbox 1079 4607 1106 4647; x_wconf 93' lang='lat' dir='ltr'><strong>et</strong></span> <span class='ocrx_word' id='word_1_505' title='bbox 1120 4597 1149 4647; x_wconf 87' lang='lat' dir='ltr'><strong>P.</strong></span> <span class='ocrx_word' id='word_1_506' title='bbox 1200 4600 1232 4646; x_wconf 81' lang='lat'><strong>19</strong></span> <span class='ocrx_word' id='word_1_507' title='bbox 1246 4593 1409 4662; x_wconf 86' lang='lat' dir='ltr'><strong>designatio]</strong></span> <span class='ocrx_word' id='word_1_508' title='bbox 1423 4598 1622 4664; x_wconf 84' lang='lat' dir='ltr'><strong>designantium</strong></span> <span class='ocrx_word' id='word_1_509' title='bbox 1638 4597 1667 4647; x_wconf 81' lang='grc' dir='ltr'><strong>Ρ.</strong></span> <span class='ocrx_word' id='word_1_510' title='bbox 1718 4593 1882 4663; x_wconf 86' lang='lat' dir='ltr'><strong>nominatur]</strong></span> 
     </span>
     <span class='ocr_line' id='line_1_38' title="bbox 229 4682 1883 4755; baseline -0.002 -18"><span class='ocrx_word' id='word_1_511' title='bbox 229 4699 285 4754; x_wconf 82' lang='lat' dir='ltr'><strong>pest</strong></span> <span class='ocrx_word' id='word_1_512' title='bbox 300 4688 344 4739; x_wconf 83' lang='lat' dir='ltr'><strong>hee</strong></span> <span class='ocrx_word' id='word_1_513' title='bbox 359 4689 458 4740; x_wconf 62' lang='lat' dir='ltr'><strong>vebum</strong></span> <span class='ocrx_word' id='word_1_514' title='bbox 474 4690 596 4755; x_wconf 80' lang='lat' dir='ltr'><strong>quaedum</strong></span> <span class='ocrx_word' id='word_1_515' title='bbox 611 4690 728 4740; x_wconf 62' lang='lat' dir='ltr'><strong>meldinse</strong></span> <span class='ocrx_word' id='word_1_516' title='bbox 742 4690 866 4748; x_wconf 83' lang='lat' dir='ltr'><strong>ridentur,</strong></span> <span class='ocrx_word' id='word_1_517' title='bbox 881 4690 1003 4754; x_wconf 49' lang='lat' dir='ltr'><strong>,turmae</strong></span> <span class='ocrx_word' id='word_1_518' title='bbox 1023 4704 1092 4751; x_wconf 87' lang='lat' dir='ltr'><strong>quae</strong></span> <span class='ocrx_word' id='word_1_519' title='bbox 1109 4687 1189 4736; x_wconf 89' lang='lat' dir='ltr'><strong>etiam</strong></span> <span class='ocrx_word' id='word_1_520' title='bbox 1204 4687 1310 4736; x_wconf 82' lang='lat' dir='ltr'><strong>(lraeea</strong></span> <span class='ocrx_word' id='word_1_521' title='bbox 1328 4704 1371 4736; x_wconf 87' lang='lat' dir='ltr'><strong>ars</strong></span> <span class='ocrx_word' id='word_1_522' title='bbox 1384 4687 1503 4752; x_wconf 83' lang='lat' dir='ltr'><strong>fingendi</strong></span> <span class='ocrx_word' id='word_1_523' title='bbox 1517 4685 1622 4736; x_wconf 78' lang='lat' dir='ltr'><strong>fabulas</strong></span> <span class='ocrx_word' id='word_1_524' title='bbox 1636 4686 1773 4737; x_wconf 89' lang='lat' dir='ltr'><strong>simulavit</strong></span> <span class='ocrx_word' id='word_1_525' title='bbox 1793 4683 1818 4740; x_wconf 80' lang='lat' dir='ltr'><strong>hi</strong></span> <span class='ocrx_word' id='word_1_526' title='bbox 1838 4682 1883 4734; x_wconf 81' lang='lat' dir='ltr'><strong>xci</strong></span> 
     </span>
     <span class='ocr_line' id='line_1_39' title="bbox 226 4770 1882 4842; baseline 0.001 -17"><span class='ocrx_word' id='word_1_527' title='bbox 226 4771 366 4838; x_wconf 72' lang='grc' dir='ltr'><strong>Ἑλληνικὴ</strong></span> <span class='ocrx_word' id='word_1_528' title='bbox 385 4775 530 4838; x_wconf 62' lang='lat' dir='ltr'><strong>pressores</strong></span> <span class='ocrx_word' id='word_1_529' title='bbox 548 4773 705 4834; x_wconf 72' lang='grc' dir='ltr'><strong>ἀνέπλαττε),</strong></span> <span class='ocrx_word' id='word_1_530' title='bbox 773 4781 807 4829; x_wconf 83' lang='grc'><strong>23</strong></span> <span class='ocrx_word' id='word_1_531' title='bbox 833 4771 990 4840; x_wconf 81' lang='lat' dir='ltr'><strong>accusetur]</strong></span> <span class='ocrx_word' id='word_1_532' title='bbox 1008 4774 1130 4838; x_wconf 70' lang='lat' dir='ltr'><strong>instellipe:</strong></span> <span class='ocrx_word' id='word_1_533' title='bbox 1150 4783 1270 4825; x_wconf 86' lang='lat' dir='ltr'><strong>accuset.</strong></span> <span class='ocrx_word' id='word_1_534' title='bbox 1332 4778 1365 4825; x_wconf 75' lang='lat'><strong>2⁴</strong></span> <span class='ocrx_word' id='word_1_535' title='bbox 1393 4785 1501 4840; x_wconf 88' lang='lat' dir='ltr'><strong>praeter</strong></span> <span class='ocrx_word' id='word_1_536' title='bbox 1519 4770 1627 4840; x_wconf 90' lang='lat' dir='ltr'><strong>nomen]</strong></span> <span class='ocrx_word' id='word_1_537' title='bbox 1646 4776 1768 4842; x_wconf 66' lang='lat' dir='ltr'><strong>intellige:</strong></span> <span class='ocrx_word' id='word_1_538' title='bbox 1787 4785 1882 4826; x_wconf 86' lang='lat' dir='ltr'><strong>contra</strong></span> 
     </span>
     <span class='ocr_line' id='line_1_40' title="bbox 230 4859 1882 4934; baseline -0.002 -19"><span class='ocrx_word' id='word_1_539' title='bbox 230 4866 398 4917; x_wconf 82' lang='lat' dir='ltr'><strong>veluntatem</strong></span> <span class='ocrx_word' id='word_1_540' title='bbox 417 4868 542 4926; x_wconf 89' lang='lat' dir='ltr'><strong>nominis,</strong></span> <span class='ocrx_word' id='word_1_541' title='bbox 562 4868 634 4932; x_wconf 66' lang='lat' dir='ltr'><strong>(pared</strong></span> <span class='ocrx_word' id='word_1_542' title='bbox 654 4877 796 4934; x_wconf 86' lang='lat' dir='ltr'><strong>estsuper</strong></span> <span class='ocrx_word' id='word_1_543' title='bbox 815 4883 895 4917; x_wconf 89' lang='lat' dir='ltr'><strong>omne</strong></span> <span class='ocrx_word' id='word_1_544' title='bbox 915 4882 1022 4924; x_wconf 83' lang='lat' dir='ltr'><strong>riomen,</strong></span> <span class='ocrx_word' id='word_1_545' title='bbox 1041 4865 1092 4914; x_wconf 82' lang='lat' dir='ltr'><strong>scil.</strong></span> <span class='ocrx_word' id='word_1_546' title='bbox 1114 4865 1173 4915; x_wconf 69' lang='lat' dir='ltr'><strong>llei⁴</strong></span> <span class='ocrx_word' id='word_1_547' title='bbox 1233 4867 1266 4914; x_wconf 77' lang='lat'><strong>25</strong></span> <span class='ocrx_word' id='word_1_548' title='bbox 1285 4859 1406 4928; x_wconf 76' lang='lat' dir='ltr'><strong>servivit]</strong></span> <span class='ocrx_word' id='word_1_549' title='bbox 1425 4865 1546 4930; x_wconf 67' lang='lat' dir='ltr'><strong>intellige:</strong></span> <span class='ocrx_word' id='word_1_550' title='bbox 1565 4866 1709 4914; x_wconf 87' lang='lat' dir='ltr'><strong>serviendo</strong></span> <span class='ocrx_word' id='word_1_551' title='bbox 1730 4865 1882 4914; x_wconf 84' lang='lat' dir='ltr'><strong>bonoravit.</strong></span> 
     </span>
     <span class='ocr_line' id='line_1_41' title="bbox 185 4951 1882 5021; baseline -0.002 -16"><span class='ocrx_word' id='word_1_552' title='bbox 185 4973 214 5012; x_wconf 69' lang='grc' dir='ltr'><strong>ιο</strong></span> <span class='ocrx_word' id='word_1_553' title='bbox 230 4971 301 5020; x_wconf 85' lang='lat' dir='ltr'><strong>quae</strong></span> <span class='ocrx_word' id='word_1_554' title='bbox 319 4982 354 4989; x_wconf 90' lang='lat'>—</span> <span class='ocrx_word' id='word_1_555' title='bbox 372 4951 542 5021; x_wconf 84' lang='lat' dir='ltr'><strong>profanatur]</strong></span> <span class='ocrx_word' id='word_1_556' title='bbox 562 4956 682 5021; x_wconf 70' lang='lat' dir='ltr'><strong>intellige:</strong></span> <span class='ocrx_word' id='word_1_557' title='bbox 708 4973 749 5015; x_wconf 86' lang='lat' dir='ltr'><strong>ea,</strong></span> <span class='ocrx_word' id='word_1_558' title='bbox 776 4972 846 5020; x_wconf 87' lang='lat' dir='ltr'><strong>quae</strong></span> <span class='ocrx_word' id='word_1_559' title='bbox 873 4961 953 5005; x_wconf 85' lang='lat' dir='ltr'><strong>antea</strong></span> <span class='ocrx_word' id='word_1_560' title='bbox 978 4953 1113 5004; x_wconf 85' lang='lat' dir='ltr'><strong>idolorum</strong></span> <span class='ocrx_word' id='word_1_561' title='bbox 1140 4951 1289 5002; x_wconf 89' lang='lat' dir='ltr'><strong>cultoribus</strong></span> <span class='ocrx_word' id='word_1_562' title='bbox 1309 4954 1455 5018; x_wconf 87' lang='lat' dir='ltr'><strong>opprobrio</strong></span> <span class='ocrx_word' id='word_1_563' title='bbox 1475 4953 1616 5012; x_wconf 84' lang='lat' dir='ltr'><strong>dabantur,</strong></span> <span class='ocrx_word' id='word_1_564' title='bbox 1643 4954 1676 5003; x_wconf 86' lang='lat' dir='ltr'><strong>de</strong></span> <span class='ocrx_word' id='word_1_565' title='bbox 1696 4969 1767 5004; x_wconf 82' lang='lat' dir='ltr'><strong>neve</strong></span> <span class='ocrx_word' id='word_1_566' title='bbox 1788 4954 1882 5003; x_wconf 85' lang='lat' dir='ltr'><strong>obicit.</strong></span> 
     </span>
     <span class='ocr_line' id='line_1_42' title="bbox 231 5040 1882 5110; baseline -0.002 -15"><span class='ocrx_word' id='word_1_567' title='bbox 231 5048 263 5095; x_wconf 73' lang='lat'><strong>26</strong></span> <span class='ocrx_word' id='word_1_568' title='bbox 284 5053 310 5094; x_wconf 91' lang='lat' dir='ltr'><strong>et</strong></span> <span class='ocrx_word' id='word_1_569' title='bbox 329 5044 463 5096; x_wconf 89' lang='lat' dir='ltr'><strong>idolorum</strong></span> <span class='ocrx_word' id='word_1_570' title='bbox 480 5071 515 5078; x_wconf 93' lang='lat'>—</span> <span class='ocrx_word' id='word_1_571' title='bbox 532 5040 652 5108; x_wconf 85' lang='lat' dir='ltr'><strong>directis]</strong></span> <span class='ocrx_word' id='word_1_572' title='bbox 671 5045 795 5110; x_wconf 71' lang='lat' dir='ltr'><strong>intellige:</strong></span> <span class='ocrx_word' id='word_1_573' title='bbox 816 5052 842 5094; x_wconf 88' lang='lat' dir='ltr'><strong>ct</strong></span> <span class='ocrx_word' id='word_1_574' title='bbox 861 5044 998 5094; x_wconf 91' lang='lat' dir='ltr'><strong>idolorum</strong></span> <span class='ocrx_word' id='word_1_575' title='bbox 1016 5041 1149 5093; x_wconf 89' lang='lat' dir='ltr'><strong>culturam</strong></span> <span class='ocrx_word' id='word_1_576' title='bbox 1167 5041 1299 5092; x_wconf 86' lang='lat' dir='ltr'><strong>eeclesiae</strong></span> <span class='ocrx_word' id='word_1_577' title='bbox 1320 5049 1428 5092; x_wconf 88' lang='lat' dir='ltr'><strong>nostrae</strong></span> <span class='ocrx_word' id='word_1_578' title='bbox 1449 5043 1541 5100; x_wconf 79' lang='lat' dir='ltr'><strong>obicit,</strong></span> <span class='ocrx_word' id='word_1_579' title='bbox 1560 5049 1702 5107; x_wconf 78' lang='lat' dir='ltr'><strong>propterea</strong></span> <span class='ocrx_word' id='word_1_580' title='bbox 1721 5043 1794 5106; x_wconf 81' lang='lat' dir='ltr'><strong>qued</strong></span> <span class='ocrx_word' id='word_1_581' title='bbox 1815 5043 1882 5107; x_wconf 82' lang='lat' dir='ltr'><strong>ipsis</strong></span> 
     </span>
     <span class='ocr_line' id='line_1_43' title="bbox 230 5130 1882 5198; baseline -0.002 -15"><span class='ocrx_word' id='word_1_582' title='bbox 230 5132 431 5183; x_wconf 84' lang='lat' dir='ltr'><strong>venerabilibus</strong></span> <span class='ocrx_word' id='word_1_583' title='bbox 451 5135 614 5198; x_wconf 86' lang='lat' dir='ltr'><strong>imaginibus</strong></span> <span class='ocrx_word' id='word_1_584' title='bbox 634 5134 668 5184; x_wconf 87' lang='lat' dir='ltr'><strong>ad</strong></span> <span class='ocrx_word' id='word_1_585' title='bbox 688 5133 801 5184; x_wconf 85' lang='lat' dir='ltr'><strong>meliora</strong></span> <span class='ocrx_word' id='word_1_586' title='bbox 821 5134 980 5184; x_wconf 84' lang='lat' dir='ltr'><strong>deducimur</strong></span> <span class='ocrx_word' id='word_1_587' title='bbox 999 5134 1104 5181; x_wconf 88' lang='lat' dir='ltr'><strong>ratione</strong></span> <span class='ocrx_word' id='word_1_588' title='bbox 1118 5132 1234 5196; x_wconf 87' lang='lat' dir='ltr'><strong>quadam</strong></span> <span class='ocrx_word' id='word_1_589' title='bbox 1249 5131 1415 5181; x_wconf 82' lang='lat' dir='ltr'><strong>momtraudi</strong></span> <span class='ocrx_word' id='word_1_590' title='bbox 1430 5133 1500 5180; x_wconf 87' lang='lat' dir='ltr'><strong>viam</strong></span> <span class='ocrx_word' id='word_1_591' title='bbox 1515 5131 1635 5181; x_wconf 87' lang='lat' dir='ltr'><strong>divinam</strong></span> <span class='ocrx_word' id='word_1_592' title='bbox 1649 5137 1675 5180; x_wconf 85' lang='lat' dir='ltr'><strong>et</strong></span> <span class='ocrx_word' id='word_1_593' title='bbox 1687 5130 1882 5180; x_wconf 87' lang='lat' dir='ltr'><strong>admirabilem.</strong></span> 
     </span>
     <span class='ocr_line' id='line_1_44' title="bbox 231 5217 1881 5287; baseline -0.001 -15"><span class='ocrx_word' id='word_1_594' title='bbox 231 5224 263 5273; x_wconf 76' lang='grc'><strong>27</strong></span> <span class='ocrx_word' id='word_1_595' title='bbox 284 5218 478 5286; x_wconf 83' lang='lat' dir='ltr'><strong>existimemus]</strong></span> <span class='ocrx_word' id='word_1_596' title='bbox 497 5223 548 5272; x_wconf 84' lang='lat' dir='ltr'><strong>scil.</strong></span> <span class='ocrx_word' id='word_1_597' title='bbox 569 5239 637 5284; x_wconf 88' lang='lat' dir='ltr'><strong>eum,</strong></span> <span class='ocrx_word' id='word_1_598' title='bbox 661 5224 706 5286; x_wconf 90' lang='lat' dir='ltr'><strong>qui</strong></span> <span class='ocrx_word' id='word_1_599' title='bbox 725 5222 792 5272; x_wconf 87' lang='lat' dir='ltr'><strong>talia</strong></span> <span class='ocrx_word' id='word_1_600' title='bbox 811 5223 922 5287; x_wconf 79' lang='lat' dir='ltr'><strong>proten,</strong></span> <span class='ocrx_word' id='word_1_601' title='bbox 949 5237 1009 5270; x_wconf 90' lang='lat' dir='ltr'><strong>eum</strong></span> <span class='ocrx_word' id='word_1_602' title='bbox 1036 5223 1072 5270; x_wconf 88' lang='lat' dir='ltr'><strong>sit</strong></span> <span class='ocrx_word' id='word_1_603' title='bbox 1093 5221 1206 5270; x_wconf 87' lang='lat' dir='ltr'><strong>ludaico</strong></span> <span class='ocrx_word' id='word_1_604' title='bbox 1234 5237 1307 5270; x_wconf 87' lang='lat' dir='ltr'><strong>more</strong></span> <span class='ocrx_word' id='word_1_605' title='bbox 1334 5218 1482 5270; x_wconf 86' lang='lat' dir='ltr'><strong>inclinatus</strong></span> <span class='ocrx_word' id='word_1_606' title='bbox 1507 5219 1541 5270; x_wconf 85' lang='lat' dir='ltr'><strong>ad</strong></span> <span class='ocrx_word' id='word_1_607' title='bbox 1568 5218 1731 5270; x_wconf 84' lang='lat' dir='ltr'><strong>calumniam</strong></span> <span class='ocrx_word' id='word_1_608' title='bbox 1757 5217 1881 5276; x_wconf 85' lang='lat' dir='ltr'><strong>(iudaice</strong></span> 
     </span>
     <span class='ocr_line' id='line_1_45' title="bbox 230 5303 1881 5375; baseline -0.001 -15"><span class='ocrx_word' id='word_1_609' title='bbox 230 5319 318 5362; x_wconf 87' lang='lat' dir='ltr'><strong>motus</strong></span> <span class='ocrx_word' id='word_1_610' title='bbox 344 5312 378 5361; x_wconf 86' lang='lat' dir='ltr'><strong>ad</strong></span> <span class='ocrx_word' id='word_1_611' title='bbox 405 5310 645 5372; x_wconf 84' lang='lat' dir='ltr'><strong>calumniandum).</strong></span> <span class='ocrx_word' id='word_1_612' title='bbox 719 5313 753 5361; x_wconf 80' lang='lat'><strong>28</strong></span> <span class='ocrx_word' id='word_1_613' title='bbox 780 5319 806 5362; x_wconf 88' lang='lat' dir='ltr'><strong>et</strong></span> <span class='ocrx_word' id='word_1_614' title='bbox 826 5312 882 5362; x_wconf 86' lang='lat' dir='ltr'><strong>acsi</strong></span> <span class='ocrx_word' id='word_1_615' title='bbox 901 5337 937 5345; x_wconf 93' lang='lat'><em>-</em></span> <span class='ocrx_word' id='word_1_616' title='bbox 956 5303 1110 5374; x_wconf 89' lang='lat' dir='ltr'><strong>eicientem]</strong></span> <span class='ocrx_word' id='word_1_617' title='bbox 1136 5308 1260 5374; x_wconf 73' lang='lat' dir='ltr'><strong>intellige:</strong></span> <span class='ocrx_word' id='word_1_618' title='bbox 1280 5317 1306 5359; x_wconf 91' lang='lat' dir='ltr'><strong>et</strong></span> <span class='ocrx_word' id='word_1_619' title='bbox 1326 5311 1402 5373; x_wconf 86' lang='lat' dir='ltr'><strong>quasi</strong></span> <span class='ocrx_word' id='word_1_620' title='bbox 1429 5325 1477 5375; x_wconf 84' lang='lat' dir='ltr'><strong>per</strong></span> <span class='ocrx_word' id='word_1_621' title='bbox 1502 5307 1646 5359; x_wconf 79' lang='lat' dir='ltr'><strong>fundibula</strong></span> <span class='ocrx_word' id='word_1_622' title='bbox 1666 5307 1760 5373; x_wconf 88' lang='lat' dir='ltr'><strong>procul</strong></span> <span class='ocrx_word' id='word_1_623' title='bbox 1781 5310 1881 5359; x_wconf 88' lang='lat' dir='ltr'><strong>eicien-</strong></span> 
     </span>
     <span class='ocr_line' id='line_1_46' title="bbox 184 5394 1881 5465; baseline 0 -17"><span class='ocrx_word' id='word_1_624' title='bbox 184 5415 212 5454; x_wconf 69' lang='grc' dir='ltr'>ω</span> <span class='ocrx_word' id='word_1_625' title='bbox 230 5399 302 5450; x_wconf 76' lang='lat' dir='ltr'><strong>daim.</strong></span> <span class='ocrx_word' id='word_1_626' title='bbox 373 5403 407 5450; x_wconf 79' lang='lat'><strong>29</strong></span> <span class='ocrx_word' id='word_1_627' title='bbox 426 5416 505 5465; x_wconf 88' lang='lat' dir='ltr'><strong>quam</strong></span> <span class='ocrx_word' id='word_1_628' title='bbox 525 5401 671 5465; x_wconf 87' lang='lat' dir='ltr'><strong>deputatus</strong></span> <span class='ocrx_word' id='word_1_629' title='bbox 692 5394 744 5464; x_wconf 88' lang='lat' dir='ltr'><strong>eat]</strong></span> <span class='ocrx_word' id='word_1_630' title='bbox 768 5399 942 5464; x_wconf 75' lang='lat' dir='ltr'><strong>coniungenda</strong></span> <span class='ocrx_word' id='word_1_631' title='bbox 959 5407 1019 5448; x_wconf 75' lang='lat' dir='ltr'><strong>nant</strong></span> <span class='ocrx_word' id='word_1_632' title='bbox 1037 5417 1093 5448; x_wconf 83' lang='lat' dir='ltr'><strong>cum</strong></span> <span class='ocrx_word' id='word_1_633' title='bbox 1112 5399 1300 5449; x_wconf 86' lang='lat' dir='ltr'><strong>adorationem</strong></span> <span class='ocrx_word' id='word_1_634' title='bbox 1325 5407 1350 5448; x_wconf 83' lang='lat' dir='ltr'><strong>et</strong></span> <span class='ocrx_word' id='word_1_635' title='bbox 1374 5397 1550 5464; x_wconf 53' lang='lat' dir='ltr'><strong>inungendo:</strong></span> <span class='ocrx_word' id='word_1_636' title='bbox 1576 5398 1609 5447; x_wconf 88' lang='lat' dir='ltr'><strong>ad</strong></span> <span class='ocrx_word' id='word_1_637' title='bbox 1629 5413 1709 5462; x_wconf 90' lang='lat' dir='ltr'><strong>quam</strong></span> <span class='ocrx_word' id='word_1_638' title='bbox 1729 5397 1881 5448; x_wconf 82' lang='lat' dir='ltr'><strong>taciendam</strong></span> 
     </span>
     <span class='ocr_line' id='line_1_47' title="bbox 230 5485 1078 5554; baseline -0.004 -14"><span class='ocrx_word' id='word_1_639' title='bbox 230 5488 346 5554; x_wconf 90' lang='lat' dir='ltr'><strong>populus</strong></span> <span class='ocrx_word' id='word_1_640' title='bbox 365 5488 554 5540; x_wconf 84' lang='lat' dir='ltr'><strong>Israheliticus</strong></span> <span class='ocrx_word' id='word_1_641' title='bbox 574 5497 687 5538; x_wconf 88' lang='lat' dir='ltr'><strong>vocatus</strong></span> <span class='ocrx_word' id='word_1_642' title='bbox 707 5495 755 5539; x_wconf 90' lang='lat' dir='ltr'><strong>est.</strong></span> <span class='ocrx_word' id='word_1_643' title='bbox 829 5491 863 5538; x_wconf 84' lang='lat'><strong>33</strong></span> <span class='ocrx_word' id='word_1_644' title='bbox 883 5486 1027 5538; x_wconf 87' lang='lat' dir='ltr'><strong>lamminae</strong></span> <span class='ocrx_word' id='word_1_645' title='bbox 1048 5485 1078 5537; x_wconf 87' lang='lat' dir='ltr'><strong>P.</strong></span> 
     </span>
    </p>
   </div>
   <div class='ocr_carea' id='block_1_6' title="bbox 231 5738 1880 5918">
    <p class='ocr_par' dir='ltr' id='par_1_6' title="bbox 231 5738 1880 5918">
     <span class='ocr_line' id='line_1_48' title="bbox 341 5738 1880 5817; baseline -0.001 -20"><span class='ocrx_word' id='word_1_646' title='bbox 341 5743 368 5810; x_wconf 89' lang='lat' dir='ltr'><strong>l)</strong></span> <span class='ocrx_word' id='word_1_647' title='bbox 393 5743 424 5798; x_wconf 88' lang='lat' dir='ltr'><strong>V.</strong></span> <span class='ocrx_word' id='word_1_648' title='bbox 449 5743 532 5813; x_wconf 79' lang='lat' dir='ltr'><strong>infra</strong></span> <span class='ocrx_word' id='word_1_649' title='bbox 551 5763 584 5817; x_wconf 87' lang='lat' dir='ltr'><strong>p.</strong></span> <span class='ocrx_word' id='word_1_650' title='bbox 602 5745 659 5801; x_wconf 80' lang='lat'><strong>511</strong></span> <span class='ocrx_word' id='word_1_651' title='bbox 684 5743 702 5797; x_wconf 90' lang='lat' dir='ltr'><strong>l.</strong></span> <span class='ocrx_word' id='word_1_652' title='bbox 720 5745 793 5816; x_wconf 65' lang='lat' dir='ltr'><strong>qu.</strong></span> <span class='ocrx_word' id='word_1_653' title='bbox 908 5740 937 5810; x_wconf 78' lang='lat'><strong>2)</strong></span> <span class='ocrx_word' id='word_1_654' title='bbox 971 5741 1019 5812; x_wconf 76' lang='lat' dir='ltr'><strong>Cf.</strong></span> <span class='ocrx_word' id='word_1_655' title='bbox 1044 5740 1128 5812; x_wconf 82' lang='lat' dir='ltr'><strong>infra</strong></span> <span class='ocrx_word' id='word_1_656' title='bbox 1146 5761 1178 5815; x_wconf 83' lang='lat' dir='ltr'><strong>p.</strong></span> <span class='ocrx_word' id='word_1_657' title='bbox 1197 5744 1258 5799; x_wconf 83' lang='lat'><strong>510</strong></span> <span class='ocrx_word' id='word_1_658' title='bbox 1281 5741 1299 5796; x_wconf 88' lang='lat' dir='ltr'><strong>l.</strong></span> <span class='ocrx_word' id='word_1_659' title='bbox 1317 5743 1357 5798; x_wconf 84' lang='lat'><strong>30</strong></span> <span class='ocrx_word' id='word_1_660' title='bbox 1371 5759 1413 5815; x_wconf 78' lang='lat' dir='ltr'><strong>sq.</strong></span> <span class='ocrx_word' id='word_1_661' title='bbox 1535 5739 1565 5809; x_wconf 83' lang='lat'><strong>3)</strong></span> <span class='ocrx_word' id='word_1_662' title='bbox 1599 5738 1699 5797; x_wconf 80' lang='lat' dir='ltr'><strong>Manri</strong></span> <span class='ocrx_word' id='word_1_663' title='bbox 1721 5739 1807 5810; x_wconf 77' lang='lat' dir='ltr'><strong>XIII,</strong></span> <span class='ocrx_word' id='word_1_664' title='bbox 1832 5743 1880 5799; x_wconf 89' lang='lat'><strong>95.</strong></span> 
     </span>
     <span class='ocr_line' id='line_1_49' title="bbox 231 5846 1268 5918; baseline 0.001 -15"><span class='ocrx_word' id='word_1_665' title='bbox 231 5850 261 5908; x_wconf 81' lang='grc'><strong>4)</strong></span> <span class='ocrx_word' id='word_1_666' title='bbox 286 5847 402 5906; x_wconf 83' lang='lat' dir='ltr'><strong>Ibidem.</strong></span> <span class='ocrx_word' id='word_1_667' title='bbox 473 5849 503 5908; x_wconf 75' lang='lat' dir='ltr'><strong>el</strong></span> <span class='ocrx_word' id='word_1_668' title='bbox 527 5848 602 5905; x_wconf 79' lang='lat' dir='ltr'><strong>Iln&#39;cl.</strong></span> <span class='ocrx_word' id='word_1_669' title='bbox 628 5847 716 5918; x_wconf 76' lang='lat' dir='ltr'><strong>XIII,</strong></span> <span class='ocrx_word' id='word_1_670' title='bbox 734 5852 783 5908; x_wconf 82' lang='lat'><strong>97.</strong></span> <span class='ocrx_word' id='word_1_671' title='bbox 853 5849 883 5916; x_wconf 83' lang='lat'><strong>6)</strong></span> <span class='ocrx_word' id='word_1_672' title='bbox 908 5847 1026 5904; x_wconf 80' lang='lat' dir='ltr'><strong>Ibidem.</strong></span> <span class='ocrx_word' id='word_1_673' title='bbox 1096 5848 1127 5918; x_wconf 79' lang='lat' dir='ltr'><strong>l)</strong></span> <span class='ocrx_word' id='word_1_674' title='bbox 1151 5846 1268 5904; x_wconf 81' lang='lat' dir='ltr'><strong>[bidem.</strong></span> 
     </span>
    </p>
   </div>
   <div class='ocr_carea' id='block_1_7' title="bbox 0 0 2446 6709">
    <p class='ocr_par' dir='ltr' id='par_1_7' title="bbox 0 0 2446 6709">
     <span class='ocr_line' id='line_1_50' title="bbox 0 0 2446 6709; baseline 0 0"><span class='ocrx_word' id='word_1_675' title='bbox 0 0 2446 6709; x_wconf 95' lang='lat' dir='ltr'><strong> </strong></span> 
     </span>
    </p>
   </div>
  </div>
 </body>
</html>
